{"symbol": "MPC", "annualReports": [{"fiscalDateEnding": "2024-12-31", "reportedCurrency": "USD", "grossProfit": "14172000000", "totalRevenue": "140412000000", "costOfRevenue": "126240000000", "costofGoodsAndServicesSold": "126240000000", "operatingIncome": "6796000000", "sellingGeneralAndAdministrative": "3221000000", "researchAndDevelopment": "None", "operatingExpenses": "7376000000", "investmentIncomeNet": "None", "netInterestIncome": "-839000000", "interestIncome": "505000000", "interestExpense": "1308000000", "nonInterestIncome": "None", "otherNonOperatingIncome": "None", "depreciation": "None", "depreciationAndAmortization": "3337000000", "incomeBeforeTax": "5957000000", "incomeTaxExpense": "890000000", "interestAndDebtExpense": "None", "netIncomeFromContinuingOperations": "5067000000", "comprehensiveIncomeNetOfTax": "None", "ebit": "5730999163", "ebitda": "9067999163", "netIncome": "3445000000"}, {"fiscalDateEnding": "2023-12-31", "reportedCurrency": "USD", "grossProfit": "20782000000", "totalRevenue": "149348000000", "costOfRevenue": "128566000000", "costofGoodsAndServicesSold": "128566000000", "operatingIncome": "14514000000", "sellingGeneralAndAdministrative": "3039000000", "researchAndDevelopment": "None", "operatingExpenses": "7227000000", "investmentIncomeNet": "None", "netInterestIncome": "-663000000", "interestIncome": "520000000", "interestExpense": "1277000000", "nonInterestIncome": "None", "otherNonOperatingIncome": "None", "depreciation": "None", "depreciationAndAmortization": "3307000000", "incomeBeforeTax": "13989000000", "incomeTaxExpense": "2817000000", "interestAndDebtExpense": "None", "netIncomeFromContinuingOperations": "12864000000", "comprehensiveIncomeNetOfTax": "None", "ebit": "15339000000", "ebitda": "18646000000", "netIncome": "9681000000"}, {"fiscalDateEnding": "2022-12-31", "reportedCurrency": "USD", "grossProfit": "26565000000", "totalRevenue": "178236000000", "costOfRevenue": "151671000000", "costofGoodsAndServicesSold": "151671000000", "operatingIncome": "19750000000", "sellingGeneralAndAdministrative": "2772000000", "researchAndDevelopment": "None", "operatingExpenses": "5092000000", "investmentIncomeNet": "None", "netInterestIncome": "-1000000000", "interestIncome": "1004000000", "interestExpense": "1216000000", "nonInterestIncome": "None", "otherNonOperatingIncome": "None", "depreciation": "None", "depreciationAndAmortization": "3215000000", "incomeBeforeTax": "20469000000", "incomeTaxExpense": "4491000000", "interestAndDebtExpense": "None", "netIncomeFromContinuingOperations": "15978000000", "comprehensiveIncomeNetOfTax": "None", "ebit": "19750000000", "ebitda": "22965000000", "netIncome": "14516000000"}, {"fiscalDateEnding": "2021-12-31", "reportedCurrency": "USD", "grossProfit": "10443000000", "totalRevenue": "120451000000", "costOfRevenue": "110008000000", "costofGoodsAndServicesSold": "110008000000", "operatingIncome": "3757000000", "sellingGeneralAndAdministrative": "2537000000", "researchAndDevelopment": "None", "operatingExpenses": "6373000000", "investmentIncomeNet": "None", "netInterestIncome": "-1483000000", "interestIncome": "1483000000", "interestExpense": "1300000000", "nonInterestIncome": "None", "otherNonOperatingIncome": "None", "depreciation": "None", "depreciationAndAmortization": "3308000000", "incomeBeforeTax": "2817000000", "incomeTaxExpense": "264000000", "interestAndDebtExpense": "None", "netIncomeFromContinuingOperations": "2553000000", "comprehensiveIncomeNetOfTax": "None", "ebit": "4117000000", "ebitda": "7425000000", "netIncome": "1288000000"}, {"fiscalDateEnding": "2020-12-31", "reportedCurrency": "USD", "grossProfit": "4163000000", "totalRevenue": "69896000000", "costOfRevenue": "65733000000", "costofGoodsAndServicesSold": "65733000000", "operatingIncome": "-2600000000", "sellingGeneralAndAdministrative": "2710000000", "researchAndDevelopment": "None", "operatingExpenses": "16451000000", "investmentIncomeNet": "None", "netInterestIncome": "-1365000000", "interestIncome": "1365000000", "interestExpense": "1372000000", "nonInterestIncome": "None", "otherNonOperatingIncome": "None", "depreciation": "None", "depreciationAndAmortization": "3375000000", "incomeBeforeTax": "-13612000000", "incomeTaxExpense": "2430000000", "interestAndDebtExpense": "None", "netIncomeFromContinuingOperations": "-11182000000", "comprehensiveIncomeNetOfTax": "None", "ebit": "-12279000000", "ebitda": "-8904000000", "netIncome": "-11032000000"}, {"fiscalDateEnding": "2019-12-31", "reportedCurrency": "USD", "grossProfit": "12047000000", "totalRevenue": "111275000000", "costOfRevenue": "99228000000", "costofGoodsAndServicesSold": "99228000000", "operatingIncome": "5065000000", "sellingGeneralAndAdministrative": "3408000000", "researchAndDevelopment": "None", "operatingExpenses": "7623000000", "investmentIncomeNet": "None", "netInterestIncome": "-1244000000", "interestIncome": "40000000", "interestExpense": "1265000000", "nonInterestIncome": "None", "otherNonOperatingIncome": "None", "depreciation": "None", "depreciationAndAmortization": "3225000000", "incomeBeforeTax": "3233000000", "incomeTaxExpense": "784000000", "interestAndDebtExpense": "None", "netIncomeFromContinuingOperations": "3255000000", "comprehensiveIncomeNetOfTax": "None", "ebit": "5065000000", "ebitda": "8290000000", "netIncome": "1830000000"}, {"fiscalDateEnding": "2018-12-31", "reportedCurrency": "USD", "grossProfit": "9237000000", "totalRevenue": "86284000000", "costOfRevenue": "77047000000", "costofGoodsAndServicesSold": "77047000000", "operatingIncome": "4576000000", "sellingGeneralAndAdministrative": "2418000000", "researchAndDevelopment": "0", "operatingExpenses": "4682000000", "investmentIncomeNet": "None", "netInterestIncome": "-886000000", "interestIncome": "87000000", "interestExpense": "973000000", "nonInterestIncome": "None", "otherNonOperatingIncome": "None", "depreciation": "None", "depreciationAndAmortization": "2490000000", "incomeBeforeTax": "3697000000", "incomeTaxExpense": "764000000", "interestAndDebtExpense": "None", "netIncomeFromContinuingOperations": "3606000000", "comprehensiveIncomeNetOfTax": "None", "ebit": "5541000000", "ebitda": "8031000000", "netIncome": "2106000000"}, {"fiscalDateEnding": "2017-12-31", "reportedCurrency": "USD", "grossProfit": "7964000000", "totalRevenue": "75053000000", "costOfRevenue": "67089000000", "costofGoodsAndServicesSold": "67089000000", "operatingIncome": "3653000000", "sellingGeneralAndAdministrative": "1743000000", "researchAndDevelopment": "0", "operatingExpenses": "4022000000", "investmentIncomeNet": "None", "netInterestIncome": "-625000000", "interestIncome": "27000000", "interestExpense": "652000000", "nonInterestIncome": "None", "otherNonOperatingIncome": "None", "depreciation": "None", "depreciationAndAmortization": "2114000000", "incomeBeforeTax": "3344000000", "incomeTaxExpense": "460000000", "interestAndDebtExpense": "None", "netIncomeFromContinuingOperations": "3804000000", "comprehensiveIncomeNetOfTax": "None", "ebit": "3653000000", "ebitda": "5767000000", "netIncome": "3432000000"}, {"fiscalDateEnding": "2016-12-31", "reportedCurrency": "USD", "grossProfit": "6702000000", "totalRevenue": "63517000000", "costOfRevenue": "56815000000", "costofGoodsAndServicesSold": "56815000000", "operatingIncome": "2661000000", "sellingGeneralAndAdministrative": "1605000000", "researchAndDevelopment": "0", "operatingExpenses": "4348000000", "investmentIncomeNet": "None", "netInterestIncome": "-556000000", "interestIncome": "6000000", "interestExpense": "562000000", "nonInterestIncome": "None", "otherNonOperatingIncome": "None", "depreciation": "None", "depreciationAndAmortization": "2001000000", "incomeBeforeTax": "1822000000", "incomeTaxExpense": "609000000", "interestAndDebtExpense": "None", "netIncomeFromContinuingOperations": "1213000000", "comprehensiveIncomeNetOfTax": "None", "ebit": "2661000000", "ebitda": "4662000000", "netIncome": "1174000000"}, {"fiscalDateEnding": "2015-12-31", "reportedCurrency": "USD", "grossProfit": "8210000000", "totalRevenue": "64471000000", "costOfRevenue": "56261000000", "costofGoodsAndServicesSold": "56261000000", "operatingIncome": "4771000000", "sellingGeneralAndAdministrative": "1576000000", "researchAndDevelopment": "0", "operatingExpenses": "3554000000", "investmentIncomeNet": "None", "netInterestIncome": "None", "interestIncome": "288000000", "interestExpense": "319000000", "nonInterestIncome": "None", "otherNonOperatingIncome": "None", "depreciation": "None", "depreciationAndAmortization": "1502000000", "incomeBeforeTax": "4374000000", "incomeTaxExpense": "1506000000", "interestAndDebtExpense": "None", "netIncomeFromContinuingOperations": "2868000000", "comprehensiveIncomeNetOfTax": "None", "ebit": "4771000000", "ebitda": "6273000000", "netIncome": "2852000000"}, {"fiscalDateEnding": "2014-12-31", "reportedCurrency": "USD", "grossProfit": "6979000000", "totalRevenue": "91254000000", "costOfRevenue": "84275000000", "costofGoodsAndServicesSold": "84275000000", "operatingIncome": "3902000000", "sellingGeneralAndAdministrative": "1375000000", "researchAndDevelopment": "0", "operatingExpenses": "2949000000", "investmentIncomeNet": "None", "netInterestIncome": "None", "interestIncome": "None", "interestExpense": "223000000", "nonInterestIncome": "None", "otherNonOperatingIncome": "None", "depreciation": "None", "depreciationAndAmortization": "1326000000", "incomeBeforeTax": "3835000000", "incomeTaxExpense": "1280000000", "interestAndDebtExpense": "None", "netIncomeFromContinuingOperations": "2555000000", "comprehensiveIncomeNetOfTax": "None", "ebit": "3902000000", "ebitda": "5228000000", "netIncome": "2524000000"}, {"fiscalDateEnding": "2013-12-31", "reportedCurrency": "USD", "grossProfit": "6191000000", "totalRevenue": "93949000000", "costOfRevenue": "87758000000", "costofGoodsAndServicesSold": "87758000000", "operatingIncome": "3391000000", "sellingGeneralAndAdministrative": "1248000000", "researchAndDevelopment": "0", "operatingExpenses": "2787000000", "investmentIncomeNet": "None", "netInterestIncome": "None", "interestIncome": "None", "interestExpense": "188000000", "nonInterestIncome": "None", "otherNonOperatingIncome": "-179000000", "depreciation": "None", "depreciationAndAmortization": "1212000000", "incomeBeforeTax": "3246000000", "incomeTaxExpense": "1113000000", "interestAndDebtExpense": "None", "netIncomeFromContinuingOperations": "2133000000", "comprehensiveIncomeNetOfTax": "None", "ebit": "3391000000", "ebitda": "4603000000", "netIncome": "2112000000"}, {"fiscalDateEnding": "2012-12-31", "reportedCurrency": "USD", "grossProfit": "7620000000", "totalRevenue": "76568000000", "costOfRevenue": "68948000000", "costofGoodsAndServicesSold": "68948000000", "operatingIncome": "5132000000", "sellingGeneralAndAdministrative": "1223000000", "researchAndDevelopment": "0", "operatingExpenses": "2310000000", "investmentIncomeNet": "None", "netInterestIncome": "None", "interestIncome": "None", "interestExpense": "115000000", "nonInterestIncome": "None", "otherNonOperatingIncome": "-110000000", "depreciation": "None", "depreciationAndAmortization": "995000000", "incomeBeforeTax": "5238000000", "incomeTaxExpense": "1845000000", "interestAndDebtExpense": "None", "netIncomeFromContinuingOperations": "3393000000", "comprehensiveIncomeNetOfTax": "None", "ebit": "5353000000", "ebitda": "6348000000", "netIncome": "3389000000"}, {"fiscalDateEnding": "2011-12-31", "reportedCurrency": "USD", "grossProfit": "5931000000", "totalRevenue": "78709000000", "costOfRevenue": "72778000000", "costofGoodsAndServicesSold": "72778000000", "operatingIncome": "3745000000", "sellingGeneralAndAdministrative": "1106000000", "researchAndDevelopment": "0", "operatingExpenses": "2236000000", "investmentIncomeNet": "None", "netInterestIncome": "None", "interestIncome": "None", "interestExpense": "61000000", "nonInterestIncome": "None", "otherNonOperatingIncome": "1000000", "depreciation": "None", "depreciationAndAmortization": "891000000", "incomeBeforeTax": "3719000000", "incomeTaxExpense": "1330000000", "interestAndDebtExpense": "None", "netIncomeFromContinuingOperations": "2389000000", "comprehensiveIncomeNetOfTax": "None", "ebit": "3795000000", "ebitda": "4686000000", "netIncome": "2389000000"}, {"fiscalDateEnding": "2010-12-31", "reportedCurrency": "USD", "grossProfit": "8327000000", "totalRevenue": "62605000000", "costOfRevenue": "54278000000", "costofGoodsAndServicesSold": "54278000000", "operatingIncome": "1011000000", "sellingGeneralAndAdministrative": "920000000", "researchAndDevelopment": "None", "operatingExpenses": "2108000000", "investmentIncomeNet": "None", "netInterestIncome": "None", "interestIncome": "None", "interestExpense": "7000000", "nonInterestIncome": "None", "otherNonOperatingIncome": "None", "depreciation": "None", "depreciationAndAmortization": "941000000", "incomeBeforeTax": "1023000000", "incomeTaxExpense": "400000000", "interestAndDebtExpense": "None", "netIncomeFromContinuingOperations": "None", "comprehensiveIncomeNetOfTax": "None", "ebit": "1030000000", "ebitda": "1971000000", "netIncome": "623000000"}, {"fiscalDateEnding": "2009-12-31", "reportedCurrency": "USD", "grossProfit": "7319000000", "totalRevenue": "45639000000", "costOfRevenue": "38320000000", "costofGoodsAndServicesSold": "38320000000", "operatingIncome": "654000000", "sellingGeneralAndAdministrative": "842000000", "researchAndDevelopment": "None", "operatingExpenses": "1741000000", "investmentIncomeNet": "None", "netInterestIncome": "None", "interestIncome": "None", "interestExpense": "8000000", "nonInterestIncome": "None", "otherNonOperatingIncome": "None", "depreciation": "None", "depreciationAndAmortization": "670000000", "incomeBeforeTax": "685000000", "incomeTaxExpense": "236000000", "interestAndDebtExpense": "None", "netIncomeFromContinuingOperations": "None", "comprehensiveIncomeNetOfTax": "None", "ebit": "693000000", "ebitda": "1363000000", "netIncome": "449000000"}, {"fiscalDateEnding": "2008-12-31", "reportedCurrency": "USD", "grossProfit": "8731000000", "totalRevenue": "65258000000", "costOfRevenue": "56527000000", "costofGoodsAndServicesSold": "56527000000", "operatingIncome": "1855000000", "sellingGeneralAndAdministrative": "None", "researchAndDevelopment": "None", "operatingExpenses": "1811000000", "investmentIncomeNet": "None", "netInterestIncome": "None", "interestIncome": "None", "interestExpense": "8000000", "nonInterestIncome": "None", "otherNonOperatingIncome": "None", "depreciation": "None", "depreciationAndAmortization": "606000000", "incomeBeforeTax": "1885000000", "incomeTaxExpense": "670000000", "interestAndDebtExpense": "None", "netIncomeFromContinuingOperations": "None", "comprehensiveIncomeNetOfTax": "None", "ebit": "1893000000", "ebitda": "2499000000", "netIncome": "1215000000"}], "quarterlyReports": [{"fiscalDateEnding": "2024-12-31", "reportedCurrency": "USD", "grossProfit": "2908000000", "totalRevenue": "33466000000", "costOfRevenue": "30558000000", "costofGoodsAndServicesSold": "30558000000", "operatingIncome": "1141000000", "sellingGeneralAndAdministrative": "804000000", "researchAndDevelopment": "None", "operatingExpenses": "1767000000", "investmentIncomeNet": "None", "netInterestIncome": "-245000000", "interestIncome": "197000000", "interestExpense": "344000000", "nonInterestIncome": "None", "otherNonOperatingIncome": "None", "depreciation": "None", "depreciationAndAmortization": "846000000", "incomeBeforeTax": "896000000", "incomeTaxExpense": "111000000", "interestAndDebtExpense": "None", "netIncomeFromContinuingOperations": "785000000", "comprehensiveIncomeNetOfTax": "None", "ebit": "876000000", "ebitda": "1722000000", "netIncome": "371000000"}, {"fiscalDateEnding": "2024-09-30", "reportedCurrency": "USD", "grossProfit": "3229000000", "totalRevenue": "35373000000", "costOfRevenue": "32144000000", "costofGoodsAndServicesSold": "32144000000", "operatingIncome": "1349000000", "sellingGeneralAndAdministrative": "807000000", "researchAndDevelopment": "None", "operatingExpenses": "1880000000", "investmentIncomeNet": "None", "netInterestIncome": "-229000000", "interestIncome": "102000000", "interestExpense": "337000000", "nonInterestIncome": "None", "otherNonOperatingIncome": "None", "depreciation": "None", "depreciationAndAmortization": "846000000", "incomeBeforeTax": "1128000000", "incomeTaxExpense": "113000000", "interestAndDebtExpense": "None", "netIncomeFromContinuingOperations": "1015000000", "comprehensiveIncomeNetOfTax": "None", "ebit": "1479000000", "ebitda": "2325000000", "netIncome": "622000000"}, {"fiscalDateEnding": "2024-06-30", "reportedCurrency": "USD", "grossProfit": "2930000000", "totalRevenue": "37759000000", "costOfRevenue": "34829000000", "costofGoodsAndServicesSold": "34829000000", "operatingIncome": "2107000000", "sellingGeneralAndAdministrative": "812000000", "researchAndDevelopment": "None", "operatingExpenses": "823000000", "investmentIncomeNet": "None", "netInterestIncome": "-205000000", "interestIncome": "136000000", "interestExpense": "328000000", "nonInterestIncome": "None", "otherNonOperatingIncome": "None", "depreciation": "None", "depreciationAndAmortization": "838000000", "incomeBeforeTax": "2328000000", "incomeTaxExpense": "373000000", "interestAndDebtExpense": "None", "netIncomeFromContinuingOperations": "1955000000", "comprehensiveIncomeNetOfTax": "None", "ebit": "2161000000", "ebitda": "2999000000", "netIncome": "1515000000"}, {"fiscalDateEnding": "2024-03-31", "reportedCurrency": "USD", "grossProfit": "2286000000", "totalRevenue": "32706000000", "costOfRevenue": "30420000000", "costofGoodsAndServicesSold": "30420000000", "operatingIncome": "1784000000", "sellingGeneralAndAdministrative": "768000000", "researchAndDevelopment": "None", "operatingExpenses": "1007000000", "investmentIncomeNet": "None", "netInterestIncome": "-179000000", "interestIncome": "101000000", "interestExpense": "329000000", "nonInterestIncome": "None", "otherNonOperatingIncome": "None", "depreciation": "None", "depreciationAndAmortization": "827000000", "incomeBeforeTax": "1605000000", "incomeTaxExpense": "293000000", "interestAndDebtExpense": "None", "netIncomeFromContinuingOperations": "1312000000", "comprehensiveIncomeNetOfTax": "None", "ebit": "1571000000", "ebitda": "2398000000", "netIncome": "937000000"}, {"fiscalDateEnding": "2023-12-31", "reportedCurrency": "USD", "grossProfit": "3000000000", "totalRevenue": "36334000000", "costOfRevenue": "33334000000", "costofGoodsAndServicesSold": "33334000000", "operatingIncome": "2180000000", "sellingGeneralAndAdministrative": "888000000", "researchAndDevelopment": "None", "operatingExpenses": "820000000", "investmentIncomeNet": "None", "netInterestIncome": "-43000000", "interestIncome": "291000000", "interestExpense": "336000000", "nonInterestIncome": "None", "otherNonOperatingIncome": "None", "depreciation": "None", "depreciationAndAmortization": "828000000", "incomeBeforeTax": "2284000000", "incomeTaxExpense": "407000000", "interestAndDebtExpense": "None", "netIncomeFromContinuingOperations": "1877000000", "comprehensiveIncomeNetOfTax": "None", "ebit": "2130000000", "ebitda": "2958000000", "netIncome": "1451000000"}, {"fiscalDateEnding": "2023-09-30", "reportedCurrency": "USD", "grossProfit": "5096000000", "totalRevenue": "41032000000", "costOfRevenue": "35936000000", "costofGoodsAndServicesSold": "35936000000", "operatingIncome": "4272000000", "sellingGeneralAndAdministrative": "804000000", "researchAndDevelopment": "None", "operatingExpenses": "824000000", "investmentIncomeNet": "None", "netInterestIncome": "-118000000", "interestIncome": "138000000", "interestExpense": "331000000", "nonInterestIncome": "None", "otherNonOperatingIncome": "None", "depreciation": "None", "depreciationAndAmortization": "845000000", "incomeBeforeTax": "4635000000", "incomeTaxExpense": "1004000000", "interestAndDebtExpense": "None", "netIncomeFromContinuingOperations": "3631000000", "comprehensiveIncomeNetOfTax": "None", "ebit": "4448000000", "ebitda": "5293000000", "netIncome": "3280000000"}, {"fiscalDateEnding": "2023-06-30", "reportedCurrency": "USD", "grossProfit": "3836000000", "totalRevenue": "36385000000", "costOfRevenue": "32549000000", "costofGoodsAndServicesSold": "32549000000", "operatingIncome": "3132000000", "sellingGeneralAndAdministrative": "704000000", "researchAndDevelopment": "None", "operatingExpenses": "704000000", "investmentIncomeNet": "None", "netInterestIncome": "-142000000", "interestIncome": "142000000", "interestExpense": "330000000", "nonInterestIncome": "None", "otherNonOperatingIncome": "None", "depreciation": "None", "depreciationAndAmortization": "834000000", "incomeBeforeTax": "3163000000", "incomeTaxExpense": "583000000", "interestAndDebtExpense": "None", "netIncomeFromContinuingOperations": "2580000000", "comprehensiveIncomeNetOfTax": "None", "ebit": "3118000000", "ebitda": "3952000000", "netIncome": "2226000000"}, {"fiscalDateEnding": "2023-03-31", "reportedCurrency": "USD", "grossProfit": "4770000000", "totalRevenue": "34864000000", "costOfRevenue": "30094000000", "costofGoodsAndServicesSold": "30094000000", "operatingIncome": "4061000000", "sellingGeneralAndAdministrative": "668000000", "researchAndDevelopment": "None", "operatingExpenses": "709000000", "investmentIncomeNet": "None", "netInterestIncome": "-154000000", "interestIncome": "162000000", "interestExpense": "311000000", "nonInterestIncome": "None", "otherNonOperatingIncome": "None", "depreciation": "None", "depreciationAndAmortization": "800000000", "incomeBeforeTax": "3907000000", "incomeTaxExpense": "823000000", "interestAndDebtExpense": "None", "netIncomeFromContinuingOperations": "3084000000", "comprehensiveIncomeNetOfTax": "None", "ebit": "3948000000", "ebitda": "4748000000", "netIncome": "2724000000"}, {"fiscalDateEnding": "2022-12-31", "reportedCurrency": "USD", "grossProfit": "6343000000", "totalRevenue": "39918000000", "costOfRevenue": "33575000000", "costofGoodsAndServicesSold": "33575000000", "operatingIncome": "4564000000", "sellingGeneralAndAdministrative": "763000000", "researchAndDevelopment": "None", "operatingExpenses": "1604000000", "investmentIncomeNet": "None", "netInterestIncome": "-186000000", "interestIncome": "197000000", "interestExpense": "324000000", "nonInterestIncome": "None", "otherNonOperatingIncome": "None", "depreciation": "None", "depreciationAndAmortization": "797000000", "incomeBeforeTax": "4553000000", "incomeTaxExpense": "984000000", "interestAndDebtExpense": "None", "netIncomeFromContinuingOperations": "3569000000", "comprehensiveIncomeNetOfTax": "None", "ebit": "4565000000", "ebitda": "5362000000", "netIncome": "3321000000"}, {"fiscalDateEnding": "2022-09-30", "reportedCurrency": "USD", "grossProfit": "6172000000", "totalRevenue": "45787000000", "costOfRevenue": "39615000000", "costofGoodsAndServicesSold": "39615000000", "operatingIncome": "6686000000", "sellingGeneralAndAdministrative": "936000000", "researchAndDevelopment": "None", "operatingExpenses": "936000000", "investmentIncomeNet": "None", "netInterestIncome": "-247000000", "interestIncome": "244000000", "interestExpense": "303000000", "nonInterestIncome": "None", "otherNonOperatingIncome": "None", "depreciation": "None", "depreciationAndAmortization": "794000000", "incomeBeforeTax": "6446000000", "incomeTaxExpense": "1426000000", "interestAndDebtExpense": "None", "netIncomeFromContinuingOperations": "5020000000", "comprehensiveIncomeNetOfTax": "None", "ebit": "5462000000", "ebitda": "6256000000", "netIncome": "4475000000"}, {"fiscalDateEnding": "2022-06-30", "reportedCurrency": "USD", "grossProfit": "10031000000", "totalRevenue": "54238000000", "costOfRevenue": "44207000000", "costofGoodsAndServicesSold": "44207000000", "operatingIncome": "8296000000", "sellingGeneralAndAdministrative": "627000000", "researchAndDevelopment": "None", "operatingExpenses": "1734000000", "investmentIncomeNet": "None", "netInterestIncome": "-312000000", "interestIncome": "18000000", "interestExpense": "299000000", "nonInterestIncome": "None", "otherNonOperatingIncome": "None", "depreciation": "None", "depreciationAndAmortization": "819000000", "incomeBeforeTax": "8016000000", "incomeTaxExpense": "1799000000", "interestAndDebtExpense": "None", "netIncomeFromContinuingOperations": "6217000000", "comprehensiveIncomeNetOfTax": "None", "ebit": "8110000000", "ebitda": "8929000000", "netIncome": "5870000000"}, {"fiscalDateEnding": "2022-03-31", "reportedCurrency": "USD", "grossProfit": "3316000000", "totalRevenue": "38384000000", "costOfRevenue": "35068000000", "costofGoodsAndServicesSold": "35068000000", "operatingIncome": "1737000000", "sellingGeneralAndAdministrative": "593000000", "researchAndDevelopment": "None", "operatingExpenses": "1580000000", "investmentIncomeNet": "None", "netInterestIncome": "-283000000", "interestIncome": "5000000", "interestExpense": "287000000", "nonInterestIncome": "None", "otherNonOperatingIncome": "None", "depreciation": "None", "depreciationAndAmortization": "805000000", "incomeBeforeTax": "1454000000", "incomeTaxExpense": "282000000", "interestAndDebtExpense": "None", "netIncomeFromContinuingOperations": "1172000000", "comprehensiveIncomeNetOfTax": "None", "ebit": "1613000000", "ebitda": "2418000000", "netIncome": "845000000"}, {"fiscalDateEnding": "2021-12-31", "reportedCurrency": "USD", "grossProfit": "3254000000", "totalRevenue": "35438000000", "costOfRevenue": "32184000000", "costofGoodsAndServicesSold": "32184000000", "operatingIncome": "1610000000", "sellingGeneralAndAdministrative": "656000000", "researchAndDevelopment": "None", "operatingExpenses": "1610000000", "investmentIncomeNet": "None", "netInterestIncome": "-430000000", "interestIncome": "430000000", "interestExpense": "302000000", "nonInterestIncome": "None", "otherNonOperatingIncome": "None", "depreciation": "None", "depreciationAndAmortization": "813000000", "incomeBeforeTax": "1348000000", "incomeTaxExpense": "243000000", "interestAndDebtExpense": "None", "netIncomeFromContinuingOperations": "1105000000", "comprehensiveIncomeNetOfTax": "None", "ebit": "1610000000", "ebitda": "2423000000", "netIncome": "774000000"}, {"fiscalDateEnding": "2021-09-30", "reportedCurrency": "USD", "grossProfit": "2928000000", "totalRevenue": "32491000000", "costOfRevenue": "29563000000", "costofGoodsAndServicesSold": "29563000000", "operatingIncome": "1208000000", "sellingGeneralAndAdministrative": "681000000", "researchAndDevelopment": "None", "operatingExpenses": "1608000000", "investmentIncomeNet": "None", "netInterestIncome": "-328000000", "interestIncome": "5000000", "interestExpense": "323000000", "nonInterestIncome": "None", "otherNonOperatingIncome": "None", "depreciation": "None", "depreciationAndAmortization": "823000000", "incomeBeforeTax": "1012000000", "incomeTaxExpense": "18000000", "interestAndDebtExpense": "None", "netIncomeFromContinuingOperations": "1030000000", "comprehensiveIncomeNetOfTax": "None", "ebit": "1221000000", "ebitda": "2044000000", "netIncome": "694000000"}, {"fiscalDateEnding": "2021-06-30", "reportedCurrency": "USD", "grossProfit": "2557000000", "totalRevenue": "29734000000", "costOfRevenue": "27177000000", "costofGoodsAndServicesSold": "27177000000", "operatingIncome": "816000000", "sellingGeneralAndAdministrative": "625000000", "researchAndDevelopment": "None", "operatingExpenses": "1648000000", "investmentIncomeNet": "None", "netInterestIncome": "-372000000", "interestIncome": "2000000", "interestExpense": "318000000", "nonInterestIncome": "None", "otherNonOperatingIncome": "None", "depreciation": "None", "depreciationAndAmortization": "828000000", "incomeBeforeTax": "593000000", "incomeTaxExpense": "5000000", "interestAndDebtExpense": "None", "netIncomeFromContinuingOperations": "588000000", "comprehensiveIncomeNetOfTax": "None", "ebit": "859000000", "ebitda": "1687000000", "netIncome": "298000000"}, {"fiscalDateEnding": "2021-03-31", "reportedCurrency": "USD", "grossProfit": "1704000000", "totalRevenue": "22788000000", "costOfRevenue": "21084000000", "costofGoodsAndServicesSold": "21084000000", "operatingIncome": "123000000", "sellingGeneralAndAdministrative": "660000000", "researchAndDevelopment": "None", "operatingExpenses": "1507000000", "investmentIncomeNet": "None", "netInterestIncome": "-353000000", "interestIncome": "353000000", "interestExpense": "354000000", "nonInterestIncome": "None", "otherNonOperatingIncome": "None", "depreciation": "None", "depreciationAndAmortization": "844000000", "incomeBeforeTax": "-136000000", "incomeTaxExpense": "34000000", "interestAndDebtExpense": "None", "netIncomeFromContinuingOperations": "-170000000", "comprehensiveIncomeNetOfTax": "None", "ebit": "123000000", "ebitda": "967000000", "netIncome": "-476000000"}, {"fiscalDateEnding": "2020-12-31", "reportedCurrency": "USD", "grossProfit": "1989000000", "totalRevenue": "18020000000", "costOfRevenue": "16031000000", "costofGoodsAndServicesSold": "16031000000", "operatingIncome": "380000000", "sellingGeneralAndAdministrative": "630000000", "researchAndDevelopment": "None", "operatingExpenses": "1598000000", "investmentIncomeNet": "None", "netInterestIncome": "-333000000", "interestIncome": "333000000", "interestExpense": "334000000", "nonInterestIncome": "None", "otherNonOperatingIncome": "None", "depreciation": "None", "depreciationAndAmortization": "849000000", "incomeBeforeTax": "57000000", "incomeTaxExpense": "193000000", "interestAndDebtExpense": "None", "netIncomeFromContinuingOperations": "-260000000", "comprehensiveIncomeNetOfTax": "None", "ebit": "380000000", "ebitda": "1229000000", "netIncome": "-40000000"}, {"fiscalDateEnding": "2020-09-30", "reportedCurrency": "USD", "grossProfit": "1287000000", "totalRevenue": "17430000000", "costOfRevenue": "16143000000", "costofGoodsAndServicesSold": "16143000000", "operatingIncome": "-400000000", "sellingGeneralAndAdministrative": "673000000", "researchAndDevelopment": "None", "operatingExpenses": "2360000000", "investmentIncomeNet": "None", "netInterestIncome": "-359000000", "interestIncome": "343000000", "interestExpense": "354000000", "nonInterestIncome": "None", "otherNonOperatingIncome": "None", "depreciation": "None", "depreciationAndAmortization": "830000000", "incomeBeforeTax": "-1416000000", "incomeTaxExpense": "436000000", "interestAndDebtExpense": "None", "netIncomeFromContinuingOperations": "-980000000", "comprehensiveIncomeNetOfTax": "None", "ebit": "-1072000000", "ebitda": "-242000000", "netIncome": "-1257000000"}, {"fiscalDateEnding": "2020-06-30", "reportedCurrency": "USD", "grossProfit": "2187000000", "totalRevenue": "12219000000", "costOfRevenue": "10032000000", "costofGoodsAndServicesSold": "10032000000", "operatingIncome": "520000000", "sellingGeneralAndAdministrative": "746000000", "researchAndDevelopment": "None", "operatingExpenses": "1618000000", "investmentIncomeNet": "None", "netInterestIncome": "-345000000", "interestIncome": "2000000", "interestExpense": "347000000", "nonInterestIncome": "None", "otherNonOperatingIncome": "None", "depreciation": "None", "depreciationAndAmortization": "833000000", "incomeBeforeTax": "234000000", "incomeTaxExpense": "150000000", "interestAndDebtExpense": "None", "netIncomeFromContinuingOperations": "276000000", "comprehensiveIncomeNetOfTax": "None", "ebit": "520000000", "ebitda": "1353000000", "netIncome": "-183000000"}, {"fiscalDateEnding": "2020-03-31", "reportedCurrency": "USD", "grossProfit": "-1300000000", "totalRevenue": "22227000000", "costOfRevenue": "23527000000", "costofGoodsAndServicesSold": "23527000000", "operatingIncome": "-3100000000", "sellingGeneralAndAdministrative": "821000000", "researchAndDevelopment": "None", "operatingExpenses": "10875000000", "investmentIncomeNet": "None", "netInterestIncome": "-341000000", "interestIncome": "6000000", "interestExpense": "347000000", "nonInterestIncome": "None", "otherNonOperatingIncome": "None", "depreciation": "None", "depreciationAndAmortization": "863000000", "incomeBeforeTax": "-12487000000", "incomeTaxExpense": "1951000000", "interestAndDebtExpense": "None", "netIncomeFromContinuingOperations": "-10218000000", "comprehensiveIncomeNetOfTax": "None", "ebit": "-11709000000", "ebitda": "-10846000000", "netIncome": "-9552000000"}, {"fiscalDateEnding": "2019-12-31", "reportedCurrency": "USD", "grossProfit": "3440000000", "totalRevenue": "28042000000", "costOfRevenue": "24602000000", "costofGoodsAndServicesSold": "24602000000", "operatingIncome": "1637000000", "sellingGeneralAndAdministrative": "790000000", "researchAndDevelopment": "None", "operatingExpenses": "2884000000", "investmentIncomeNet": "None", "netInterestIncome": "-305000000", "interestIncome": "10000000", "interestExpense": "315000000", "nonInterestIncome": "None", "otherNonOperatingIncome": "None", "depreciation": "None", "depreciationAndAmortization": "978000000", "incomeBeforeTax": "261000000", "incomeTaxExpense": "184000000", "interestAndDebtExpense": "None", "netIncomeFromContinuingOperations": "262000000", "comprehensiveIncomeNetOfTax": "None", "ebit": "854000000", "ebitda": "1832000000", "netIncome": "258000000"}, {"fiscalDateEnding": "2019-09-30", "reportedCurrency": "USD", "grossProfit": "3237000000", "totalRevenue": "27582000000", "costOfRevenue": "24345000000", "costofGoodsAndServicesSold": "24345000000", "operatingIncome": "1568000000", "sellingGeneralAndAdministrative": "833000000", "researchAndDevelopment": "None", "operatingExpenses": "1576000000", "investmentIncomeNet": "None", "netInterestIncome": "-311000000", "interestIncome": "12000000", "interestExpense": "323000000", "nonInterestIncome": "None", "otherNonOperatingIncome": "None", "depreciation": "None", "depreciationAndAmortization": "570000000", "incomeBeforeTax": "1368000000", "incomeTaxExpense": "255000000", "interestAndDebtExpense": "None", "netIncomeFromContinuingOperations": "1367000000", "comprehensiveIncomeNetOfTax": "None", "ebit": "1568000000", "ebitda": "2138000000", "netIncome": "841000000"}, {"fiscalDateEnding": "2019-06-30", "reportedCurrency": "USD", "grossProfit": "3042000000", "totalRevenue": "27363000000", "costOfRevenue": "24321000000", "costofGoodsAndServicesSold": "24321000000", "operatingIncome": "1501000000", "sellingGeneralAndAdministrative": "904000000", "researchAndDevelopment": "None", "operatingExpenses": "1497000000", "investmentIncomeNet": "None", "netInterestIncome": "-319000000", "interestIncome": "9000000", "interestExpense": "328000000", "nonInterestIncome": "None", "otherNonOperatingIncome": "None", "depreciation": "None", "depreciationAndAmortization": "886000000", "incomeBeforeTax": "1241000000", "incomeTaxExpense": "241000000", "interestAndDebtExpense": "None", "netIncomeFromContinuingOperations": "1367000000", "comprehensiveIncomeNetOfTax": "None", "ebit": "1501000000", "ebitda": "2387000000", "netIncome": "738000000"}, {"fiscalDateEnding": "2019-03-31", "reportedCurrency": "USD", "grossProfit": "2328000000", "totalRevenue": "28288000000", "costOfRevenue": "25960000000", "costofGoodsAndServicesSold": "25960000000", "operatingIncome": "359000000", "sellingGeneralAndAdministrative": "881000000", "researchAndDevelopment": "None", "operatingExpenses": "1666000000", "investmentIncomeNet": "None", "netInterestIncome": "-309000000", "interestIncome": "299000000", "interestExpense": "318000000", "nonInterestIncome": "None", "otherNonOperatingIncome": "None", "depreciation": "None", "depreciationAndAmortization": "919000000", "incomeBeforeTax": "363000000", "incomeTaxExpense": "104000000", "interestAndDebtExpense": "None", "netIncomeFromContinuingOperations": "259000000", "comprehensiveIncomeNetOfTax": "None", "ebit": "359000000", "ebitda": "1278000000", "netIncome": "-7000000"}, {"fiscalDateEnding": "2018-12-31", "reportedCurrency": "USD", "grossProfit": "4119000000", "totalRevenue": "32413000000", "costOfRevenue": "28294000000", "costofGoodsAndServicesSold": "28294000000", "operatingIncome": "2127000000", "sellingGeneralAndAdministrative": "1147000000", "researchAndDevelopment": "0", "operatingExpenses": "2177000000", "investmentIncomeNet": "None", "netInterestIncome": "None", "interestIncome": "None", "interestExpense": "326000000", "nonInterestIncome": "None", "otherNonOperatingIncome": "None", "depreciation": "None", "depreciationAndAmortization": "874000000", "incomeBeforeTax": "1632000000", "incomeTaxExpense": "437000000", "interestAndDebtExpense": "None", "netIncomeFromContinuingOperations": "1195000000", "comprehensiveIncomeNetOfTax": "None", "ebit": "2127000000", "ebitda": "3001000000", "netIncome": "951000000"}, {"fiscalDateEnding": "2018-09-30", "reportedCurrency": "USD", "grossProfit": "2429000000", "totalRevenue": "23035000000", "costOfRevenue": "20606000000", "costofGoodsAndServicesSold": "20606000000", "operatingIncome": "1261000000", "sellingGeneralAndAdministrative": "445000000", "researchAndDevelopment": "0", "operatingExpenses": "1080000000", "investmentIncomeNet": "None", "netInterestIncome": "None", "interestIncome": "None", "interestExpense": "221000000", "nonInterestIncome": "None", "otherNonOperatingIncome": "None", "depreciation": "None", "depreciationAndAmortization": "555000000", "incomeBeforeTax": "1163000000", "incomeTaxExpense": "222000000", "interestAndDebtExpense": "None", "netIncomeFromContinuingOperations": "941000000", "comprehensiveIncomeNetOfTax": "None", "ebit": "1261000000", "ebitda": "1816000000", "netIncome": "737000000"}, {"fiscalDateEnding": "2018-06-30", "reportedCurrency": "USD", "grossProfit": "2707000000", "totalRevenue": "22362000000", "costOfRevenue": "19655000000", "costofGoodsAndServicesSold": "19655000000", "operatingIncome": "1626000000", "sellingGeneralAndAdministrative": "424000000", "researchAndDevelopment": "0", "operatingExpenses": "1003000000", "investmentIncomeNet": "None", "netInterestIncome": "None", "interestIncome": "None", "interestExpense": "220000000", "nonInterestIncome": "None", "otherNonOperatingIncome": "None", "depreciation": "None", "depreciationAndAmortization": "533000000", "incomeBeforeTax": "1516000000", "incomeTaxExpense": "281000000", "interestAndDebtExpense": "None", "netIncomeFromContinuingOperations": "1235000000", "comprehensiveIncomeNetOfTax": "None", "ebit": "1626000000", "ebitda": "2159000000", "netIncome": "1054000000"}, {"fiscalDateEnding": "2018-03-31", "reportedCurrency": "USD", "grossProfit": "1385000000", "totalRevenue": "18896000000", "costOfRevenue": "17511000000", "costofGoodsAndServicesSold": "17511000000", "operatingIncome": "352000000", "sellingGeneralAndAdministrative": "402000000", "researchAndDevelopment": "0", "operatingExpenses": "953000000", "investmentIncomeNet": "None", "netInterestIncome": "None", "interestIncome": "None", "interestExpense": "199000000", "nonInterestIncome": "None", "otherNonOperatingIncome": "None", "depreciation": "None", "depreciationAndAmortization": "528000000", "incomeBeforeTax": "257000000", "incomeTaxExpense": "22000000", "interestAndDebtExpense": "None", "netIncomeFromContinuingOperations": "235000000", "comprehensiveIncomeNetOfTax": "None", "ebit": "352000000", "ebitda": "880000000", "netIncome": "37000000"}, {"fiscalDateEnding": "2017-12-31", "reportedCurrency": "USD", "grossProfit": "2151000000", "totalRevenue": "21156000000", "costOfRevenue": "19005000000", "costofGoodsAndServicesSold": "19005000000", "operatingIncome": "982000000", "sellingGeneralAndAdministrative": "457000000", "researchAndDevelopment": "0", "operatingExpenses": "1039000000", "investmentIncomeNet": "None", "netInterestIncome": "None", "interestIncome": "None", "interestExpense": "171000000", "nonInterestIncome": "None", "otherNonOperatingIncome": "None", "depreciation": "None", "depreciationAndAmortization": "540000000", "incomeBeforeTax": "959000000", "incomeTaxExpense": "1166000000", "interestAndDebtExpense": "None", "netIncomeFromContinuingOperations": "2125000000", "comprehensiveIncomeNetOfTax": "None", "ebit": "982000000", "ebitda": "1522000000", "netIncome": "2015000000"}, {"fiscalDateEnding": "2017-09-30", "reportedCurrency": "USD", "grossProfit": "2537000000", "totalRevenue": "19302000000", "costOfRevenue": "16765000000", "costofGoodsAndServicesSold": "16765000000", "operatingIncome": "1492000000", "sellingGeneralAndAdministrative": "412000000", "researchAndDevelopment": "0", "operatingExpenses": "967000000", "investmentIncomeNet": "None", "netInterestIncome": "None", "interestIncome": "None", "interestExpense": "164000000", "nonInterestIncome": "None", "otherNonOperatingIncome": "None", "depreciation": "None", "depreciationAndAmortization": "517000000", "incomeBeforeTax": "1419000000", "incomeTaxExpense": "415000000", "interestAndDebtExpense": "None", "netIncomeFromContinuingOperations": "1004000000", "comprehensiveIncomeNetOfTax": "None", "ebit": "1492000000", "ebitda": "2009000000", "netIncome": "903000000"}, {"fiscalDateEnding": "2017-06-30", "reportedCurrency": "USD", "grossProfit": "2013000000", "totalRevenue": "18264000000", "costOfRevenue": "16251000000", "costofGoodsAndServicesSold": "16251000000", "operatingIncome": "978000000", "sellingGeneralAndAdministrative": "485000000", "researchAndDevelopment": "0", "operatingExpenses": "1038000000", "investmentIncomeNet": "None", "netInterestIncome": "None", "interestIncome": "None", "interestExpense": "162000000", "nonInterestIncome": "None", "otherNonOperatingIncome": "None", "depreciation": "None", "depreciationAndAmortization": "521000000", "incomeBeforeTax": "824000000", "incomeTaxExpense": "250000000", "interestAndDebtExpense": "None", "netIncomeFromContinuingOperations": "574000000", "comprehensiveIncomeNetOfTax": "None", "ebit": "978000000", "ebitda": "1499000000", "netIncome": "483000000"}, {"fiscalDateEnding": "2017-03-31", "reportedCurrency": "USD", "grossProfit": "1263000000", "totalRevenue": "16331000000", "costOfRevenue": "15068000000", "costofGoodsAndServicesSold": "15068000000", "operatingIncome": "230000000", "sellingGeneralAndAdministrative": "389000000", "researchAndDevelopment": "0", "operatingExpenses": "978000000", "investmentIncomeNet": "None", "netInterestIncome": "None", "interestIncome": "None", "interestExpense": "155000000", "nonInterestIncome": "None", "otherNonOperatingIncome": "None", "depreciation": "None", "depreciationAndAmortization": "536000000", "incomeBeforeTax": "142000000", "incomeTaxExpense": "41000000", "interestAndDebtExpense": "None", "netIncomeFromContinuingOperations": "101000000", "comprehensiveIncomeNetOfTax": "None", "ebit": "230000000", "ebitda": "766000000", "netIncome": "30000000"}, {"fiscalDateEnding": "2016-12-31", "reportedCurrency": "USD", "grossProfit": "1509000000", "totalRevenue": "15354000000", "costOfRevenue": "13845000000", "costofGoodsAndServicesSold": "13845000000", "operatingIncome": "496000000", "sellingGeneralAndAdministrative": "406000000", "researchAndDevelopment": "0", "operatingExpenses": "963000000", "investmentIncomeNet": "None", "netInterestIncome": "None", "interestIncome": "None", "interestExpense": "137000000", "nonInterestIncome": "None", "otherNonOperatingIncome": "None", "depreciation": "None", "depreciationAndAmortization": "504000000", "incomeBeforeTax": "417000000", "incomeTaxExpense": "128000000", "interestAndDebtExpense": "None", "netIncomeFromContinuingOperations": "289000000", "comprehensiveIncomeNetOfTax": "None", "ebit": "496000000", "ebitda": "1000000000", "netIncome": "227000000"}, {"fiscalDateEnding": "2016-09-30", "reportedCurrency": "USD", "grossProfit": "1681000000", "totalRevenue": "14753000000", "costOfRevenue": "13072000000", "costofGoodsAndServicesSold": "13072000000", "operatingIncome": "642000000", "sellingGeneralAndAdministrative": "420000000", "researchAndDevelopment": "0", "operatingExpenses": "1252000000", "investmentIncomeNet": "None", "netInterestIncome": "None", "interestIncome": "None", "interestExpense": "144000000", "nonInterestIncome": "None", "otherNonOperatingIncome": "None", "depreciation": "None", "depreciationAndAmortization": "507000000", "incomeBeforeTax": "294000000", "incomeTaxExpense": "75000000", "interestAndDebtExpense": "None", "netIncomeFromContinuingOperations": "219000000", "comprehensiveIncomeNetOfTax": "None", "ebit": "642000000", "ebitda": "1149000000", "netIncome": "145000000"}, {"fiscalDateEnding": "2016-06-30", "reportedCurrency": "USD", "grossProfit": "2378000000", "totalRevenue": "14947000000", "costOfRevenue": "12569000000", "costofGoodsAndServicesSold": "12569000000", "operatingIncome": "1366000000", "sellingGeneralAndAdministrative": "401000000", "researchAndDevelopment": "0", "operatingExpenses": "1068000000", "investmentIncomeNet": "None", "netInterestIncome": "None", "interestIncome": "None", "interestExpense": "133000000", "nonInterestIncome": "None", "otherNonOperatingIncome": "None", "depreciation": "None", "depreciationAndAmortization": "500000000", "incomeBeforeTax": "1178000000", "incomeTaxExpense": "395000000", "interestAndDebtExpense": "None", "netIncomeFromContinuingOperations": "751000000", "comprehensiveIncomeNetOfTax": "None", "ebit": "1366000000", "ebitda": "1866000000", "netIncome": "800000000"}, {"fiscalDateEnding": "2016-03-31", "reportedCurrency": "USD", "grossProfit": "1134000000", "totalRevenue": "10957000000", "costOfRevenue": "9823000000", "costofGoodsAndServicesSold": "9823000000", "operatingIncome": "157000000", "sellingGeneralAndAdministrative": "378000000", "researchAndDevelopment": "0", "operatingExpenses": "1065000000", "investmentIncomeNet": "None", "netInterestIncome": "None", "interestIncome": "None", "interestExpense": "137000000", "nonInterestIncome": "None", "otherNonOperatingIncome": "None", "depreciation": "None", "depreciationAndAmortization": "490000000", "incomeBeforeTax": "-67000000", "incomeTaxExpense": "11000000", "interestAndDebtExpense": "None", "netIncomeFromContinuingOperations": "-78000000", "comprehensiveIncomeNetOfTax": "None", "ebit": "157000000", "ebitda": "647000000", "netIncome": "1000000"}, {"fiscalDateEnding": "2015-12-31", "reportedCurrency": "USD", "grossProfit": "1248000000", "totalRevenue": "13715000000", "costOfRevenue": "12467000000", "costofGoodsAndServicesSold": "12467000000", "operatingIncome": "337000000", "sellingGeneralAndAdministrative": "433000000", "researchAndDevelopment": "0", "operatingExpenses": "925000000", "investmentIncomeNet": "None", "netInterestIncome": "None", "interestIncome": "None", "interestExpense": "89000000", "nonInterestIncome": "None", "otherNonOperatingIncome": "None", "depreciation": "None", "depreciationAndAmortization": "413000000", "incomeBeforeTax": "235000000", "incomeTaxExpense": "67000000", "interestAndDebtExpense": "None", "netIncomeFromContinuingOperations": "168000000", "comprehensiveIncomeNetOfTax": "None", "ebit": "337000000", "ebitda": "750000000", "netIncome": "186000000"}, {"fiscalDateEnding": "2015-09-30", "reportedCurrency": "USD", "grossProfit": "2519000000", "totalRevenue": "16745000000", "costOfRevenue": "14226000000", "costofGoodsAndServicesSold": "14226000000", "operatingIncome": "1668000000", "sellingGeneralAndAdministrative": "392000000", "researchAndDevelopment": "0", "operatingExpenses": "976000000", "investmentIncomeNet": "None", "netInterestIncome": "None", "interestIncome": "None", "interestExpense": "66000000", "nonInterestIncome": "None", "otherNonOperatingIncome": "None", "depreciation": "None", "depreciationAndAmortization": "364000000", "incomeBeforeTax": "1479000000", "incomeTaxExpense": "521000000", "interestAndDebtExpense": "None", "netIncomeFromContinuingOperations": "958000000", "comprehensiveIncomeNetOfTax": "None", "ebit": "1668000000", "ebitda": "2032000000", "netIncome": "947000000"}, {"fiscalDateEnding": "2015-06-30", "reportedCurrency": "USD", "grossProfit": "2175000000", "totalRevenue": "18623000000", "costOfRevenue": "16448000000", "costofGoodsAndServicesSold": "16448000000", "operatingIncome": "1316000000", "sellingGeneralAndAdministrative": "393000000", "researchAndDevelopment": "0", "operatingExpenses": "845000000", "investmentIncomeNet": "None", "netInterestIncome": "None", "interestIncome": "None", "interestExpense": "61000000", "nonInterestIncome": "None", "otherNonOperatingIncome": "None", "depreciation": "None", "depreciationAndAmortization": "362000000", "incomeBeforeTax": "1271000000", "incomeTaxExpense": "432000000", "interestAndDebtExpense": "None", "netIncomeFromContinuingOperations": "839000000", "comprehensiveIncomeNetOfTax": "None", "ebit": "1316000000", "ebitda": "1678000000", "netIncome": "825000000"}, {"fiscalDateEnding": "2015-03-31", "reportedCurrency": "USD", "grossProfit": "2268000000", "totalRevenue": "15388000000", "costOfRevenue": "13120000000", "costofGoodsAndServicesSold": "13120000000", "operatingIncome": "1450000000", "sellingGeneralAndAdministrative": "358000000", "researchAndDevelopment": "0", "operatingExpenses": "808000000", "investmentIncomeNet": "None", "netInterestIncome": "None", "interestIncome": "None", "interestExpense": "72000000", "nonInterestIncome": "None", "otherNonOperatingIncome": "None", "depreciation": "None", "depreciationAndAmortization": "363000000", "incomeBeforeTax": "1389000000", "incomeTaxExpense": "486000000", "interestAndDebtExpense": "None", "netIncomeFromContinuingOperations": "903000000", "comprehensiveIncomeNetOfTax": "None", "ebit": "1450000000", "ebitda": "1813000000", "netIncome": "890000000"}, {"fiscalDateEnding": "2014-12-31", "reportedCurrency": "USD", "grossProfit": "2052000000", "totalRevenue": "20355000000", "costOfRevenue": "18303000000", "costofGoodsAndServicesSold": "18303000000", "operatingIncome": "1234000000", "sellingGeneralAndAdministrative": "371000000", "researchAndDevelopment": "0", "operatingExpenses": "799000000", "investmentIncomeNet": "None", "netInterestIncome": "None", "interestIncome": "None", "interestExpense": "68000000", "nonInterestIncome": "None", "otherNonOperatingIncome": "None", "depreciation": "None", "depreciationAndAmortization": "359000000", "incomeBeforeTax": "1187000000", "incomeTaxExpense": "382000000", "interestAndDebtExpense": "None", "netIncomeFromContinuingOperations": "805000000", "comprehensiveIncomeNetOfTax": "None", "ebit": "1234000000", "ebitda": "1593000000", "netIncome": "797000000"}, {"fiscalDateEnding": "2014-09-30", "reportedCurrency": "USD", "grossProfit": "1781000000", "totalRevenue": "23828000000", "costOfRevenue": "22047000000", "costofGoodsAndServicesSold": "22047000000", "operatingIncome": "1031000000", "sellingGeneralAndAdministrative": "342000000", "researchAndDevelopment": "0", "operatingExpenses": "722000000", "investmentIncomeNet": "None", "netInterestIncome": "None", "interestIncome": "None", "interestExpense": "49000000", "nonInterestIncome": "None", "otherNonOperatingIncome": "-50000000", "depreciation": "None", "depreciationAndAmortization": "322000000", "incomeBeforeTax": "1012000000", "incomeTaxExpense": "333000000", "interestAndDebtExpense": "None", "netIncomeFromContinuingOperations": "679000000", "comprehensiveIncomeNetOfTax": "None", "ebit": "1031000000", "ebitda": "1353000000", "netIncome": "671000000"}, {"fiscalDateEnding": "2014-06-30", "reportedCurrency": "USD", "grossProfit": "2051000000", "totalRevenue": "25277000000", "costOfRevenue": "23226000000", "costofGoodsAndServicesSold": "23226000000", "operatingIncome": "1312000000", "sellingGeneralAndAdministrative": "316000000", "researchAndDevelopment": "0", "operatingExpenses": "689000000", "investmentIncomeNet": "None", "netInterestIncome": "None", "interestIncome": "None", "interestExpense": "42000000", "nonInterestIncome": "None", "otherNonOperatingIncome": "-48000000", "depreciation": "None", "depreciationAndAmortization": "325000000", "incomeBeforeTax": "1321000000", "incomeTaxExpense": "457000000", "interestAndDebtExpense": "None", "netIncomeFromContinuingOperations": "864000000", "comprehensiveIncomeNetOfTax": "None", "ebit": "1312000000", "ebitda": "1637000000", "netIncome": "854000000"}, {"fiscalDateEnding": "2014-03-31", "reportedCurrency": "USD", "grossProfit": "1095000000", "totalRevenue": "21794000000", "costOfRevenue": "20699000000", "costofGoodsAndServicesSold": "20699000000", "operatingIncome": "325000000", "sellingGeneralAndAdministrative": "346000000", "researchAndDevelopment": "0", "operatingExpenses": "739000000", "investmentIncomeNet": "None", "netInterestIncome": "None", "interestIncome": "None", "interestExpense": "43000000", "nonInterestIncome": "None", "otherNonOperatingIncome": "-46000000", "depreciation": "None", "depreciationAndAmortization": "320000000", "incomeBeforeTax": "315000000", "incomeTaxExpense": "108000000", "interestAndDebtExpense": "None", "netIncomeFromContinuingOperations": "207000000", "comprehensiveIncomeNetOfTax": "None", "ebit": "325000000", "ebitda": "645000000", "netIncome": "199000000"}, {"fiscalDateEnding": "2013-12-31", "reportedCurrency": "USD", "grossProfit": "1734000000", "totalRevenue": "23331000000", "costOfRevenue": "21597000000", "costofGoodsAndServicesSold": "21597000000", "operatingIncome": "985000000", "sellingGeneralAndAdministrative": "336000000", "researchAndDevelopment": "0", "operatingExpenses": "732000000", "investmentIncomeNet": "None", "netInterestIncome": "None", "interestIncome": "None", "interestExpense": "42000000", "nonInterestIncome": "None", "otherNonOperatingIncome": "-132000000", "depreciation": "None", "depreciationAndAmortization": "332000000", "incomeBeforeTax": "969000000", "incomeTaxExpense": "338000000", "interestAndDebtExpense": "None", "netIncomeFromContinuingOperations": "631000000", "comprehensiveIncomeNetOfTax": "None", "ebit": "985000000", "ebitda": "1317000000", "netIncome": "624000000"}, {"fiscalDateEnding": "2013-09-30", "reportedCurrency": "USD", "grossProfit": "977000000", "totalRevenue": "24633000000", "costOfRevenue": "23656000000", "costofGoodsAndServicesSold": "23656000000", "operatingIncome": "291000000", "sellingGeneralAndAdministrative": "305000000", "researchAndDevelopment": "0", "operatingExpenses": "682000000", "investmentIncomeNet": "None", "netInterestIncome": "None", "interestIncome": "None", "interestExpense": "43000000", "nonInterestIncome": "None", "otherNonOperatingIncome": "-47000000", "depreciation": "None", "depreciationAndAmortization": "299000000", "incomeBeforeTax": "254000000", "incomeTaxExpense": "81000000", "interestAndDebtExpense": "None", "netIncomeFromContinuingOperations": "173000000", "comprehensiveIncomeNetOfTax": "None", "ebit": "291000000", "ebitda": "590000000", "netIncome": "168000000"}, {"fiscalDateEnding": "2013-06-30", "reportedCurrency": "USD", "grossProfit": "1700000000", "totalRevenue": "24099000000", "costOfRevenue": "22399000000", "costofGoodsAndServicesSold": "22399000000", "operatingIncome": "960000000", "sellingGeneralAndAdministrative": "358000000", "researchAndDevelopment": "0", "operatingExpenses": "743000000", "investmentIncomeNet": "None", "netInterestIncome": "None", "interestIncome": "None", "interestExpense": "45000000", "nonInterestIncome": "None", "otherNonOperatingIncome": "None", "depreciation": "None", "depreciationAndAmortization": "294000000", "incomeBeforeTax": "915000000", "incomeTaxExpense": "316000000", "interestAndDebtExpense": "None", "netIncomeFromContinuingOperations": "599000000", "comprehensiveIncomeNetOfTax": "None", "ebit": "960000000", "ebitda": "1254000000", "netIncome": "592000000"}, {"fiscalDateEnding": "2013-03-31", "reportedCurrency": "USD", "grossProfit": "1780000000", "totalRevenue": "21886000000", "costOfRevenue": "20106000000", "costofGoodsAndServicesSold": "20106000000", "operatingIncome": "1155000000", "sellingGeneralAndAdministrative": "249000000", "researchAndDevelopment": "0", "operatingExpenses": "630000000", "investmentIncomeNet": "None", "netInterestIncome": "None", "interestIncome": "None", "interestExpense": "44000000", "nonInterestIncome": "None", "otherNonOperatingIncome": "None", "depreciation": "None", "depreciationAndAmortization": "287000000", "incomeBeforeTax": "1108000000", "incomeTaxExpense": "378000000", "interestAndDebtExpense": "None", "netIncomeFromContinuingOperations": "730000000", "comprehensiveIncomeNetOfTax": "None", "ebit": "1155000000", "ebitda": "1442000000", "netIncome": "724000000"}, {"fiscalDateEnding": "2012-12-31", "reportedCurrency": "USD", "grossProfit": "1845000000", "totalRevenue": "19266000000", "costOfRevenue": "17421000000", "costofGoodsAndServicesSold": "17421000000", "operatingIncome": "1182000000", "sellingGeneralAndAdministrative": "279000000", "researchAndDevelopment": "0", "operatingExpenses": "660000000", "investmentIncomeNet": "None", "netInterestIncome": "None", "interestIncome": "None", "interestExpense": "41000000", "nonInterestIncome": "None", "otherNonOperatingIncome": "-241000000", "depreciation": "None", "depreciationAndAmortization": "283000000", "incomeBeforeTax": "1144000000", "incomeTaxExpense": "385000000", "interestAndDebtExpense": "None", "netIncomeFromContinuingOperations": "759000000", "comprehensiveIncomeNetOfTax": "None", "ebit": "1188000000", "ebitda": "1471000000", "netIncome": "755000000"}, {"fiscalDateEnding": "2012-09-30", "reportedCurrency": "USD", "grossProfit": "2306000000", "totalRevenue": "19592000000", "costOfRevenue": "17286000000", "costofGoodsAndServicesSold": "17286000000", "operatingIncome": "1701000000", "sellingGeneralAndAdministrative": "305000000", "researchAndDevelopment": "0", "operatingExpenses": "430000000", "investmentIncomeNet": "None", "netInterestIncome": "None", "interestIncome": "None", "interestExpense": "18000000", "nonInterestIncome": "None", "otherNonOperatingIncome": "156000000", "depreciation": "None", "depreciationAndAmortization": "246000000", "incomeBeforeTax": "1870000000", "incomeTaxExpense": "646000000", "interestAndDebtExpense": "None", "netIncomeFromContinuingOperations": "1224000000", "comprehensiveIncomeNetOfTax": "None", "ebit": "1888000000", "ebitda": "2134000000", "netIncome": "1222000000"}, {"fiscalDateEnding": "2012-06-30", "reportedCurrency": "USD", "grossProfit": "1974000000", "totalRevenue": "20248000000", "costOfRevenue": "18274000000", "costofGoodsAndServicesSold": "18274000000", "operatingIncome": "1307000000", "sellingGeneralAndAdministrative": "376000000", "researchAndDevelopment": "0", "operatingExpenses": "676000000", "investmentIncomeNet": "None", "netInterestIncome": "None", "interestIncome": "None", "interestExpense": "47000000", "nonInterestIncome": "None", "otherNonOperatingIncome": "-7000000", "depreciation": "None", "depreciationAndAmortization": "236000000", "incomeBeforeTax": "1290000000", "incomeTaxExpense": "476000000", "interestAndDebtExpense": "None", "netIncomeFromContinuingOperations": "814000000", "comprehensiveIncomeNetOfTax": "None", "ebit": "1300000000", "ebitda": "1536000000", "netIncome": "812000000"}, {"fiscalDateEnding": "2012-03-31", "reportedCurrency": "USD", "grossProfit": "1521000000", "totalRevenue": "20273000000", "costOfRevenue": "18752000000", "costofGoodsAndServicesSold": "18752000000", "operatingIncome": "956000000", "sellingGeneralAndAdministrative": "263000000", "researchAndDevelopment": "0", "operatingExpenses": "567000000", "investmentIncomeNet": "None", "netInterestIncome": "None", "interestIncome": "None", "interestExpense": "22000000", "nonInterestIncome": "None", "otherNonOperatingIncome": "-18000000", "depreciation": "None", "depreciationAndAmortization": "230000000", "incomeBeforeTax": "934000000", "incomeTaxExpense": "338000000", "interestAndDebtExpense": "None", "netIncomeFromContinuingOperations": "596000000", "comprehensiveIncomeNetOfTax": "None", "ebit": "949000000", "ebitda": "1179000000", "netIncome": "595000000"}, {"fiscalDateEnding": "2011-12-31", "reportedCurrency": "USD", "grossProfit": "414000000", "totalRevenue": "19432000000", "costOfRevenue": "19018000000", "costofGoodsAndServicesSold": "19018000000", "operatingIncome": "-158000000", "sellingGeneralAndAdministrative": "302000000", "researchAndDevelopment": "0", "operatingExpenses": "581000000", "investmentIncomeNet": "None", "netInterestIncome": "None", "interestIncome": "None", "interestExpense": "22000000", "nonInterestIncome": "None", "otherNonOperatingIncome": "None", "depreciation": "None", "depreciationAndAmortization": "230000000", "incomeBeforeTax": "-180000000", "incomeTaxExpense": "-105000000", "interestAndDebtExpense": "None", "netIncomeFromContinuingOperations": "0", "comprehensiveIncomeNetOfTax": "None", "ebit": "-158000000", "ebitda": "72000000", "netIncome": "-75000000"}, {"fiscalDateEnding": "2011-09-30", "reportedCurrency": "USD", "grossProfit": "2333000000", "totalRevenue": "20638000000", "costOfRevenue": "18305000000", "costofGoodsAndServicesSold": "18305000000", "operatingIncome": "1759000000", "sellingGeneralAndAdministrative": "299000000", "researchAndDevelopment": "0", "operatingExpenses": "589000000", "investmentIncomeNet": "None", "netInterestIncome": "None", "interestIncome": "None", "interestExpense": "15000000", "nonInterestIncome": "None", "otherNonOperatingIncome": "5000000", "depreciation": "None", "depreciationAndAmortization": "227000000", "incomeBeforeTax": "1744000000", "incomeTaxExpense": "611000000", "interestAndDebtExpense": "None", "netIncomeFromContinuingOperations": "1133000000", "comprehensiveIncomeNetOfTax": "None", "ebit": "1744000000", "ebitda": "1971000000", "netIncome": "1133000000"}, {"fiscalDateEnding": "2011-06-30", "reportedCurrency": "USD", "grossProfit": "1873000000", "totalRevenue": "20777000000", "costOfRevenue": "18904000000", "costofGoodsAndServicesSold": "18904000000", "operatingIncome": "1325000000", "sellingGeneralAndAdministrative": "288000000", "researchAndDevelopment": "0", "operatingExpenses": "565000000", "investmentIncomeNet": "None", "netInterestIncome": "None", "interestIncome": "None", "interestExpense": "42000000", "nonInterestIncome": "None", "otherNonOperatingIncome": "11000000", "depreciation": "None", "depreciationAndAmortization": "218000000", "incomeBeforeTax": "1333000000", "incomeTaxExpense": "531000000", "interestAndDebtExpense": "None", "netIncomeFromContinuingOperations": "802000000", "comprehensiveIncomeNetOfTax": "None", "ebit": "1290000000", "ebitda": "1508000000", "netIncome": "802000000"}, {"fiscalDateEnding": "2011-03-31", "reportedCurrency": "USD", "grossProfit": "2529000000", "totalRevenue": "17871000000", "costOfRevenue": "15342000000", "costofGoodsAndServicesSold": "15342000000", "operatingIncome": "819000000", "sellingGeneralAndAdministrative": "217000000", "researchAndDevelopment": "0", "operatingExpenses": "501000000", "investmentIncomeNet": "None", "netInterestIncome": "None", "interestIncome": "None", "interestExpense": "14000000", "nonInterestIncome": "None", "otherNonOperatingIncome": "None", "depreciation": "None", "depreciationAndAmortization": "216000000", "incomeBeforeTax": "822000000", "incomeTaxExpense": "293000000", "interestAndDebtExpense": "None", "netIncomeFromContinuingOperations": "0", "comprehensiveIncomeNetOfTax": "None", "ebit": "819000000", "ebitda": "1035000000", "netIncome": "529000000"}, {"fiscalDateEnding": "2010-12-31", "reportedCurrency": "USD", "grossProfit": "2223000000", "totalRevenue": "17461000000", "costOfRevenue": "15238000000", "costofGoodsAndServicesSold": "15238000000", "operatingIncome": "351000000", "sellingGeneralAndAdministrative": "260000000", "researchAndDevelopment": "0", "operatingExpenses": "535000000", "investmentIncomeNet": "None", "netInterestIncome": "None", "interestIncome": "None", "interestExpense": "2000000", "nonInterestIncome": "None", "otherNonOperatingIncome": "None", "depreciation": "None", "depreciationAndAmortization": "218000000", "incomeBeforeTax": "361000000", "incomeTaxExpense": "131000000", "interestAndDebtExpense": "None", "netIncomeFromContinuingOperations": "0", "comprehensiveIncomeNetOfTax": "None", "ebit": "359000000", "ebitda": "577000000", "netIncome": "230000000"}, {"fiscalDateEnding": "2010-09-30", "reportedCurrency": "USD", "grossProfit": "2313000000", "totalRevenue": "15928000000", "costOfRevenue": "13615000000", "costofGoodsAndServicesSold": "13615000000", "operatingIncome": "443000000", "sellingGeneralAndAdministrative": "226000000", "researchAndDevelopment": "0", "operatingExpenses": "519000000", "investmentIncomeNet": "None", "netInterestIncome": "None", "interestIncome": "None", "interestExpense": "6000000", "nonInterestIncome": "None", "otherNonOperatingIncome": "None", "depreciation": "None", "depreciationAndAmortization": "234000000", "incomeBeforeTax": "439000000", "incomeTaxExpense": "162000000", "interestAndDebtExpense": "None", "netIncomeFromContinuingOperations": "0", "comprehensiveIncomeNetOfTax": "None", "ebit": "443000000", "ebitda": "677000000", "netIncome": "277000000"}, {"fiscalDateEnding": "2010-06-30", "reportedCurrency": "USD", "grossProfit": "1178000000", "totalRevenue": "15807000000", "costOfRevenue": "14629000000", "costofGoodsAndServicesSold": "14629000000", "operatingIncome": "636000000", "sellingGeneralAndAdministrative": "228000000", "researchAndDevelopment": "0", "operatingExpenses": "560000000", "investmentIncomeNet": "None", "netInterestIncome": "None", "interestIncome": "None", "interestExpense": "43000000", "nonInterestIncome": "None", "otherNonOperatingIncome": "None", "depreciation": "None", "depreciationAndAmortization": "269000000", "incomeBeforeTax": "640000000", "incomeTaxExpense": "235000000", "interestAndDebtExpense": "None", "netIncomeFromContinuingOperations": "0", "comprehensiveIncomeNetOfTax": "None", "ebit": "618000000", "ebitda": "887000000", "netIncome": "405000000"}, {"fiscalDateEnding": "2010-03-31", "reportedCurrency": "USD", "grossProfit": "1287000000", "totalRevenue": "13391000000", "costOfRevenue": "12104000000", "costofGoodsAndServicesSold": "12104000000", "operatingIncome": "-419000000", "sellingGeneralAndAdministrative": "206000000", "researchAndDevelopment": "0", "operatingExpenses": "494000000", "investmentIncomeNet": "None", "netInterestIncome": "None", "interestIncome": "None", "interestExpense": "4000000", "nonInterestIncome": "None", "otherNonOperatingIncome": "None", "depreciation": "None", "depreciationAndAmortization": "220000000", "incomeBeforeTax": "-417000000", "incomeTaxExpense": "-128000000", "interestAndDebtExpense": "None", "netIncomeFromContinuingOperations": "0", "comprehensiveIncomeNetOfTax": "None", "ebit": "-419000000", "ebitda": "-199000000", "netIncome": "-289000000"}, {"fiscalDateEnding": "2009-12-31", "reportedCurrency": "USD", "grossProfit": "1604000000", "totalRevenue": "13421000000", "costOfRevenue": "11817000000", "costofGoodsAndServicesSold": "11817000000", "operatingIncome": "-122000000", "sellingGeneralAndAdministrative": "842000000", "researchAndDevelopment": "0", "operatingExpenses": "460000000", "investmentIncomeNet": "None", "netInterestIncome": "None", "interestIncome": "None", "interestExpense": "2000000", "nonInterestIncome": "None", "otherNonOperatingIncome": "None", "depreciation": "None", "depreciationAndAmortization": "194000000", "incomeBeforeTax": "-116000000", "incomeTaxExpense": "-64000000", "interestAndDebtExpense": "None", "netIncomeFromContinuingOperations": "0", "comprehensiveIncomeNetOfTax": "None", "ebit": "-118000000", "ebitda": "76000000", "netIncome": "-52000000"}, {"fiscalDateEnding": "2009-09-30", "reportedCurrency": "USD", "grossProfit": "1971000000", "totalRevenue": "12438000000", "costOfRevenue": "10467000000", "costofGoodsAndServicesSold": "10467000000", "operatingIncome": "265000000", "sellingGeneralAndAdministrative": "None", "researchAndDevelopment": "None", "operatingExpenses": "448000000", "investmentIncomeNet": "None", "netInterestIncome": "None", "interestIncome": "None", "interestExpense": "7000000", "nonInterestIncome": "None", "otherNonOperatingIncome": "None", "depreciation": "None", "depreciationAndAmortization": "167000000", "incomeBeforeTax": "271000000", "incomeTaxExpense": "103000000", "interestAndDebtExpense": "None", "netIncomeFromContinuingOperations": "None", "comprehensiveIncomeNetOfTax": "None", "ebit": "265000000", "ebitda": "432000000", "netIncome": "168000000"}]}