{"symbol": "MS", "annualReports": [{"fiscalDateEnding": "2024-12-31", "reportedCurrency": "USD", "grossProfit": "61497000000", "totalRevenue": "61497000000", "costOfRevenue": "None", "costofGoodsAndServicesSold": "None", "operatingIncome": "29548000000", "sellingGeneralAndAdministrative": "26178000000", "researchAndDevelopment": "None", "operatingExpenses": "31949000000", "investmentIncomeNet": "None", "netInterestIncome": "8611000000", "interestIncome": "54135000000", "interestExpense": "45524000000", "nonInterestIncome": "None", "otherNonOperatingIncome": "None", "depreciation": "None", "depreciationAndAmortization": "-11952000000", "incomeBeforeTax": "17596000000", "incomeTaxExpense": "4067000000", "interestAndDebtExpense": "None", "netIncomeFromContinuingOperations": "13529000000", "comprehensiveIncomeNetOfTax": "None", "ebit": "29548000000", "ebitda": "17596000000", "netIncome": "13390000000"}, {"fiscalDateEnding": "2023-12-31", "reportedCurrency": "USD", "grossProfit": "53611000000", "totalRevenue": "53611000000", "costOfRevenue": "None", "costofGoodsAndServicesSold": "None", "operatingIncome": "23555000000", "sellingGeneralAndAdministrative": "24205000000", "researchAndDevelopment": "None", "operatingExpenses": "30056000000", "investmentIncomeNet": "None", "netInterestIncome": "8230000000", "interestIncome": "50281000000", "interestExpense": "42051000000", "nonInterestIncome": "None", "otherNonOperatingIncome": "None", "depreciation": "None", "depreciationAndAmortization": "4256000000", "incomeBeforeTax": "11813000000", "incomeTaxExpense": "2583000000", "interestAndDebtExpense": "None", "netIncomeFromContinuingOperations": "9230000000", "comprehensiveIncomeNetOfTax": "None", "ebit": "19299000000", "ebitda": "23555000000", "netIncome": "9087000000"}, {"fiscalDateEnding": "2022-12-31", "reportedCurrency": "USD", "grossProfit": "50210000000", "totalRevenue": "53388000000", "costOfRevenue": "26123000000", "costofGoodsAndServicesSold": "26123000000", "operatingIncome": "24631000000", "sellingGeneralAndAdministrative": "3070000000", "researchAndDevelopment": "None", "operatingExpenses": "28757000000", "investmentIncomeNet": "None", "netInterestIncome": "9327000000", "interestIncome": "21595000000", "interestExpense": "12268000000", "nonInterestIncome": "None", "otherNonOperatingIncome": "None", "depreciation": "None", "depreciationAndAmortization": "3998000000", "incomeBeforeTax": "14089000000", "incomeTaxExpense": "2910000000", "interestAndDebtExpense": "None", "netIncomeFromContinuingOperations": "11179000000", "comprehensiveIncomeNetOfTax": "None", "ebit": "20633000000", "ebitda": "24631000000", "netIncome": "11029000000"}, {"fiscalDateEnding": "2021-12-31", "reportedCurrency": "USD", "grossProfit": "56414000000", "totalRevenue": "59751000000", "costOfRevenue": "4707000000", "costofGoodsAndServicesSold": "4707000000", "operatingIncome": "29822000000", "sellingGeneralAndAdministrative": "2933000000", "researchAndDevelopment": "None", "operatingExpenses": "29929000000", "investmentIncomeNet": "None", "netInterestIncome": "8045000000", "interestIncome": "9411000000", "interestExpense": "1366000000", "nonInterestIncome": "None", "otherNonOperatingIncome": "None", "depreciation": "None", "depreciationAndAmortization": "4216000000", "incomeBeforeTax": "19668000000", "incomeTaxExpense": "4548000000", "interestAndDebtExpense": "None", "netIncomeFromContinuingOperations": "15120000000", "comprehensiveIncomeNetOfTax": "None", "ebit": "25606000000", "ebitda": "29822000000", "netIncome": "15034000000"}, {"fiscalDateEnding": "2020-12-31", "reportedCurrency": "USD", "grossProfit": "45269000000", "totalRevenue": "47996000000", "costOfRevenue": "6778000000", "costofGoodsAndServicesSold": "6778000000", "operatingIncome": "23095000000", "sellingGeneralAndAdministrative": "2205000000", "researchAndDevelopment": "None", "operatingExpenses": "24901000000", "investmentIncomeNet": "None", "netInterestIncome": "6313000000", "interestIncome": "10162000000", "interestExpense": "3849000000", "nonInterestIncome": "None", "otherNonOperatingIncome": "None", "depreciation": "None", "depreciationAndAmortization": "3769000000", "incomeBeforeTax": "14418000000", "incomeTaxExpense": "3239000000", "interestAndDebtExpense": "None", "netIncomeFromContinuingOperations": "11179000000", "comprehensiveIncomeNetOfTax": "None", "ebit": "19326000000", "ebitda": "23095000000", "netIncome": "10996000000"}, {"fiscalDateEnding": "2019-12-31", "reportedCurrency": "USD", "grossProfit": "38926000000", "totalRevenue": "41377000000", "costOfRevenue": "14897000000", "costofGoodsAndServicesSold": "14897000000", "operatingIncome": "18487000000", "sellingGeneralAndAdministrative": "2137000000", "researchAndDevelopment": "None", "operatingExpenses": "22890000000", "investmentIncomeNet": "None", "netInterestIncome": "4694000000", "interestIncome": "17098000000", "interestExpense": "12404000000", "nonInterestIncome": "None", "otherNonOperatingIncome": "None", "depreciation": "None", "depreciationAndAmortization": "2643000000", "incomeBeforeTax": "11301000000", "incomeTaxExpense": "2064000000", "interestAndDebtExpense": "None", "netIncomeFromContinuingOperations": "9237000000", "comprehensiveIncomeNetOfTax": "None", "ebit": "15844000000", "ebitda": "18487000000", "netIncome": "9042000000"}, {"fiscalDateEnding": "2018-12-31", "reportedCurrency": "USD", "grossProfit": "37714000000", "totalRevenue": "40107000000", "costOfRevenue": "12479000000", "costofGoodsAndServicesSold": "12479000000", "operatingIncome": "18128000000", "sellingGeneralAndAdministrative": "2265000000", "researchAndDevelopment": "0", "operatingExpenses": "21979000000", "investmentIncomeNet": "None", "netInterestIncome": "3806000000", "interestIncome": "13892000000", "interestExpense": "10086000000", "nonInterestIncome": "None", "otherNonOperatingIncome": "None", "depreciation": "None", "depreciationAndAmortization": "1844000000", "incomeBeforeTax": "11237000000", "incomeTaxExpense": "2350000000", "interestAndDebtExpense": "None", "netIncomeFromContinuingOperations": "8887000000", "comprehensiveIncomeNetOfTax": "None", "ebit": "16284000000", "ebitda": "18128000000", "netIncome": "8748000000"}, {"fiscalDateEnding": "2017-12-31", "reportedCurrency": "USD", "grossProfit": "35852000000", "totalRevenue": "37945000000", "costOfRevenue": "7790000000", "costofGoodsAndServicesSold": "7790000000", "operatingIncome": "16672000000", "sellingGeneralAndAdministrative": "2169000000", "researchAndDevelopment": "0", "operatingExpenses": "21273000000", "investmentIncomeNet": "None", "netInterestIncome": "3300000000", "interestIncome": "8997000000", "interestExpense": "5697000000", "nonInterestIncome": "None", "otherNonOperatingIncome": "None", "depreciation": "None", "depreciationAndAmortization": "1753000000", "incomeBeforeTax": "10403000000", "incomeTaxExpense": "4168000000", "interestAndDebtExpense": "None", "netIncomeFromContinuingOperations": "6235000000", "comprehensiveIncomeNetOfTax": "None", "ebit": "14919000000", "ebitda": "16672000000", "netIncome": "6111000000"}, {"fiscalDateEnding": "2016-12-31", "reportedCurrency": "USD", "grossProfit": "32711000000", "totalRevenue": "34631000000", "costOfRevenue": "5238000000", "costofGoodsAndServicesSold": "5238000000", "operatingIncome": "14730000000", "sellingGeneralAndAdministrative": "2128000000", "researchAndDevelopment": "0", "operatingExpenses": "19901000000", "investmentIncomeNet": "None", "netInterestIncome": "3698000000", "interestIncome": "7016000000", "interestExpense": "3318000000", "nonInterestIncome": "None", "otherNonOperatingIncome": "None", "depreciation": "None", "depreciationAndAmortization": "1736000000", "incomeBeforeTax": "8848000000", "incomeTaxExpense": "2726000000", "interestAndDebtExpense": "None", "netIncomeFromContinuingOperations": "6122000000", "comprehensiveIncomeNetOfTax": "None", "ebit": "12994000000", "ebitda": "14730000000", "netIncome": "5979000000"}, {"fiscalDateEnding": "2015-12-31", "reportedCurrency": "USD", "grossProfit": "33263000000", "totalRevenue": "35226000000", "costOfRevenue": "4634000000", "costofGoodsAndServicesSold": "4634000000", "operatingIncome": "14849000000", "sellingGeneralAndAdministrative": "2298000000", "researchAndDevelopment": "0", "operatingExpenses": "20377000000", "investmentIncomeNet": "None", "netInterestIncome": "None", "interestIncome": "None", "interestExpense": "2742000000", "nonInterestIncome": "None", "otherNonOperatingIncome": "None", "depreciation": "None", "depreciationAndAmortization": "1433000000", "incomeBeforeTax": "8495000000", "incomeTaxExpense": "2200000000", "interestAndDebtExpense": "None", "netIncomeFromContinuingOperations": "6295000000", "comprehensiveIncomeNetOfTax": "None", "ebit": "13416000000", "ebitda": "14849000000", "netIncome": "6127000000"}, {"fiscalDateEnding": "2014-12-31", "reportedCurrency": "USD", "grossProfit": "32469000000", "totalRevenue": "33977000000", "costOfRevenue": "25694000000", "costofGoodsAndServicesSold": "25694000000", "operatingIncome": "11945000000", "sellingGeneralAndAdministrative": "2117000000", "researchAndDevelopment": "0", "operatingExpenses": "22032000000", "investmentIncomeNet": "None", "netInterestIncome": "None", "interestIncome": "None", "interestExpense": "3678000000", "nonInterestIncome": "None", "otherNonOperatingIncome": "None", "depreciation": "None", "depreciationAndAmortization": "1161000000", "incomeBeforeTax": "3591000000", "incomeTaxExpense": "90000000", "interestAndDebtExpense": "None", "netIncomeFromContinuingOperations": "3681000000", "comprehensiveIncomeNetOfTax": "None", "ebit": "10784000000", "ebitda": "11945000000", "netIncome": "3467000000"}, {"fiscalDateEnding": "2013-12-31", "reportedCurrency": "USD", "grossProfit": "30706000000", "totalRevenue": "32493000000", "costOfRevenue": "25333000000", "costofGoodsAndServicesSold": "25333000000", "operatingIncome": "12185000000", "sellingGeneralAndAdministrative": "1894000000", "researchAndDevelopment": "0", "operatingExpenses": "20308000000", "investmentIncomeNet": "None", "netInterestIncome": "None", "interestIncome": "None", "interestExpense": "4431000000", "nonInterestIncome": "None", "otherNonOperatingIncome": "None", "depreciation": "None", "depreciationAndAmortization": "1511000000", "incomeBeforeTax": "4558000000", "incomeTaxExpense": "902000000", "interestAndDebtExpense": "None", "netIncomeFromContinuingOperations": "3656000000", "comprehensiveIncomeNetOfTax": "None", "ebit": "2089000000", "ebitda": "3600000000", "netIncome": "2932000000"}, {"fiscalDateEnding": "2012-12-31", "reportedCurrency": "USD", "grossProfit": "24395000000", "totalRevenue": "26178000000", "costOfRevenue": "181000000", "costofGoodsAndServicesSold": "181000000", "operatingIncome": "3050000000", "sellingGeneralAndAdministrative": "1922000000", "researchAndDevelopment": "0", "operatingExpenses": "25582000000", "investmentIncomeNet": "None", "netInterestIncome": "None", "interestIncome": "None", "interestExpense": "6187000000", "nonInterestIncome": "None", "otherNonOperatingIncome": "None", "depreciation": "None", "depreciationAndAmortization": "1581000000", "incomeBeforeTax": "596000000", "incomeTaxExpense": "161000000", "interestAndDebtExpense": "None", "netIncomeFromContinuingOperations": "754000000", "comprehensiveIncomeNetOfTax": "None", "ebit": "-1409000000", "ebitda": "172000000", "netIncome": "11000000"}, {"fiscalDateEnding": "2011-12-31", "reportedCurrency": "USD", "grossProfit": "30626000000", "totalRevenue": "32403000000", "costOfRevenue": "1777000000", "costofGoodsAndServicesSold": "1777000000", "operatingIncome": "6286000000", "sellingGeneralAndAdministrative": "19870000000", "researchAndDevelopment": "0", "operatingExpenses": "26117000000", "investmentIncomeNet": "None", "netInterestIncome": "None", "interestIncome": "None", "interestExpense": "6907000000", "nonInterestIncome": "None", "otherNonOperatingIncome": "None", "depreciation": "None", "depreciationAndAmortization": "1404000000", "incomeBeforeTax": "6114000000", "incomeTaxExpense": "1418000000", "interestAndDebtExpense": "None", "netIncomeFromContinuingOperations": "None", "comprehensiveIncomeNetOfTax": "None", "ebit": "12642000000", "ebitda": "14046000000", "netIncome": "4110000000"}, {"fiscalDateEnding": "2010-12-31", "reportedCurrency": "USD", "grossProfit": "29649000000", "totalRevenue": "31622000000", "costOfRevenue": "1973000000", "costofGoodsAndServicesSold": "1973000000", "operatingIncome": "6590000000", "sellingGeneralAndAdministrative": "19144000000", "researchAndDevelopment": "0", "operatingExpenses": "25032000000", "investmentIncomeNet": "None", "netInterestIncome": "None", "interestIncome": "None", "interestExpense": "6414000000", "nonInterestIncome": "None", "otherNonOperatingIncome": "None", "depreciation": "None", "depreciationAndAmortization": "1419000000", "incomeBeforeTax": "6202000000", "incomeTaxExpense": "739000000", "interestAndDebtExpense": "None", "netIncomeFromContinuingOperations": "5463000000", "comprehensiveIncomeNetOfTax": "None", "ebit": "6231000000", "ebitda": "7650000000", "netIncome": "4703000000"}, {"fiscalDateEnding": "2009-12-31", "reportedCurrency": "USD", "grossProfit": "21677000000", "totalRevenue": "23358000000", "costOfRevenue": "1681000000", "costofGoodsAndServicesSold": "1681000000", "operatingIncome": "1208000000", "sellingGeneralAndAdministrative": "17000000000", "researchAndDevelopment": "0", "operatingExpenses": "22150000000", "investmentIncomeNet": "None", "netInterestIncome": "None", "interestIncome": "None", "interestExpense": "6712000000", "nonInterestIncome": "None", "otherNonOperatingIncome": "None", "depreciation": "None", "depreciationAndAmortization": "1224000000", "incomeBeforeTax": "857000000", "incomeTaxExpense": "-336000000", "interestAndDebtExpense": "None", "netIncomeFromContinuingOperations": "None", "comprehensiveIncomeNetOfTax": "None", "ebit": "8115000000", "ebitda": "9339000000", "netIncome": "1346000000"}, {"fiscalDateEnding": "2008-12-31", "reportedCurrency": "USD", "grossProfit": "20085000000", "totalRevenue": "20085000000", "costOfRevenue": "101000000", "costofGoodsAndServicesSold": "101000000", "operatingIncome": "460000000", "sellingGeneralAndAdministrative": "12306000000", "researchAndDevelopment": "None", "operatingExpenses": "19625000000", "investmentIncomeNet": "None", "netInterestIncome": "None", "interestIncome": "None", "interestExpense": "37523000000", "nonInterestIncome": "None", "otherNonOperatingIncome": "None", "depreciation": "None", "depreciationAndAmortization": "794000000", "incomeBeforeTax": "2287000000", "incomeTaxExpense": "480000000", "interestAndDebtExpense": "None", "netIncomeFromContinuingOperations": "None", "comprehensiveIncomeNetOfTax": "None", "ebit": "1013000000", "ebitda": "1807000000", "netIncome": "1707000000"}, {"fiscalDateEnding": "2007-12-31", "reportedCurrency": "USD", "grossProfit": "26370000000", "totalRevenue": "26370000000", "costOfRevenue": "24470000000", "costofGoodsAndServicesSold": "24470000000", "operatingIncome": "2668000000", "sellingGeneralAndAdministrative": "16552000000", "researchAndDevelopment": "None", "operatingExpenses": "23702000000", "investmentIncomeNet": "None", "netInterestIncome": "None", "interestIncome": "None", "interestExpense": "57302000000", "nonInterestIncome": "None", "otherNonOperatingIncome": "None", "depreciation": "None", "depreciationAndAmortization": "475000000", "incomeBeforeTax": "3441000000", "incomeTaxExpense": "831000000", "interestAndDebtExpense": "None", "netIncomeFromContinuingOperations": "None", "comprehensiveIncomeNetOfTax": "None", "ebit": "-472510000", "ebitda": "2490000", "netIncome": "3209000000"}, {"fiscalDateEnding": "2006-12-31", "reportedCurrency": "USD", "grossProfit": "33308000000", "totalRevenue": "33308000000", "costOfRevenue": "22738000000", "costofGoodsAndServicesSold": "22738000000", "operatingIncome": "12573000000", "sellingGeneralAndAdministrative": "14387000000", "researchAndDevelopment": "None", "operatingExpenses": "20735000000", "investmentIncomeNet": "None", "netInterestIncome": "None", "interestIncome": "None", "interestExpense": "41937000000", "nonInterestIncome": "None", "otherNonOperatingIncome": "None", "depreciation": "None", "depreciationAndAmortization": "876000000", "incomeBeforeTax": "11000000000", "incomeTaxExpense": "3275000000", "interestAndDebtExpense": "None", "netIncomeFromContinuingOperations": "None", "comprehensiveIncomeNetOfTax": "None", "ebit": "-918000000", "ebitda": "-42000000", "netIncome": "7472000000"}, {"fiscalDateEnding": "2005-12-31", "reportedCurrency": "USD", "grossProfit": "27345000000", "totalRevenue": "27345000000", "costOfRevenue": "19087000000", "costofGoodsAndServicesSold": "19087000000", "operatingIncome": "10136000000", "sellingGeneralAndAdministrative": "11313000000", "researchAndDevelopment": "None", "operatingExpenses": "17209000000", "investmentIncomeNet": "None", "netInterestIncome": "None", "interestIncome": "None", "interestExpense": "24425000000", "nonInterestIncome": "None", "otherNonOperatingIncome": "None", "depreciation": "None", "depreciationAndAmortization": "815000000", "incomeBeforeTax": "7050000000", "incomeTaxExpense": "1858000000", "interestAndDebtExpense": "None", "netIncomeFromContinuingOperations": "None", "comprehensiveIncomeNetOfTax": "None", "ebit": "-1301000000", "ebitda": "-486000000", "netIncome": "4939000000"}], "quarterlyReports": [{"fiscalDateEnding": "2024-12-31", "reportedCurrency": "USD", "grossProfit": "16108000000", "totalRevenue": "16108000000", "costOfRevenue": "None", "costofGoodsAndServicesSold": "None", "operatingIncome": "8215000000", "sellingGeneralAndAdministrative": "8125000000", "researchAndDevelopment": "None", "operatingExpenses": "7893000000", "investmentIncomeNet": "None", "netInterestIncome": "2552000000", "interestIncome": "13491000000", "interestExpense": "10939000000", "nonInterestIncome": "None", "otherNonOperatingIncome": "None", "depreciation": "None", "depreciationAndAmortization": "-3516000000", "incomeBeforeTax": "4906000000", "incomeTaxExpense": "1182000000", "interestAndDebtExpense": "None", "netIncomeFromContinuingOperations": "3724000000", "comprehensiveIncomeNetOfTax": "None", "ebit": "-1645000000", "ebitda": "-5161000000", "netIncome": "3714000000"}, {"fiscalDateEnding": "2024-09-30", "reportedCurrency": "USD", "grossProfit": "5270000000", "totalRevenue": "13187000000", "costOfRevenue": "7917000000", "costofGoodsAndServicesSold": "7917000000", "operatingIncome": "5491000000", "sellingGeneralAndAdministrative": "6733000000", "researchAndDevelopment": "None", "operatingExpenses": "224000000", "investmentIncomeNet": "None", "netInterestIncome": "2196000000", "interestIncome": "14185000000", "interestExpense": "11989000000", "nonInterestIncome": "None", "otherNonOperatingIncome": "None", "depreciation": "None", "depreciationAndAmortization": "1270000000", "incomeBeforeTax": "4221000000", "incomeTaxExpense": "995000000", "interestAndDebtExpense": "None", "netIncomeFromContinuingOperations": "3226000000", "comprehensiveIncomeNetOfTax": "None", "ebit": "3776000000", "ebitda": "5046000000", "netIncome": "3188000000"}, {"fiscalDateEnding": "2024-06-30", "reportedCurrency": "USD", "grossProfit": "7342000000", "totalRevenue": "14943000000", "costOfRevenue": "7677000000", "costofGoodsAndServicesSold": "7677000000", "operatingIncome": "7021000000", "sellingGeneralAndAdministrative": "753000000", "researchAndDevelopment": "None", "operatingExpenses": "7922000000", "investmentIncomeNet": "None", "netInterestIncome": "2067000000", "interestIncome": "13529000000", "interestExpense": "11462000000", "nonInterestIncome": "None", "otherNonOperatingIncome": "None", "depreciation": "None", "depreciationAndAmortization": "1271000000", "incomeBeforeTax": "4074000000", "incomeTaxExpense": "957000000", "interestAndDebtExpense": "None", "netIncomeFromContinuingOperations": "3117000000", "comprehensiveIncomeNetOfTax": "None", "ebit": "3759000000", "ebitda": "5030000000", "netIncome": "3076000000"}, {"fiscalDateEnding": "2024-03-31", "reportedCurrency": "USD", "grossProfit": "7366000000", "totalRevenue": "15142000000", "costOfRevenue": "7776000000", "costofGoodsAndServicesSold": "7776000000", "operatingIncome": "7149000000", "sellingGeneralAndAdministrative": "639000000", "researchAndDevelopment": "None", "operatingExpenses": "7993000000", "investmentIncomeNet": "None", "netInterestIncome": "1796000000", "interestIncome": "12930000000", "interestExpense": "11134000000", "nonInterestIncome": "None", "otherNonOperatingIncome": "None", "depreciation": "None", "depreciationAndAmortization": "975000000", "incomeBeforeTax": "4395000000", "incomeTaxExpense": "933000000", "interestAndDebtExpense": "None", "netIncomeFromContinuingOperations": "3462000000", "comprehensiveIncomeNetOfTax": "None", "ebit": "4372000000", "ebitda": "5347000000", "netIncome": "3412000000"}, {"fiscalDateEnding": "2023-12-31", "reportedCurrency": "USD", "grossProfit": "12893000000", "totalRevenue": "12893000000", "costOfRevenue": "None", "costofGoodsAndServicesSold": "None", "operatingIncome": "5721000000", "sellingGeneralAndAdministrative": "822000000", "researchAndDevelopment": "None", "operatingExpenses": "7172000000", "investmentIncomeNet": "None", "netInterestIncome": "1897000000", "interestIncome": "14058000000", "interestExpense": "12161000000", "nonInterestIncome": "None", "otherNonOperatingIncome": "None", "depreciation": "None", "depreciationAndAmortization": "1406000000", "incomeBeforeTax": "2096000000", "incomeTaxExpense": "555000000", "interestAndDebtExpense": "None", "netIncomeFromContinuingOperations": "1541000000", "comprehensiveIncomeNetOfTax": "None", "ebit": "4315000000", "ebitda": "5721000000", "netIncome": "1517000000"}, {"fiscalDateEnding": "2023-09-30", "reportedCurrency": "USD", "grossProfit": "5989000000", "totalRevenue": "13139000000", "costOfRevenue": "7150000000", "costofGoodsAndServicesSold": "7150000000", "operatingIncome": "5798000000", "sellingGeneralAndAdministrative": "759000000", "researchAndDevelopment": "None", "operatingExpenses": "7341000000", "investmentIncomeNet": "None", "netInterestIncome": "1977000000", "interestIncome": "13305000000", "interestExpense": "10149000000", "nonInterestIncome": "None", "otherNonOperatingIncome": "None", "depreciation": "None", "depreciationAndAmortization": "988000000", "incomeBeforeTax": "3145000000", "incomeTaxExpense": "710000000", "interestAndDebtExpense": "None", "netIncomeFromContinuingOperations": "2435000000", "comprehensiveIncomeNetOfTax": "None", "ebit": "2967000000", "ebitda": "3955000000", "netIncome": "2408000000"}, {"fiscalDateEnding": "2023-06-30", "reportedCurrency": "USD", "grossProfit": "13296000000", "totalRevenue": "13296000000", "costOfRevenue": "7500000000", "costofGoodsAndServicesSold": "7500000000", "operatingIncome": "5560000000", "sellingGeneralAndAdministrative": "767000000", "researchAndDevelopment": "None", "operatingExpenses": "7736000000", "investmentIncomeNet": "None", "netInterestIncome": "2010000000", "interestIncome": "12048000000", "interestExpense": "8903000000", "nonInterestIncome": "None", "otherNonOperatingIncome": "None", "depreciation": "None", "depreciationAndAmortization": "922000000", "incomeBeforeTax": "2812000000", "incomeTaxExpense": "591000000", "interestAndDebtExpense": "None", "netIncomeFromContinuingOperations": "2221000000", "comprehensiveIncomeNetOfTax": "None", "ebit": "2789000000", "ebitda": "3711000000", "netIncome": "2182000000"}, {"fiscalDateEnding": "2023-03-31", "reportedCurrency": "USD", "grossProfit": "13636000000", "totalRevenue": "13636000000", "costOfRevenue": "7560000000", "costofGoodsAndServicesSold": "7560000000", "operatingIncome": "3760000000", "sellingGeneralAndAdministrative": "6410000000", "researchAndDevelopment": "None", "operatingExpenses": "9876000000", "investmentIncomeNet": "None", "netInterestIncome": "2346000000", "interestIncome": "10379000000", "interestExpense": "7634000000", "nonInterestIncome": "None", "otherNonOperatingIncome": "None", "depreciation": "None", "depreciationAndAmortization": "940000000", "incomeBeforeTax": "3760000000", "incomeTaxExpense": "727000000", "interestAndDebtExpense": "None", "netIncomeFromContinuingOperations": "3033000000", "comprehensiveIncomeNetOfTax": "None", "ebit": "3760000000", "ebitda": "4700000000", "netIncome": "2980000000"}, {"fiscalDateEnding": "2022-12-31", "reportedCurrency": "USD", "grossProfit": "11898000000", "totalRevenue": "12662000000", "costOfRevenue": "26123000000", "costofGoodsAndServicesSold": "26123000000", "operatingIncome": "5456000000", "sellingGeneralAndAdministrative": "853000000", "researchAndDevelopment": "None", "operatingExpenses": "7206000000", "investmentIncomeNet": "None", "netInterestIncome": "2319000000", "interestIncome": "9232000000", "interestExpense": "6913000000", "nonInterestIncome": "None", "otherNonOperatingIncome": "None", "depreciation": "None", "depreciationAndAmortization": "1207000000", "incomeBeforeTax": "2794000000", "incomeTaxExpense": "528000000", "interestAndDebtExpense": "None", "netIncomeFromContinuingOperations": "2266000000", "comprehensiveIncomeNetOfTax": "None", "ebit": "2640945120", "ebitda": "2641000000", "netIncome": "2236000000"}, {"fiscalDateEnding": "2022-09-30", "reportedCurrency": "USD", "grossProfit": "12139000000", "totalRevenue": "12951000000", "costOfRevenue": "6798000000", "costofGoodsAndServicesSold": "6798000000", "operatingIncome": "5938000000", "sellingGeneralAndAdministrative": "755000000", "researchAndDevelopment": "None", "operatingExpenses": "7013000000", "investmentIncomeNet": "None", "netInterestIncome": "2510000000", "interestIncome": "6101000000", "interestExpense": "3591000000", "nonInterestIncome": "None", "otherNonOperatingIncome": "None", "depreciation": "None", "depreciationAndAmortization": "928000000", "incomeBeforeTax": "3388000000", "incomeTaxExpense": "726000000", "interestAndDebtExpense": "None", "netIncomeFromContinuingOperations": "2662000000", "comprehensiveIncomeNetOfTax": "None", "ebit": "2535000000", "ebitda": "3463000000", "netIncome": "2632000000"}, {"fiscalDateEnding": "2022-06-30", "reportedCurrency": "USD", "grossProfit": "12254000000", "totalRevenue": "13031000000", "costOfRevenue": "6737000000", "costofGoodsAndServicesSold": "6737000000", "operatingIncome": "6074000000", "sellingGeneralAndAdministrative": "757000000", "researchAndDevelopment": "None", "operatingExpenses": "6957000000", "investmentIncomeNet": "None", "netInterestIncome": "2282000000", "interestIncome": "3612000000", "interestExpense": "1330000000", "nonInterestIncome": "None", "otherNonOperatingIncome": "None", "depreciation": "None", "depreciationAndAmortization": "921000000", "incomeBeforeTax": "3319000000", "incomeTaxExpense": "783000000", "interestAndDebtExpense": "None", "netIncomeFromContinuingOperations": "2536000000", "comprehensiveIncomeNetOfTax": "None", "ebit": "2972000000", "ebitda": "3893000000", "netIncome": "2495000000"}, {"fiscalDateEnding": "2022-03-31", "reportedCurrency": "USD", "grossProfit": "13919000000", "totalRevenue": "14744000000", "costOfRevenue": "7406000000", "costofGoodsAndServicesSold": "7406000000", "operatingIncome": "7163000000", "sellingGeneralAndAdministrative": "705000000", "researchAndDevelopment": "None", "operatingExpenses": "7581000000", "investmentIncomeNet": "None", "netInterestIncome": "2216000000", "interestIncome": "2650000000", "interestExpense": "434000000", "nonInterestIncome": "None", "otherNonOperatingIncome": "None", "depreciation": "None", "depreciationAndAmortization": "942000000", "incomeBeforeTax": "4588000000", "incomeTaxExpense": "873000000", "interestAndDebtExpense": "None", "netIncomeFromContinuingOperations": "3715000000", "comprehensiveIncomeNetOfTax": "None", "ebit": "4062000000", "ebitda": "5004000000", "netIncome": "3666000000"}, {"fiscalDateEnding": "2021-12-31", "reportedCurrency": "USD", "grossProfit": "13713000000", "totalRevenue": "14519000000", "costOfRevenue": "1133000000", "costofGoodsAndServicesSold": "1133000000", "operatingIncome": "7621000000", "sellingGeneralAndAdministrative": "829000000", "researchAndDevelopment": "None", "operatingExpenses": "6898000000", "investmentIncomeNet": "None", "netInterestIncome": "2089000000", "interestIncome": "2411000000", "interestExpense": "322000000", "nonInterestIncome": "None", "otherNonOperatingIncome": "None", "depreciation": "None", "depreciationAndAmortization": "1237000000", "incomeBeforeTax": "4884000000", "incomeTaxExpense": "1168000000", "interestAndDebtExpense": "None", "netIncomeFromContinuingOperations": "3716000000", "comprehensiveIncomeNetOfTax": "None", "ebit": "6384000000", "ebitda": "7621000000", "netIncome": "3696000000"}, {"fiscalDateEnding": "2021-09-30", "reportedCurrency": "USD", "grossProfit": "6847000000", "totalRevenue": "14729000000", "costOfRevenue": "7081000000", "costofGoodsAndServicesSold": "7081000000", "operatingIncome": "7502000000", "sellingGeneralAndAdministrative": "734000000", "researchAndDevelopment": "None", "operatingExpenses": "7227000000", "investmentIncomeNet": "None", "netInterestIncome": "2063000000", "interestIncome": "2351000000", "interestExpense": "288000000", "nonInterestIncome": "None", "otherNonOperatingIncome": "None", "depreciation": "None", "depreciationAndAmortization": "1035000000", "incomeBeforeTax": "4874000000", "incomeTaxExpense": "1150000000", "interestAndDebtExpense": "None", "netIncomeFromContinuingOperations": "3724000000", "comprehensiveIncomeNetOfTax": "None", "ebit": "4428000000", "ebitda": "5463000000", "netIncome": "3707000000"}, {"fiscalDateEnding": "2021-06-30", "reportedCurrency": "USD", "grossProfit": "13964000000", "totalRevenue": "14686000000", "costOfRevenue": "1142000000", "costofGoodsAndServicesSold": "1142000000", "operatingIncome": "6957000000", "sellingGeneralAndAdministrative": "746000000", "researchAndDevelopment": "None", "operatingExpenses": "7729000000", "investmentIncomeNet": "None", "netInterestIncome": "1865000000", "interestIncome": "2212000000", "interestExpense": "347000000", "nonInterestIncome": "None", "otherNonOperatingIncome": "None", "depreciation": "None", "depreciationAndAmortization": "1057000000", "incomeBeforeTax": "4566000000", "incomeTaxExpense": "1054000000", "interestAndDebtExpense": "None", "netIncomeFromContinuingOperations": "3512000000", "comprehensiveIncomeNetOfTax": "None", "ebit": "4108000000", "ebitda": "5165000000", "netIncome": "3511000000"}, {"fiscalDateEnding": "2021-03-31", "reportedCurrency": "USD", "grossProfit": "14809000000", "totalRevenue": "15817000000", "costOfRevenue": "1319000000", "costofGoodsAndServicesSold": "1319000000", "operatingIncome": "7877000000", "sellingGeneralAndAdministrative": "624000000", "researchAndDevelopment": "None", "operatingExpenses": "7940000000", "investmentIncomeNet": "None", "netInterestIncome": "2028000000", "interestIncome": "2437000000", "interestExpense": "409000000", "nonInterestIncome": "None", "otherNonOperatingIncome": "None", "depreciation": "None", "depreciationAndAmortization": "887000000", "incomeBeforeTax": "5344000000", "incomeTaxExpense": "1176000000", "interestAndDebtExpense": "None", "netIncomeFromContinuingOperations": "4168000000", "comprehensiveIncomeNetOfTax": "None", "ebit": "4831000000", "ebitda": "5718000000", "netIncome": "4120000000"}, {"fiscalDateEnding": "2020-12-31", "reportedCurrency": "USD", "grossProfit": "12864000000", "totalRevenue": "13593000000", "costOfRevenue": "1150000000", "costofGoodsAndServicesSold": "1150000000", "operatingIncome": "6998000000", "sellingGeneralAndAdministrative": "679000000", "researchAndDevelopment": "None", "operatingExpenses": "6595000000", "investmentIncomeNet": "None", "netInterestIncome": "1871000000", "interestIncome": "2245000000", "interestExpense": "374000000", "nonInterestIncome": "None", "otherNonOperatingIncome": "None", "depreciation": "None", "depreciationAndAmortization": "1406000000", "incomeBeforeTax": "4430000000", "incomeTaxExpense": "1018000000", "interestAndDebtExpense": "None", "netIncomeFromContinuingOperations": "3412000000", "comprehensiveIncomeNetOfTax": "None", "ebit": "5592000000", "ebitda": "6998000000", "netIncome": "3385000000"}, {"fiscalDateEnding": "2020-09-30", "reportedCurrency": "USD", "grossProfit": "10960000000", "totalRevenue": "11610000000", "costOfRevenue": "1267000000", "costofGoodsAndServicesSold": "1267000000", "operatingIncome": "5531000000", "sellingGeneralAndAdministrative": "542000000", "researchAndDevelopment": "None", "operatingExpenses": "6079000000", "investmentIncomeNet": "None", "netInterestIncome": "1486000000", "interestIncome": "2056000000", "interestExpense": "570000000", "nonInterestIncome": "None", "otherNonOperatingIncome": "None", "depreciation": "None", "depreciationAndAmortization": "853000000", "incomeBeforeTax": "3487000000", "incomeTaxExpense": "736000000", "interestAndDebtExpense": "None", "netIncomeFromContinuingOperations": "2751000000", "comprehensiveIncomeNetOfTax": "None", "ebit": "3239000000", "ebitda": "4092000000", "netIncome": "2717000000"}, {"fiscalDateEnding": "2020-06-30", "reportedCurrency": "USD", "grossProfit": "12698000000", "totalRevenue": "13421000000", "costOfRevenue": "1474000000", "costofGoodsAndServicesSold": "1474000000", "operatingIncome": "6423000000", "sellingGeneralAndAdministrative": "535000000", "researchAndDevelopment": "None", "operatingExpenses": "6998000000", "investmentIncomeNet": "None", "netInterestIncome": "1600000000", "interestIncome": "2358000000", "interestExpense": "758000000", "nonInterestIncome": "None", "otherNonOperatingIncome": "None", "depreciation": "None", "depreciationAndAmortization": "686000000", "incomeBeforeTax": "4355000000", "incomeTaxExpense": "1119000000", "interestAndDebtExpense": "None", "netIncomeFromContinuingOperations": "3236000000", "comprehensiveIncomeNetOfTax": "None", "ebit": "4130000000", "ebitda": "4816000000", "netIncome": "3196000000"}, {"fiscalDateEnding": "2020-03-31", "reportedCurrency": "USD", "grossProfit": "8747000000", "totalRevenue": "9372000000", "costOfRevenue": "2887000000", "costofGoodsAndServicesSold": "2887000000", "operatingIncome": "4143000000", "sellingGeneralAndAdministrative": "449000000", "researchAndDevelopment": "None", "operatingExpenses": "5229000000", "investmentIncomeNet": "None", "netInterestIncome": "1356000000", "interestIncome": "3503000000", "interestExpense": "2147000000", "nonInterestIncome": "None", "otherNonOperatingIncome": "None", "depreciation": "None", "depreciationAndAmortization": "824000000", "incomeBeforeTax": "2146000000", "incomeTaxExpense": "366000000", "interestAndDebtExpense": "None", "netIncomeFromContinuingOperations": "1780000000", "comprehensiveIncomeNetOfTax": "None", "ebit": "-1241000000", "ebitda": "-417000000", "netIncome": "1698000000"}, {"fiscalDateEnding": "2019-12-31", "reportedCurrency": "USD", "grossProfit": "10224000000", "totalRevenue": "10857000000", "costOfRevenue": "3152000000", "costofGoodsAndServicesSold": "3152000000", "operatingIncome": "4671000000", "sellingGeneralAndAdministrative": "555000000", "researchAndDevelopment": "None", "operatingExpenses": "6186000000", "investmentIncomeNet": "None", "netInterestIncome": "1433000000", "interestIncome": "3952000000", "interestExpense": "2519000000", "nonInterestIncome": "None", "otherNonOperatingIncome": "None", "depreciation": "None", "depreciationAndAmortization": "656000000", "incomeBeforeTax": "2733000000", "incomeTaxExpense": "428000000", "interestAndDebtExpense": "None", "netIncomeFromContinuingOperations": "2305000000", "comprehensiveIncomeNetOfTax": "None", "ebit": "4015000000", "ebitda": "4671000000", "netIncome": "2239000000"}, {"fiscalDateEnding": "2019-09-30", "reportedCurrency": "USD", "grossProfit": "9395000000", "totalRevenue": "10032000000", "costOfRevenue": "3769000000", "costofGoodsAndServicesSold": "3769000000", "operatingIncome": "4564000000", "sellingGeneralAndAdministrative": "531000000", "researchAndDevelopment": "None", "operatingExpenses": "5468000000", "investmentIncomeNet": "None", "netInterestIncome": "1218000000", "interestIncome": "4350000000", "interestExpense": "3132000000", "nonInterestIncome": "None", "otherNonOperatingIncome": "None", "depreciation": "None", "depreciationAndAmortization": "654000000", "incomeBeforeTax": "2710000000", "incomeTaxExpense": "492000000", "interestAndDebtExpense": "None", "netIncomeFromContinuingOperations": "2218000000", "comprehensiveIncomeNetOfTax": "None", "ebit": "1564000000", "ebitda": "2218000000", "netIncome": "2173000000"}, {"fiscalDateEnding": "2019-06-30", "reportedCurrency": "USD", "grossProfit": "9614000000", "totalRevenue": "10244000000", "costOfRevenue": "4107000000", "costofGoodsAndServicesSold": "4107000000", "operatingIncome": "4661000000", "sellingGeneralAndAdministrative": "537000000", "researchAndDevelopment": "None", "operatingExpenses": "5583000000", "investmentIncomeNet": "None", "netInterestIncome": "1029000000", "interestIncome": "4506000000", "interestExpense": "3477000000", "nonInterestIncome": "None", "otherNonOperatingIncome": "None", "depreciation": "None", "depreciationAndAmortization": "675000000", "incomeBeforeTax": "2903000000", "incomeTaxExpense": "657000000", "interestAndDebtExpense": "None", "netIncomeFromContinuingOperations": "2246000000", "comprehensiveIncomeNetOfTax": "None", "ebit": "1571000000", "ebitda": "2246000000", "netIncome": "2201000000"}, {"fiscalDateEnding": "2019-03-31", "reportedCurrency": "USD", "grossProfit": "9693000000", "totalRevenue": "10286000000", "costOfRevenue": "1125000000", "costofGoodsAndServicesSold": "1125000000", "operatingIncome": "4633000000", "sellingGeneralAndAdministrative": "514000000", "researchAndDevelopment": "None", "operatingExpenses": "5653000000", "investmentIncomeNet": "None", "netInterestIncome": "1014000000", "interestIncome": "4290000000", "interestExpense": "3276000000", "nonInterestIncome": "None", "otherNonOperatingIncome": "None", "depreciation": "None", "depreciationAndAmortization": "658000000", "incomeBeforeTax": "2955000000", "incomeTaxExpense": "487000000", "interestAndDebtExpense": "None", "netIncomeFromContinuingOperations": "2468000000", "comprehensiveIncomeNetOfTax": "None", "ebit": "1810000000", "ebitda": "2468000000", "netIncome": "2429000000"}, {"fiscalDateEnding": "2018-12-31", "reportedCurrency": "USD", "grossProfit": "7950000000", "totalRevenue": "8548000000", "costOfRevenue": "1127000000", "costofGoodsAndServicesSold": "1127000000", "operatingIncome": "3578000000", "sellingGeneralAndAdministrative": "605000000", "researchAndDevelopment": "0", "operatingExpenses": "4970000000", "investmentIncomeNet": "None", "netInterestIncome": "None", "interestIncome": "None", "interestExpense": "3122000000", "nonInterestIncome": "None", "otherNonOperatingIncome": "None", "depreciation": "None", "depreciationAndAmortization": "469000000", "incomeBeforeTax": "1857000000", "incomeTaxExpense": "300000000", "interestAndDebtExpense": "None", "netIncomeFromContinuingOperations": "1557000000", "comprehensiveIncomeNetOfTax": "None", "ebit": "3109000000", "ebitda": "3578000000", "netIncome": "1531000000"}, {"fiscalDateEnding": "2018-09-30", "reportedCurrency": "USD", "grossProfit": "9313000000", "totalRevenue": "9872000000", "costOfRevenue": "1072000000", "costofGoodsAndServicesSold": "1072000000", "operatingIncome": "4489000000", "sellingGeneralAndAdministrative": "570000000", "researchAndDevelopment": "0", "operatingExpenses": "5383000000", "investmentIncomeNet": "None", "netInterestIncome": "None", "interestIncome": "None", "interestExpense": "2691000000", "nonInterestIncome": "None", "otherNonOperatingIncome": "None", "depreciation": "None", "depreciationAndAmortization": "468000000", "incomeBeforeTax": "2851000000", "incomeTaxExpense": "696000000", "interestAndDebtExpense": "None", "netIncomeFromContinuingOperations": "2155000000", "comprehensiveIncomeNetOfTax": "None", "ebit": "4021000000", "ebitda": "4489000000", "netIncome": "2112000000"}, {"fiscalDateEnding": "2018-06-30", "reportedCurrency": "USD", "grossProfit": "10001000000", "totalRevenue": "10610000000", "costOfRevenue": "1105000000", "costofGoodsAndServicesSold": "1105000000", "operatingIncome": "4884000000", "sellingGeneralAndAdministrative": "580000000", "researchAndDevelopment": "0", "operatingExpenses": "5726000000", "investmentIncomeNet": "None", "netInterestIncome": "None", "interestIncome": "None", "interestExpense": "2388000000", "nonInterestIncome": "None", "otherNonOperatingIncome": "None", "depreciation": "None", "depreciationAndAmortization": "517000000", "incomeBeforeTax": "3109000000", "incomeTaxExpense": "640000000", "interestAndDebtExpense": "None", "netIncomeFromContinuingOperations": "2469000000", "comprehensiveIncomeNetOfTax": "None", "ebit": "4367000000", "ebitda": "4884000000", "netIncome": "2437000000"}, {"fiscalDateEnding": "2018-03-31", "reportedCurrency": "USD", "grossProfit": "10450000000", "totalRevenue": "11077000000", "costOfRevenue": "7426000000", "costofGoodsAndServicesSold": "7426000000", "operatingIncome": "5177000000", "sellingGeneralAndAdministrative": "510000000", "researchAndDevelopment": "0", "operatingExpenses": "5900000000", "investmentIncomeNet": "None", "netInterestIncome": "None", "interestIncome": "None", "interestExpense": "1885000000", "nonInterestIncome": "None", "otherNonOperatingIncome": "None", "depreciation": "None", "depreciationAndAmortization": "390000000", "incomeBeforeTax": "3420000000", "incomeTaxExpense": "714000000", "interestAndDebtExpense": "None", "netIncomeFromContinuingOperations": "2706000000", "comprehensiveIncomeNetOfTax": "None", "ebit": "4787000000", "ebitda": "5177000000", "netIncome": "2668000000"}, {"fiscalDateEnding": "2017-12-31", "reportedCurrency": "USD", "grossProfit": "8963000000", "totalRevenue": "9500000000", "costOfRevenue": "6715000000", "costofGoodsAndServicesSold": "6715000000", "operatingIncome": "4145000000", "sellingGeneralAndAdministrative": "547000000", "researchAndDevelopment": "0", "operatingExpenses": "5355000000", "investmentIncomeNet": "None", "netInterestIncome": "None", "interestIncome": "None", "interestExpense": "1591000000", "nonInterestIncome": "None", "otherNonOperatingIncome": "None", "depreciation": "None", "depreciationAndAmortization": "413000000", "incomeBeforeTax": "2471000000", "incomeTaxExpense": "1810000000", "interestAndDebtExpense": "None", "netIncomeFromContinuingOperations": "661000000", "comprehensiveIncomeNetOfTax": "None", "ebit": "1868000000", "ebitda": "2281000000", "netIncome": "643000000"}, {"fiscalDateEnding": "2017-09-30", "reportedCurrency": "USD", "grossProfit": "8675000000", "totalRevenue": "9197000000", "costOfRevenue": "6327000000", "costofGoodsAndServicesSold": "6327000000", "operatingIncome": "4036000000", "sellingGeneralAndAdministrative": "534000000", "researchAndDevelopment": "0", "operatingExpenses": "5161000000", "investmentIncomeNet": "None", "netInterestIncome": "None", "interestIncome": "None", "interestExpense": "1557000000", "nonInterestIncome": "None", "otherNonOperatingIncome": "None", "depreciation": "None", "depreciationAndAmortization": "451000000", "incomeBeforeTax": "2482000000", "incomeTaxExpense": "697000000", "interestAndDebtExpense": "None", "netIncomeFromContinuingOperations": "1785000000", "comprehensiveIncomeNetOfTax": "None", "ebit": "3585000000", "ebitda": "4036000000", "netIncome": "1781000000"}, {"fiscalDateEnding": "2017-06-30", "reportedCurrency": "USD", "grossProfit": "8978000000", "totalRevenue": "9503000000", "costOfRevenue": "6420000000", "costofGoodsAndServicesSold": "6420000000", "operatingIncome": "4202000000", "sellingGeneralAndAdministrative": "561000000", "researchAndDevelopment": "0", "operatingExpenses": "5301000000", "investmentIncomeNet": "None", "netInterestIncome": "None", "interestIncome": "None", "interestExpense": "1355000000", "nonInterestIncome": "None", "otherNonOperatingIncome": "None", "depreciation": "None", "depreciationAndAmortization": "455000000", "incomeBeforeTax": "2642000000", "incomeTaxExpense": "846000000", "interestAndDebtExpense": "None", "netIncomeFromContinuingOperations": "1796000000", "comprehensiveIncomeNetOfTax": "None", "ebit": "3747000000", "ebitda": "4202000000", "netIncome": "1757000000"}, {"fiscalDateEnding": "2017-03-31", "reportedCurrency": "USD", "grossProfit": "9236000000", "totalRevenue": "9745000000", "costOfRevenue": "6514000000", "costofGoodsAndServicesSold": "6514000000", "operatingIncome": "4289000000", "sellingGeneralAndAdministrative": "527000000", "researchAndDevelopment": "0", "operatingExpenses": "5456000000", "investmentIncomeNet": "None", "netInterestIncome": "None", "interestIncome": "None", "interestExpense": "1194000000", "nonInterestIncome": "None", "otherNonOperatingIncome": "None", "depreciation": "None", "depreciationAndAmortization": "434000000", "incomeBeforeTax": "2808000000", "incomeTaxExpense": "815000000", "interestAndDebtExpense": "None", "netIncomeFromContinuingOperations": "1993000000", "comprehensiveIncomeNetOfTax": "None", "ebit": "3855000000", "ebitda": "4289000000", "netIncome": "1930000000"}, {"fiscalDateEnding": "2016-12-31", "reportedCurrency": "USD", "grossProfit": "8541000000", "totalRevenue": "9021000000", "costOfRevenue": "6431000000", "costofGoodsAndServicesSold": "6431000000", "operatingIncome": "3880000000", "sellingGeneralAndAdministrative": "578000000", "researchAndDevelopment": "0", "operatingExpenses": "5141000000", "investmentIncomeNet": "None", "netInterestIncome": "None", "interestIncome": "None", "interestExpense": "985000000", "nonInterestIncome": "None", "otherNonOperatingIncome": "None", "depreciation": "None", "depreciationAndAmortization": "379000000", "incomeBeforeTax": "2246000000", "incomeTaxExpense": "566000000", "interestAndDebtExpense": "None", "netIncomeFromContinuingOperations": "1680000000", "comprehensiveIncomeNetOfTax": "None", "ebit": "3501000000", "ebitda": "3880000000", "netIncome": "1666000000"}, {"fiscalDateEnding": "2016-09-30", "reportedCurrency": "USD", "grossProfit": "8418000000", "totalRevenue": "8909000000", "costOfRevenue": "6061000000", "costofGoodsAndServicesSold": "6061000000", "operatingIncome": "3854000000", "sellingGeneralAndAdministrative": "489000000", "researchAndDevelopment": "0", "operatingExpenses": "5055000000", "investmentIncomeNet": "None", "netInterestIncome": "None", "interestIncome": "None", "interestExpense": "731000000", "nonInterestIncome": "None", "otherNonOperatingIncome": "None", "depreciation": "None", "depreciationAndAmortization": "478000000", "incomeBeforeTax": "2381000000", "incomeTaxExpense": "749000000", "interestAndDebtExpense": "None", "netIncomeFromContinuingOperations": "1632000000", "comprehensiveIncomeNetOfTax": "None", "ebit": "3376000000", "ebitda": "3854000000", "netIncome": "1597000000"}, {"fiscalDateEnding": "2016-06-30", "reportedCurrency": "USD", "grossProfit": "8425000000", "totalRevenue": "8909000000", "costOfRevenue": "5977000000", "costofGoodsAndServicesSold": "5977000000", "operatingIncome": "3864000000", "sellingGeneralAndAdministrative": "547000000", "researchAndDevelopment": "0", "operatingExpenses": "5045000000", "investmentIncomeNet": "None", "netInterestIncome": "None", "interestIncome": "None", "interestExpense": "754000000", "nonInterestIncome": "None", "otherNonOperatingIncome": "None", "depreciation": "None", "depreciationAndAmortization": "464000000", "incomeBeforeTax": "2483000000", "incomeTaxExpense": "833000000", "interestAndDebtExpense": "None", "netIncomeFromContinuingOperations": "1650000000", "comprehensiveIncomeNetOfTax": "None", "ebit": "-2214000000", "ebitda": "-1750000000", "netIncome": "1582000000"}, {"fiscalDateEnding": "2016-03-31", "reportedCurrency": "USD", "grossProfit": "7327000000", "totalRevenue": "7792000000", "costOfRevenue": "5661000000", "costofGoodsAndServicesSold": "5661000000", "operatingIncome": "3132000000", "sellingGeneralAndAdministrative": "514000000", "researchAndDevelopment": "0", "operatingExpenses": "4660000000", "investmentIncomeNet": "None", "netInterestIncome": "None", "interestIncome": "None", "interestExpense": "848000000", "nonInterestIncome": "None", "otherNonOperatingIncome": "None", "depreciation": "None", "depreciationAndAmortization": "415000000", "incomeBeforeTax": "1738000000", "incomeTaxExpense": "578000000", "interestAndDebtExpense": "None", "netIncomeFromContinuingOperations": "1160000000", "comprehensiveIncomeNetOfTax": "None", "ebit": "-1972000000", "ebitda": "-1557000000", "netIncome": "1134000000"}, {"fiscalDateEnding": "2015-12-31", "reportedCurrency": "USD", "grossProfit": "7281000000", "totalRevenue": "7740000000", "costOfRevenue": "5916000000", "costofGoodsAndServicesSold": "5916000000", "operatingIncome": "3065000000", "sellingGeneralAndAdministrative": "638000000", "researchAndDevelopment": "0", "operatingExpenses": "4675000000", "investmentIncomeNet": "None", "netInterestIncome": "None", "interestIncome": "None", "interestExpense": "477000000", "nonInterestIncome": "None", "otherNonOperatingIncome": "None", "depreciation": "None", "depreciationAndAmortization": "410000000", "incomeBeforeTax": "1439000000", "incomeTaxExpense": "496000000", "interestAndDebtExpense": "None", "netIncomeFromContinuingOperations": "943000000", "comprehensiveIncomeNetOfTax": "None", "ebit": "846000000", "ebitda": "1256000000", "netIncome": "908000000"}, {"fiscalDateEnding": "2015-09-30", "reportedCurrency": "USD", "grossProfit": "7282000000", "totalRevenue": "7777000000", "costOfRevenue": "5940000000", "costofGoodsAndServicesSold": "5940000000", "operatingIncome": "3265000000", "sellingGeneralAndAdministrative": "576000000", "researchAndDevelopment": "0", "operatingExpenses": "4512000000", "investmentIncomeNet": "None", "netInterestIncome": "None", "interestIncome": "None", "interestExpense": "689000000", "nonInterestIncome": "None", "otherNonOperatingIncome": "None", "depreciation": "None", "depreciationAndAmortization": "369000000", "incomeBeforeTax": "1474000000", "incomeTaxExpense": "423000000", "interestAndDebtExpense": "None", "netIncomeFromContinuingOperations": "1051000000", "comprehensiveIncomeNetOfTax": "None", "ebit": "-2214000000", "ebitda": "-1845000000", "netIncome": "1018000000"}, {"fiscalDateEnding": "2015-06-30", "reportedCurrency": "USD", "grossProfit": "9256000000", "totalRevenue": "9802000000", "costOfRevenue": "6700000000", "costofGoodsAndServicesSold": "6700000000", "operatingIncome": "4269000000", "sellingGeneralAndAdministrative": "598000000", "researchAndDevelopment": "0", "operatingExpenses": "5533000000", "investmentIncomeNet": "None", "netInterestIncome": "None", "interestIncome": "None", "interestExpense": "688000000", "nonInterestIncome": "None", "otherNonOperatingIncome": "None", "depreciation": "None", "depreciationAndAmortization": "333000000", "incomeBeforeTax": "2727000000", "incomeTaxExpense": "894000000", "interestAndDebtExpense": "None", "netIncomeFromContinuingOperations": "1833000000", "comprehensiveIncomeNetOfTax": "None", "ebit": "-2436000000", "ebitda": "-2103000000", "netIncome": "1807000000"}, {"fiscalDateEnding": "2015-03-31", "reportedCurrency": "USD", "grossProfit": "9444000000", "totalRevenue": "9907000000", "costOfRevenue": "6749000000", "costofGoodsAndServicesSold": "6749000000", "operatingIncome": "4405000000", "sellingGeneralAndAdministrative": "486000000", "researchAndDevelopment": "0", "operatingExpenses": "5502000000", "investmentIncomeNet": "None", "netInterestIncome": "None", "interestIncome": "None", "interestExpense": "888000000", "nonInterestIncome": "None", "otherNonOperatingIncome": "None", "depreciation": "None", "depreciationAndAmortization": "321000000", "incomeBeforeTax": "2855000000", "incomeTaxExpense": "387000000", "interestAndDebtExpense": "None", "netIncomeFromContinuingOperations": "2468000000", "comprehensiveIncomeNetOfTax": "None", "ebit": "-1937000000", "ebitda": "-1616000000", "netIncome": "2394000000"}, {"fiscalDateEnding": "2014-12-31", "reportedCurrency": "USD", "grossProfit": "7296000000", "totalRevenue": "7607000000", "costOfRevenue": "6409000000", "costofGoodsAndServicesSold": "6409000000", "operatingIncome": "1342000000", "sellingGeneralAndAdministrative": "611000000", "researchAndDevelopment": "0", "operatingExpenses": "6265000000", "investmentIncomeNet": "None", "netInterestIncome": "None", "interestIncome": "None", "interestExpense": "833000000", "nonInterestIncome": "None", "otherNonOperatingIncome": "None", "depreciation": "None", "depreciationAndAmortization": "413000000", "incomeBeforeTax": "-2931000000", "incomeTaxExpense": "1353000000", "interestAndDebtExpense": "None", "netIncomeFromContinuingOperations": "-1539000000", "comprehensiveIncomeNetOfTax": "None", "ebit": "-798000000", "ebitda": "-385000000", "netIncome": "-1630000000"}, {"fiscalDateEnding": "2014-09-30", "reportedCurrency": "USD", "grossProfit": "8470000000", "totalRevenue": "8764000000", "costOfRevenue": "6565000000", "costofGoodsAndServicesSold": "6565000000", "operatingIncome": "3518000000", "sellingGeneralAndAdministrative": "522000000", "researchAndDevelopment": "0", "operatingExpenses": "5246000000", "investmentIncomeNet": "None", "netInterestIncome": "None", "interestIncome": "None", "interestExpense": "827000000", "nonInterestIncome": "None", "otherNonOperatingIncome": "None", "depreciation": "None", "depreciationAndAmortization": "136000000", "incomeBeforeTax": "2220000000", "incomeTaxExpense": "463000000", "interestAndDebtExpense": "None", "netIncomeFromContinuingOperations": "1757000000", "comprehensiveIncomeNetOfTax": "None", "ebit": "-1761000000", "ebitda": "-1625000000", "netIncome": "1693000000"}, {"fiscalDateEnding": "2014-06-30", "reportedCurrency": "USD", "grossProfit": "8150000000", "totalRevenue": "8655000000", "costOfRevenue": "6407000000", "costofGoodsAndServicesSold": "6407000000", "operatingIncome": "3401000000", "sellingGeneralAndAdministrative": "531000000", "researchAndDevelopment": "0", "operatingExpenses": "5254000000", "investmentIncomeNet": "None", "netInterestIncome": "None", "interestIncome": "None", "interestExpense": "983000000", "nonInterestIncome": "None", "otherNonOperatingIncome": "None", "depreciation": "None", "depreciationAndAmortization": "286000000", "incomeBeforeTax": "1932000000", "incomeTaxExpense": "15000000", "interestAndDebtExpense": "None", "netIncomeFromContinuingOperations": "1918000000", "comprehensiveIncomeNetOfTax": "None", "ebit": "1549000000", "ebitda": "1835000000", "netIncome": "1899000000"}, {"fiscalDateEnding": "2014-03-31", "reportedCurrency": "USD", "grossProfit": "8486000000", "totalRevenue": "8951000000", "costOfRevenue": "6313000000", "costofGoodsAndServicesSold": "6313000000", "operatingIncome": "3684000000", "sellingGeneralAndAdministrative": "453000000", "researchAndDevelopment": "0", "operatingExpenses": "5267000000", "investmentIncomeNet": "None", "netInterestIncome": "None", "interestIncome": "None", "interestExpense": "1035000000", "nonInterestIncome": "None", "otherNonOperatingIncome": "None", "depreciation": "None", "depreciationAndAmortization": "326000000", "incomeBeforeTax": "2370000000", "incomeTaxExpense": "785000000", "interestAndDebtExpense": "None", "netIncomeFromContinuingOperations": "1545000000", "comprehensiveIncomeNetOfTax": "None", "ebit": "1909000000", "ebitda": "2235000000", "netIncome": "1505000000"}, {"fiscalDateEnding": "2013-12-31", "reportedCurrency": "USD", "grossProfit": "7413000000", "totalRevenue": "7780000000", "costOfRevenue": "6000000", "costofGoodsAndServicesSold": "6000000", "operatingIncome": "2679000000", "sellingGeneralAndAdministrative": "548000000", "researchAndDevelopment": "0", "operatingExpenses": "5101000000", "investmentIncomeNet": "None", "netInterestIncome": "None", "interestIncome": "None", "interestExpense": "800000000", "nonInterestIncome": "None", "otherNonOperatingIncome": "None", "depreciation": "None", "depreciationAndAmortization": "427000000", "incomeBeforeTax": "-202000000", "incomeTaxExpense": "386000000", "interestAndDebtExpense": "None", "netIncomeFromContinuingOperations": "186000000", "comprehensiveIncomeNetOfTax": "None", "ebit": "6000000", "ebitda": "433000000", "netIncome": "84000000"}, {"fiscalDateEnding": "2013-09-30", "reportedCurrency": "USD", "grossProfit": "7516000000", "totalRevenue": "7956000000", "costOfRevenue": "6635000000", "costofGoodsAndServicesSold": "6635000000", "operatingIncome": "3017000000", "sellingGeneralAndAdministrative": "448000000", "researchAndDevelopment": "0", "operatingExpenses": "4939000000", "investmentIncomeNet": "None", "netInterestIncome": "None", "interestIncome": "None", "interestExpense": "1151000000", "nonInterestIncome": "None", "otherNonOperatingIncome": "None", "depreciation": "None", "depreciationAndAmortization": "368000000", "incomeBeforeTax": "1365000000", "incomeTaxExpense": "363000000", "interestAndDebtExpense": "None", "netIncomeFromContinuingOperations": "1000000000", "comprehensiveIncomeNetOfTax": "None", "ebit": "859000000", "ebitda": "1227000000", "netIncome": "906000000"}, {"fiscalDateEnding": "2013-06-30", "reportedCurrency": "USD", "grossProfit": "8047000000", "totalRevenue": "8517000000", "costOfRevenue": "6771000000", "costofGoodsAndServicesSold": "6771000000", "operatingIncome": "2495000000", "sellingGeneralAndAdministrative": "458000000", "researchAndDevelopment": "0", "operatingExpenses": "6723000000", "investmentIncomeNet": "None", "netInterestIncome": "None", "interestIncome": "None", "interestExpense": "1064000000", "nonInterestIncome": "None", "otherNonOperatingIncome": "None", "depreciation": "None", "depreciationAndAmortization": "356000000", "incomeBeforeTax": "1794000000", "incomeTaxExpense": "574000000", "interestAndDebtExpense": "None", "netIncomeFromContinuingOperations": "1220000000", "comprehensiveIncomeNetOfTax": "None", "ebit": "1050000000", "ebitda": "1406000000", "netIncome": "832000000"}, {"fiscalDateEnding": "2013-03-31", "reportedCurrency": "USD", "grossProfit": "7730000000", "totalRevenue": "8175000000", "costOfRevenue": "6608000000", "costofGoodsAndServicesSold": "6608000000", "operatingIncome": "2127000000", "sellingGeneralAndAdministrative": "440000000", "researchAndDevelopment": "0", "operatingExpenses": "6574000000", "investmentIncomeNet": "None", "netInterestIncome": "None", "interestIncome": "None", "interestExpense": "1206000000", "nonInterestIncome": "None", "otherNonOperatingIncome": "None", "depreciation": "None", "depreciationAndAmortization": "360000000", "incomeBeforeTax": "1601000000", "incomeTaxExpense": "351000000", "interestAndDebtExpense": "None", "netIncomeFromContinuingOperations": "1250000000", "comprehensiveIncomeNetOfTax": "None", "ebit": "946000000", "ebitda": "1306000000", "netIncome": "955000000"}, {"fiscalDateEnding": "2012-12-31", "reportedCurrency": "USD", "grossProfit": "5218000000", "totalRevenue": "6869000000", "costOfRevenue": "1379000000", "costofGoodsAndServicesSold": "1379000000", "operatingIncome": "1346000000", "sellingGeneralAndAdministrative": "557000000", "researchAndDevelopment": "0", "operatingExpenses": "6005000000", "investmentIncomeNet": "None", "netInterestIncome": "None", "interestIncome": "None", "interestExpense": "1303000000", "nonInterestIncome": "None", "otherNonOperatingIncome": "None", "depreciation": "None", "depreciationAndAmortization": "363000000", "incomeBeforeTax": "864000000", "incomeTaxExpense": "10000000", "interestAndDebtExpense": "None", "netIncomeFromContinuingOperations": "0", "comprehensiveIncomeNetOfTax": "None", "ebit": "282000000", "ebitda": "645000000", "netIncome": "635000000"}, {"fiscalDateEnding": "2012-09-30", "reportedCurrency": "USD", "grossProfit": "5289000000", "totalRevenue": "5289000000", "costOfRevenue": "-5632000000", "costofGoodsAndServicesSold": "-5632000000", "operatingIncome": "-1443000000", "sellingGeneralAndAdministrative": "476000000", "researchAndDevelopment": "0", "operatingExpenses": "6732000000", "investmentIncomeNet": "None", "netInterestIncome": "None", "interestIncome": "None", "interestExpense": "1536000000", "nonInterestIncome": "None", "otherNonOperatingIncome": "None", "depreciation": "None", "depreciationAndAmortization": "425000000", "incomeBeforeTax": "-1480000000", "incomeTaxExpense": "-524000000", "interestAndDebtExpense": "None", "netIncomeFromContinuingOperations": "0", "comprehensiveIncomeNetOfTax": "None", "ebit": "-949000000", "ebitda": "-524000000", "netIncome": "-1023000000"}, {"fiscalDateEnding": "2012-06-30", "reportedCurrency": "USD", "grossProfit": "6953000000", "totalRevenue": "6953000000", "costOfRevenue": "5632000000", "costofGoodsAndServicesSold": "5632000000", "operatingIncome": "948000000", "sellingGeneralAndAdministrative": "4525000000", "researchAndDevelopment": "0", "operatingExpenses": "6005000000", "investmentIncomeNet": "None", "netInterestIncome": "None", "interestIncome": "None", "interestExpense": "1484000000", "nonInterestIncome": "None", "otherNonOperatingIncome": "None", "depreciation": "None", "depreciationAndAmortization": "418000000", "incomeBeforeTax": "940000000", "incomeTaxExpense": "226000000", "interestAndDebtExpense": "None", "netIncomeFromContinuingOperations": "0", "comprehensiveIncomeNetOfTax": "None", "ebit": "2301000000", "ebitda": "2719000000", "netIncome": "564000000"}, {"fiscalDateEnding": "2012-03-31", "reportedCurrency": "USD", "grossProfit": "6935000000", "totalRevenue": "6935000000", "costOfRevenue": "6392000000", "costofGoodsAndServicesSold": "6392000000", "operatingIncome": "213000000", "sellingGeneralAndAdministrative": "5293000000", "researchAndDevelopment": "0", "operatingExpenses": "6722000000", "investmentIncomeNet": "None", "netInterestIncome": "None", "interestIncome": "None", "interestExpense": "1601000000", "nonInterestIncome": "None", "otherNonOperatingIncome": "None", "depreciation": "None", "depreciationAndAmortization": "375000000", "incomeBeforeTax": "203000000", "incomeTaxExpense": "54000000", "interestAndDebtExpense": "None", "netIncomeFromContinuingOperations": "0", "comprehensiveIncomeNetOfTax": "None", "ebit": "1561000000", "ebitda": "1936000000", "netIncome": "-94000000"}, {"fiscalDateEnding": "2011-12-31", "reportedCurrency": "USD", "grossProfit": "3817000000", "totalRevenue": "3817000000", "costOfRevenue": "5878000000", "costofGoodsAndServicesSold": "5878000000", "operatingIncome": "-2265000000", "sellingGeneralAndAdministrative": "2357000000", "researchAndDevelopment": "0", "operatingExpenses": "6082000000", "investmentIncomeNet": "None", "netInterestIncome": "None", "interestIncome": "None", "interestExpense": "1416000000", "nonInterestIncome": "None", "otherNonOperatingIncome": "None", "depreciation": "None", "depreciationAndAmortization": "217000000", "incomeBeforeTax": "-380000000", "incomeTaxExpense": "-278000000", "interestAndDebtExpense": "None", "netIncomeFromContinuingOperations": "0", "comprehensiveIncomeNetOfTax": "None", "ebit": "1095000000", "ebitda": "1312000000", "netIncome": "-250000000"}, {"fiscalDateEnding": "2011-09-30", "reportedCurrency": "USD", "grossProfit": "9892000000", "totalRevenue": "9892000000", "costOfRevenue": "5755000000", "costofGoodsAndServicesSold": "5755000000", "operatingIncome": "3767000000", "sellingGeneralAndAdministrative": "4592000000", "researchAndDevelopment": "0", "operatingExpenses": "6125000000", "investmentIncomeNet": "None", "netInterestIncome": "None", "interestIncome": "None", "interestExpense": "1609000000", "nonInterestIncome": "None", "otherNonOperatingIncome": "None", "depreciation": "None", "depreciationAndAmortization": "428000000", "incomeBeforeTax": "3678000000", "incomeTaxExpense": "1410000000", "interestAndDebtExpense": "None", "netIncomeFromContinuingOperations": "2268000000", "comprehensiveIncomeNetOfTax": "None", "ebit": "5218000000", "ebitda": "5646000000", "netIncome": "2153000000"}, {"fiscalDateEnding": "2011-06-30", "reportedCurrency": "USD", "grossProfit": "9282000000", "totalRevenue": "9282000000", "costOfRevenue": "6917000000", "costofGoodsAndServicesSold": "6917000000", "operatingIncome": "2045000000", "sellingGeneralAndAdministrative": "5539000000", "researchAndDevelopment": "0", "operatingExpenses": "7237000000", "investmentIncomeNet": "None", "netInterestIncome": "None", "interestIncome": "None", "interestExpense": "2029000000", "nonInterestIncome": "None", "otherNonOperatingIncome": "None", "depreciation": "None", "depreciationAndAmortization": "380000000", "incomeBeforeTax": "1944000000", "incomeTaxExpense": "542000000", "interestAndDebtExpense": "None", "netIncomeFromContinuingOperations": "1402000000", "comprehensiveIncomeNetOfTax": "None", "ebit": "3764000000", "ebitda": "4144000000", "netIncome": "1193000000"}, {"fiscalDateEnding": "2011-03-31", "reportedCurrency": "USD", "grossProfit": "7635000000", "totalRevenue": "8238000000", "costOfRevenue": "603000000", "costofGoodsAndServicesSold": "603000000", "operatingIncome": "1565000000", "sellingGeneralAndAdministrative": "5183000000", "researchAndDevelopment": "0", "operatingExpenses": "6673000000", "investmentIncomeNet": "None", "netInterestIncome": "None", "interestIncome": "None", "interestExpense": "1853000000", "nonInterestIncome": "None", "otherNonOperatingIncome": "None", "depreciation": "None", "depreciationAndAmortization": "379000000", "incomeBeforeTax": "872000000", "incomeTaxExpense": "-256000000", "interestAndDebtExpense": "None", "netIncomeFromContinuingOperations": "1128000000", "comprehensiveIncomeNetOfTax": "None", "ebit": "2565000000", "ebitda": "2944000000", "netIncome": "736000000"}, {"fiscalDateEnding": "2010-12-31", "reportedCurrency": "USD", "grossProfit": "5844000000", "totalRevenue": "5844000000", "costOfRevenue": "6726000000", "costofGoodsAndServicesSold": "6726000000", "operatingIncome": "-392000000", "sellingGeneralAndAdministrative": "1787000000", "researchAndDevelopment": "0", "operatingExpenses": "6236000000", "investmentIncomeNet": "None", "netInterestIncome": "None", "interestIncome": "None", "interestExpense": "1692000000", "nonInterestIncome": "None", "otherNonOperatingIncome": "None", "depreciation": "None", "depreciationAndAmortization": "-418000000", "incomeBeforeTax": "1190000000", "incomeTaxExpense": "89000000", "interestAndDebtExpense": "None", "netIncomeFromContinuingOperations": "0", "comprehensiveIncomeNetOfTax": "None", "ebit": "2724000000", "ebitda": "2306000000", "netIncome": "836000000"}, {"fiscalDateEnding": "2010-09-30", "reportedCurrency": "USD", "grossProfit": "6779000000", "totalRevenue": "6779000000", "costOfRevenue": "5726000000", "costofGoodsAndServicesSold": "5726000000", "operatingIncome": "800000000", "sellingGeneralAndAdministrative": "4430000000", "researchAndDevelopment": "0", "operatingExpenses": "5979000000", "investmentIncomeNet": "None", "netInterestIncome": "None", "interestIncome": "None", "interestExpense": "1754000000", "nonInterestIncome": "None", "otherNonOperatingIncome": "None", "depreciation": "None", "depreciationAndAmortization": "646000000", "incomeBeforeTax": "800000000", "incomeTaxExpense": "-23000000", "interestAndDebtExpense": "None", "netIncomeFromContinuingOperations": "0", "comprehensiveIncomeNetOfTax": "None", "ebit": "1862000000", "ebitda": "2508000000", "netIncome": "131000000"}, {"fiscalDateEnding": "2010-06-30", "reportedCurrency": "USD", "grossProfit": "7950000000", "totalRevenue": "7950000000", "costOfRevenue": "6011000000", "costofGoodsAndServicesSold": "6011000000", "operatingIncome": "1690000000", "sellingGeneralAndAdministrative": "4674000000", "researchAndDevelopment": "0", "operatingExpenses": "6260000000", "investmentIncomeNet": "None", "netInterestIncome": "None", "interestIncome": "None", "interestExpense": "1603000000", "nonInterestIncome": "None", "otherNonOperatingIncome": "None", "depreciation": "None", "depreciationAndAmortization": "1037000000", "incomeBeforeTax": "1678000000", "incomeTaxExpense": "217000000", "interestAndDebtExpense": "None", "netIncomeFromContinuingOperations": "0", "comprehensiveIncomeNetOfTax": "None", "ebit": "3780000000", "ebitda": "4817000000", "netIncome": "1578000000"}, {"fiscalDateEnding": "2010-03-31", "reportedCurrency": "USD", "grossProfit": "9078000000", "totalRevenue": "9078000000", "costOfRevenue": "6533000000", "costofGoodsAndServicesSold": "6533000000", "operatingIncome": "2521000000", "sellingGeneralAndAdministrative": "5161000000", "researchAndDevelopment": "0", "operatingExpenses": "6557000000", "investmentIncomeNet": "None", "netInterestIncome": "None", "interestIncome": "None", "interestExpense": "1367000000", "nonInterestIncome": "None", "otherNonOperatingIncome": "None", "depreciation": "None", "depreciationAndAmortization": "154000000", "incomeBeforeTax": "2516000000", "incomeTaxExpense": "436000000", "interestAndDebtExpense": "None", "netIncomeFromContinuingOperations": "0", "comprehensiveIncomeNetOfTax": "None", "ebit": "3579000000", "ebitda": "3733000000", "netIncome": "1411000000"}, {"fiscalDateEnding": "2009-12-31", "reportedCurrency": "USD", "grossProfit": "4645000000", "totalRevenue": "4645000000", "costOfRevenue": "6457000000", "costofGoodsAndServicesSold": "6457000000", "operatingIncome": "-1222000000", "sellingGeneralAndAdministrative": "2603000000", "researchAndDevelopment": "0", "operatingExpenses": "5867000000", "investmentIncomeNet": "None", "netInterestIncome": "None", "interestIncome": "None", "interestExpense": "1053000000", "nonInterestIncome": "None", "otherNonOperatingIncome": "None", "depreciation": "None", "depreciationAndAmortization": "395000000", "incomeBeforeTax": "1169000000", "incomeTaxExpense": "279000000", "interestAndDebtExpense": "None", "netIncomeFromContinuingOperations": "0", "comprehensiveIncomeNetOfTax": "None", "ebit": "2342000000", "ebitda": "2737000000", "netIncome": "617000000"}, {"fiscalDateEnding": "2009-09-30", "reportedCurrency": "USD", "grossProfit": "8675000000", "totalRevenue": "8675000000", "costOfRevenue": "7211000000", "costofGoodsAndServicesSold": "7211000000", "operatingIncome": "1700000000", "sellingGeneralAndAdministrative": "5630000000", "researchAndDevelopment": "0", "operatingExpenses": "6975000000", "investmentIncomeNet": "None", "netInterestIncome": "None", "interestIncome": "None", "interestExpense": "1408000000", "nonInterestIncome": "None", "otherNonOperatingIncome": "None", "depreciation": "None", "depreciationAndAmortization": "466000000", "incomeBeforeTax": "1215000000", "incomeTaxExpense": "422000000", "interestAndDebtExpense": "None", "netIncomeFromContinuingOperations": "0", "comprehensiveIncomeNetOfTax": "None", "ebit": "2587000000", "ebitda": "3053000000", "netIncome": "239000000"}, {"fiscalDateEnding": "2009-06-30", "reportedCurrency": "USD", "grossProfit": "5411000000", "totalRevenue": "5411000000", "costOfRevenue": "5658000000", "costofGoodsAndServicesSold": "5658000000", "operatingIncome": "-370000000", "sellingGeneralAndAdministrative": "4482000000", "researchAndDevelopment": "0", "operatingExpenses": "5781000000", "investmentIncomeNet": "None", "netInterestIncome": "None", "interestIncome": "None", "interestExpense": "1881000000", "nonInterestIncome": "None", "otherNonOperatingIncome": "None", "depreciation": "None", "depreciationAndAmortization": "208000000", "incomeBeforeTax": "-619000000", "incomeTaxExpense": "-333000000", "interestAndDebtExpense": "None", "netIncomeFromContinuingOperations": "0", "comprehensiveIncomeNetOfTax": "None", "ebit": "1697000000", "ebitda": "1905000000", "netIncome": "33000000"}, {"fiscalDateEnding": "2009-03-31", "reportedCurrency": "USD", "grossProfit": "3042000000", "totalRevenue": "3042000000", "costOfRevenue": "3505000000", "costofGoodsAndServicesSold": "3505000000", "operatingIncome": "-485000000", "sellingGeneralAndAdministrative": "2647000000", "researchAndDevelopment": "0", "operatingExpenses": "3527000000", "investmentIncomeNet": "None", "netInterestIncome": "None", "interestIncome": "None", "interestExpense": "2375000000", "nonInterestIncome": "None", "otherNonOperatingIncome": "None", "depreciation": "None", "depreciationAndAmortization": "155000000", "incomeBeforeTax": "-885000000", "incomeTaxExpense": "-695000000", "interestAndDebtExpense": "None", "netIncomeFromContinuingOperations": "0", "comprehensiveIncomeNetOfTax": "None", "ebit": "1102000000", "ebitda": "1257000000", "netIncome": "-578000000"}, {"fiscalDateEnding": "2008-12-31", "reportedCurrency": "USD", "grossProfit": "-2833000000", "totalRevenue": "-2833000000", "costOfRevenue": "None", "costofGoodsAndServicesSold": "None", "operatingIncome": "-8198000000", "sellingGeneralAndAdministrative": "1580000000", "researchAndDevelopment": "None", "operatingExpenses": "5373000000", "investmentIncomeNet": "None", "netInterestIncome": "None", "interestIncome": "None", "interestExpense": "5998000000", "nonInterestIncome": "None", "otherNonOperatingIncome": "None", "depreciation": "None", "depreciationAndAmortization": "485000000", "incomeBeforeTax": "-3350000000", "incomeTaxExpense": "-1155000000", "interestAndDebtExpense": "None", "netIncomeFromContinuingOperations": "None", "comprehensiveIncomeNetOfTax": "None", "ebit": "2548000000", "ebitda": "3033000000", "netIncome": "-2295000000"}, {"fiscalDateEnding": "2008-09-30", "reportedCurrency": "USD", "grossProfit": "8057000000", "totalRevenue": "8057000000", "costOfRevenue": "3534000000", "costofGoodsAndServicesSold": "3534000000", "operatingIncome": "5508000000", "sellingGeneralAndAdministrative": "3695000000", "researchAndDevelopment": "0", "operatingExpenses": "2549000000", "investmentIncomeNet": "None", "netInterestIncome": "None", "interestIncome": "None", "interestExpense": "8650000000", "nonInterestIncome": "None", "otherNonOperatingIncome": "None", "depreciation": "None", "depreciationAndAmortization": "100000000", "incomeBeforeTax": "1956000000", "incomeTaxExpense": "531000000", "interestAndDebtExpense": "None", "netIncomeFromContinuingOperations": "0", "comprehensiveIncomeNetOfTax": "None", "ebit": "10606000000", "ebitda": "10706000000", "netIncome": "1414000000"}, {"fiscalDateEnding": "2008-06-30", "reportedCurrency": "USD", "grossProfit": "6529000000", "totalRevenue": "6529000000", "costOfRevenue": "5699000000", "costofGoodsAndServicesSold": "5699000000", "operatingIncome": "1580000000", "sellingGeneralAndAdministrative": "2960000000", "researchAndDevelopment": "0", "operatingExpenses": "4949000000", "investmentIncomeNet": "None", "netInterestIncome": "None", "interestIncome": "None", "interestExpense": "10013000000", "nonInterestIncome": "None", "otherNonOperatingIncome": "None", "depreciation": "None", "depreciationAndAmortization": "83000000", "incomeBeforeTax": "1465000000", "incomeTaxExpense": "439000000", "interestAndDebtExpense": "None", "netIncomeFromContinuingOperations": "0", "comprehensiveIncomeNetOfTax": "None", "ebit": "11478000000", "ebitda": "11561000000", "netIncome": "1012000000"}, {"fiscalDateEnding": "2008-03-31", "reportedCurrency": "USD", "grossProfit": "8322000000", "totalRevenue": "8322000000", "costOfRevenue": "4969000000", "costofGoodsAndServicesSold": "4969000000", "operatingIncome": "1566000000", "sellingGeneralAndAdministrative": "4071000000", "researchAndDevelopment": "0", "operatingExpenses": "6756000000", "investmentIncomeNet": "None", "netInterestIncome": "None", "interestIncome": "None", "interestExpense": "12862000000", "nonInterestIncome": "None", "otherNonOperatingIncome": "None", "depreciation": "None", "depreciationAndAmortization": "126000000", "incomeBeforeTax": "2216000000", "incomeTaxExpense": "665000000", "interestAndDebtExpense": "None", "netIncomeFromContinuingOperations": "0", "comprehensiveIncomeNetOfTax": "None", "ebit": "15078000000", "ebitda": "15204000000", "netIncome": "1534000000"}, {"fiscalDateEnding": "2007-12-31", "reportedCurrency": "USD", "grossProfit": "-2106000000", "totalRevenue": "-2106000000", "costOfRevenue": "5982000000", "costofGoodsAndServicesSold": "5982000000", "operatingIncome": "-13587000000", "sellingGeneralAndAdministrative": "3187000000", "researchAndDevelopment": "0", "operatingExpenses": "11481000000", "investmentIncomeNet": "None", "netInterestIncome": "None", "interestIncome": "None", "interestExpense": "15161000000", "nonInterestIncome": "None", "otherNonOperatingIncome": "None", "depreciation": "None", "depreciationAndAmortization": "-3000000", "incomeBeforeTax": "-5739000000", "incomeTaxExpense": "-2198000000", "interestAndDebtExpense": "None", "netIncomeFromContinuingOperations": "0", "comprehensiveIncomeNetOfTax": "None", "ebit": "9375000000", "ebitda": "9372000000", "netIncome": "-3588000000"}, {"fiscalDateEnding": "2007-09-30", "reportedCurrency": "USD", "grossProfit": "7958000000", "totalRevenue": "7958000000", "costOfRevenue": "5714000000", "costofGoodsAndServicesSold": "5714000000", "operatingIncome": "2265000000", "sellingGeneralAndAdministrative": "3596000000", "researchAndDevelopment": "0", "operatingExpenses": "5693000000", "investmentIncomeNet": "None", "netInterestIncome": "None", "interestIncome": "None", "interestExpense": "13272000000", "nonInterestIncome": "None", "otherNonOperatingIncome": "None", "depreciation": "None", "depreciationAndAmortization": "224000000", "incomeBeforeTax": "2246000000", "incomeTaxExpense": "772000000", "interestAndDebtExpense": "None", "netIncomeFromContinuingOperations": "0", "comprehensiveIncomeNetOfTax": "None", "ebit": "15587000000", "ebitda": "15811000000", "netIncome": "1526000000"}, {"fiscalDateEnding": "2007-06-30", "reportedCurrency": "USD", "grossProfit": "11706000000", "totalRevenue": "11706000000", "costOfRevenue": "5693000000", "costofGoodsAndServicesSold": "5693000000", "operatingIncome": "4706000000", "sellingGeneralAndAdministrative": "5218000000", "researchAndDevelopment": "0", "operatingExpenses": "7000000000", "investmentIncomeNet": "None", "netInterestIncome": "None", "interestIncome": "None", "interestExpense": "16007000000", "nonInterestIncome": "None", "otherNonOperatingIncome": "None", "depreciation": "None", "depreciationAndAmortization": "50000000", "incomeBeforeTax": "3853000000", "incomeTaxExpense": "1271000000", "interestAndDebtExpense": "None", "netIncomeFromContinuingOperations": "0", "comprehensiveIncomeNetOfTax": "None", "ebit": "19860000000", "ebitda": "19910000000", "netIncome": "2565000000"}, {"fiscalDateEnding": "2007-03-31", "reportedCurrency": "USD", "grossProfit": "11193000000", "totalRevenue": "11193000000", "costOfRevenue": "7000000000", "costofGoodsAndServicesSold": "7000000000", "operatingIncome": "4655000000", "sellingGeneralAndAdministrative": "4992000000", "researchAndDevelopment": "0", "operatingExpenses": "6538000000", "investmentIncomeNet": "None", "netInterestIncome": "None", "interestIncome": "None", "interestExpense": "13485000000", "nonInterestIncome": "None", "otherNonOperatingIncome": "None", "depreciation": "None", "depreciationAndAmortization": "204000000", "incomeBeforeTax": "3820000000", "incomeTaxExpense": "1261000000", "interestAndDebtExpense": "None", "netIncomeFromContinuingOperations": "0", "comprehensiveIncomeNetOfTax": "None", "ebit": "17418000000", "ebitda": "17622000000", "netIncome": "2672000000"}, {"fiscalDateEnding": "2006-12-31", "reportedCurrency": "USD", "grossProfit": "7558000000", "totalRevenue": "7558000000", "costOfRevenue": "6538000000", "costofGoodsAndServicesSold": "6538000000", "operatingIncome": "1692000000", "sellingGeneralAndAdministrative": "3354000000", "researchAndDevelopment": "0", "operatingExpenses": "5866000000", "investmentIncomeNet": "None", "netInterestIncome": "None", "interestIncome": "None", "interestExpense": "10609000000", "nonInterestIncome": "None", "otherNonOperatingIncome": "None", "depreciation": "None", "depreciationAndAmortization": "338000000", "incomeBeforeTax": "3043000000", "incomeTaxExpense": "609000000", "interestAndDebtExpense": "None", "netIncomeFromContinuingOperations": "0", "comprehensiveIncomeNetOfTax": "None", "ebit": "13424000000", "ebitda": "13762000000", "netIncome": "2206000000"}, {"fiscalDateEnding": "2006-09-30", "reportedCurrency": "USD", "grossProfit": "8220000000", "totalRevenue": "8220000000", "costOfRevenue": "5201000000", "costofGoodsAndServicesSold": "5201000000", "operatingIncome": "3400000000", "sellingGeneralAndAdministrative": "3149000000", "researchAndDevelopment": "0", "operatingExpenses": "4820000000", "investmentIncomeNet": "None", "netInterestIncome": "None", "interestIncome": "None", "interestExpense": "11835000000", "nonInterestIncome": "None", "otherNonOperatingIncome": "None", "depreciation": "None", "depreciationAndAmortization": "173000000", "incomeBeforeTax": "2665000000", "incomeTaxExpense": "814000000", "interestAndDebtExpense": "None", "netIncomeFromContinuingOperations": "0", "comprehensiveIncomeNetOfTax": "None", "ebit": "14500000000", "ebitda": "14673000000", "netIncome": "1851000000"}, {"fiscalDateEnding": "2006-06-30", "reportedCurrency": "USD", "grossProfit": "9074000000", "totalRevenue": "9074000000", "costOfRevenue": "4820000000", "costofGoodsAndServicesSold": "4820000000", "operatingIncome": "3233000000", "sellingGeneralAndAdministrative": "3723000000", "researchAndDevelopment": "0", "operatingExpenses": "5841000000", "investmentIncomeNet": "None", "netInterestIncome": "None", "interestIncome": "None", "interestExpense": "9988000000", "nonInterestIncome": "None", "otherNonOperatingIncome": "None", "depreciation": "None", "depreciationAndAmortization": "186000000", "incomeBeforeTax": "3073000000", "incomeTaxExpense": "1124000000", "interestAndDebtExpense": "None", "netIncomeFromContinuingOperations": "0", "comprehensiveIncomeNetOfTax": "None", "ebit": "13069000000", "ebitda": "13255000000", "netIncome": "1841000000"}, {"fiscalDateEnding": "2006-03-31", "reportedCurrency": "USD", "grossProfit": "8569000000", "totalRevenue": "8569000000", "costOfRevenue": "5212000000", "costofGoodsAndServicesSold": "5212000000", "operatingIncome": "2477000000", "sellingGeneralAndAdministrative": "4183000000", "researchAndDevelopment": "0", "operatingExpenses": "6092000000", "investmentIncomeNet": "None", "netInterestIncome": "None", "interestIncome": "None", "interestExpense": "9481000000", "nonInterestIncome": "None", "otherNonOperatingIncome": "None", "depreciation": "None", "depreciationAndAmortization": "179000000", "incomeBeforeTax": "2378000000", "incomeTaxExpense": "784000000", "interestAndDebtExpense": "None", "netIncomeFromContinuingOperations": "0", "comprehensiveIncomeNetOfTax": "None", "ebit": "-234000000", "ebitda": "-55000000", "netIncome": "1574000000"}, {"fiscalDateEnding": "2005-12-31", "reportedCurrency": "USD", "grossProfit": "6961000000", "totalRevenue": "6961000000", "costOfRevenue": "5503000000", "costofGoodsAndServicesSold": "5503000000", "operatingIncome": "2886000000", "sellingGeneralAndAdministrative": "2672000000", "researchAndDevelopment": "0", "operatingExpenses": "4075000000", "investmentIncomeNet": "None", "netInterestIncome": "None", "interestIncome": "None", "interestExpense": "8253000000", "nonInterestIncome": "None", "otherNonOperatingIncome": "None", "depreciation": "None", "depreciationAndAmortization": "151000000", "incomeBeforeTax": "2064000000", "incomeTaxExpense": "318000000", "interestAndDebtExpense": "None", "netIncomeFromContinuingOperations": "0", "comprehensiveIncomeNetOfTax": "None", "ebit": "11036000000", "ebitda": "11187000000", "netIncome": "2465000000"}, {"fiscalDateEnding": "2005-09-30", "reportedCurrency": "USD", "grossProfit": "7171000000", "totalRevenue": "7171000000", "costOfRevenue": "4816000000", "costofGoodsAndServicesSold": "4816000000", "operatingIncome": "1966000000", "sellingGeneralAndAdministrative": "3165000000", "researchAndDevelopment": "0", "operatingExpenses": "5205000000", "investmentIncomeNet": "None", "netInterestIncome": "None", "interestIncome": "None", "interestExpense": "5986000000", "nonInterestIncome": "None", "otherNonOperatingIncome": "None", "depreciation": "None", "depreciationAndAmortization": "186000000", "incomeBeforeTax": "1637000000", "incomeTaxExpense": "471000000", "interestAndDebtExpense": "None", "netIncomeFromContinuingOperations": "0", "comprehensiveIncomeNetOfTax": "None", "ebit": "6601000000", "ebitda": "6787000000", "netIncome": "144000000"}, {"fiscalDateEnding": "2005-06-30", "reportedCurrency": "USD", "grossProfit": "6248000000", "totalRevenue": "6248000000", "costOfRevenue": "5243000000", "costofGoodsAndServicesSold": "5243000000", "operatingIncome": "1611000000", "sellingGeneralAndAdministrative": "2630000000", "researchAndDevelopment": "0", "operatingExpenses": "4637000000", "investmentIncomeNet": "None", "netInterestIncome": "None", "interestIncome": "None", "interestExpense": "5597000000", "nonInterestIncome": "None", "otherNonOperatingIncome": "None", "depreciation": "None", "depreciationAndAmortization": "247000000", "incomeBeforeTax": "1323000000", "incomeTaxExpense": "395000000", "interestAndDebtExpense": "None", "netIncomeFromContinuingOperations": "0", "comprehensiveIncomeNetOfTax": "None", "ebit": "6920000000", "ebitda": "7167000000", "netIncome": "928000000"}, {"fiscalDateEnding": "2005-03-31", "reportedCurrency": "USD", "grossProfit": "6908000000", "totalRevenue": "6908000000", "costOfRevenue": "4599000000", "costofGoodsAndServicesSold": "4599000000", "operatingIncome": "2165000000", "sellingGeneralAndAdministrative": "2861000000", "researchAndDevelopment": "0", "operatingExpenses": "4743000000", "investmentIncomeNet": "None", "netInterestIncome": "None", "interestIncome": "None", "interestExpense": "4660000000", "nonInterestIncome": "None", "otherNonOperatingIncome": "None", "depreciation": "None", "depreciationAndAmortization": "231000000", "incomeBeforeTax": "2016000000", "incomeTaxExpense": "671000000", "interestAndDebtExpense": "None", "netIncomeFromContinuingOperations": "0", "comprehensiveIncomeNetOfTax": "None", "ebit": "6733000000", "ebitda": "6964000000", "netIncome": "1402000000"}, {"fiscalDateEnding": "2004-12-31", "reportedCurrency": "USD", "grossProfit": "5923000000", "totalRevenue": "5923000000", "costOfRevenue": "4429000000", "costofGoodsAndServicesSold": "4429000000", "operatingIncome": "5487000000", "sellingGeneralAndAdministrative": "1898000000", "researchAndDevelopment": "0", "operatingExpenses": "436000000", "investmentIncomeNet": "None", "netInterestIncome": "None", "interestIncome": "None", "interestExpense": "4748000000", "nonInterestIncome": "None", "otherNonOperatingIncome": "None", "depreciation": "None", "depreciationAndAmortization": "342000000", "incomeBeforeTax": "1610000000", "incomeTaxExpense": "411000000", "interestAndDebtExpense": "None", "netIncomeFromContinuingOperations": "0", "comprehensiveIncomeNetOfTax": "None", "ebit": "6359000000", "ebitda": "6701000000", "netIncome": "1200000000"}]}