{"symbol": "BALL", "annualReports": [{"fiscalDateEnding": "2024-12-31", "reportedCurrency": "USD", "grossProfit": "2441000000", "totalRevenue": "11795000000", "costOfRevenue": "9354000000", "costofGoodsAndServicesSold": "9354000000", "operatingIncome": "1183000000", "sellingGeneralAndAdministrative": "647000000", "researchAndDevelopment": "None", "operatingExpenses": "647000000", "investmentIncomeNet": "None", "netInterestIncome": "-225000000", "interestIncome": "68000000", "interestExpense": "293000000", "nonInterestIncome": "None", "otherNonOperatingIncome": "None", "depreciation": "None", "depreciationAndAmortization": "620000000", "incomeBeforeTax": "535000000", "incomeTaxExpense": "133000000", "interestAndDebtExpense": "None", "netIncomeFromContinuingOperations": "430000000", "comprehensiveIncomeNetOfTax": "None", "ebit": "828000000", "ebitda": "1448000000", "netIncome": "4008000000"}, {"fiscalDateEnding": "2023-12-31", "reportedCurrency": "USD", "grossProfit": "2670000000", "totalRevenue": "14029000000", "costOfRevenue": "11359000000", "costofGoodsAndServicesSold": "11359000000", "operatingIncome": "1426000000", "sellingGeneralAndAdministrative": "548000000", "researchAndDevelopment": "55000000", "operatingExpenses": "1377000000", "investmentIncomeNet": "None", "netInterestIncome": "-462000000", "interestIncome": "36000000", "interestExpense": "459000000", "nonInterestIncome": "None", "otherNonOperatingIncome": "None", "depreciation": "None", "depreciationAndAmortization": "686000000", "incomeBeforeTax": "814000000", "incomeTaxExpense": "123000000", "interestAndDebtExpense": "None", "netIncomeFromContinuingOperations": "613000000", "comprehensiveIncomeNetOfTax": "None", "ebit": "1273000000", "ebitda": "1959000000", "netIncome": "707000000"}, {"fiscalDateEnding": "2022-12-31", "reportedCurrency": "USD", "grossProfit": "2583000000", "totalRevenue": "15349000000", "costOfRevenue": "12766000000", "costofGoodsAndServicesSold": "12766000000", "operatingIncome": "1267000000", "sellingGeneralAndAdministrative": "626000000", "researchAndDevelopment": "55000000", "operatingExpenses": "1298000000", "investmentIncomeNet": "None", "netInterestIncome": "-330000000", "interestIncome": "14000000", "interestExpense": "312000000", "nonInterestIncome": "None", "otherNonOperatingIncome": "7000000", "depreciation": "None", "depreciationAndAmortization": "672000000", "incomeBeforeTax": "884000000", "incomeTaxExpense": "159000000", "interestAndDebtExpense": "None", "netIncomeFromContinuingOperations": "732000000", "comprehensiveIncomeNetOfTax": "None", "ebit": "1209000000", "ebitda": "1881000000", "netIncome": "719000000"}, {"fiscalDateEnding": "2021-12-31", "reportedCurrency": "USD", "grossProfit": "2726000000", "totalRevenue": "13811000000", "costOfRevenue": "11085000000", "costofGoodsAndServicesSold": "11085000000", "operatingIncome": "1420000000", "sellingGeneralAndAdministrative": "593000000", "researchAndDevelopment": "56000000", "operatingExpenses": "1293000000", "investmentIncomeNet": "None", "netInterestIncome": "-283000000", "interestIncome": "None", "interestExpense": "270000000", "nonInterestIncome": "None", "otherNonOperatingIncome": "26000000", "depreciation": "None", "depreciationAndAmortization": "700000000", "incomeBeforeTax": "1008000000", "incomeTaxExpense": "156000000", "interestAndDebtExpense": "None", "netIncomeFromContinuingOperations": "878000000", "comprehensiveIncomeNetOfTax": "None", "ebit": "1276000000", "ebitda": "1976000000", "netIncome": "878000000"}, {"fiscalDateEnding": "2020-12-31", "reportedCurrency": "USD", "grossProfit": "2458000000", "totalRevenue": "11781000000", "costOfRevenue": "9323000000", "costofGoodsAndServicesSold": "9323000000", "operatingIncome": "1224000000", "sellingGeneralAndAdministrative": "525000000", "researchAndDevelopment": "47000000", "operatingExpenses": "1193000000", "investmentIncomeNet": "None", "netInterestIncome": "-316000000", "interestIncome": "None", "interestExpense": "275000000", "nonInterestIncome": "None", "otherNonOperatingIncome": "None", "depreciation": "None", "depreciationAndAmortization": "668000000", "incomeBeforeTax": "687000000", "incomeTaxExpense": "99000000", "interestAndDebtExpense": "None", "netIncomeFromContinuingOperations": "582000000", "comprehensiveIncomeNetOfTax": "None", "ebit": "954000000", "ebitda": "1622000000", "netIncome": "585000000"}, {"fiscalDateEnding": "2019-12-31", "reportedCurrency": "USD", "grossProfit": "2271000000", "totalRevenue": "11474000000", "costOfRevenue": "9203000000", "costofGoodsAndServicesSold": "9203000000", "operatingIncome": "1169000000", "sellingGeneralAndAdministrative": "417000000", "researchAndDevelopment": "44000000", "operatingExpenses": "1095000000", "investmentIncomeNet": "None", "netInterestIncome": "-324000000", "interestIncome": "None", "interestExpense": "317000000", "nonInterestIncome": "None", "otherNonOperatingIncome": "None", "depreciation": "None", "depreciationAndAmortization": "678000000", "incomeBeforeTax": "608000000", "incomeTaxExpense": "71000000", "interestAndDebtExpense": "None", "netIncomeFromContinuingOperations": "536000000", "comprehensiveIncomeNetOfTax": "None", "ebit": "937000000", "ebitda": "1615000000", "netIncome": "566000000"}, {"fiscalDateEnding": "2018-12-31", "reportedCurrency": "USD", "grossProfit": "2306000000", "totalRevenue": "11635000000", "costOfRevenue": "9329000000", "costofGoodsAndServicesSold": "9329000000", "operatingIncome": "1126000000", "sellingGeneralAndAdministrative": "478000000", "researchAndDevelopment": "32000000", "operatingExpenses": "1180000000", "investmentIncomeNet": "None", "netInterestIncome": "-302000000", "interestIncome": "None", "interestExpense": "301000000", "nonInterestIncome": "None", "otherNonOperatingIncome": "None", "depreciation": "None", "depreciationAndAmortization": "702000000", "incomeBeforeTax": "633000000", "incomeTaxExpense": "185000000", "interestAndDebtExpense": "None", "netIncomeFromContinuingOperations": "453000000", "comprehensiveIncomeNetOfTax": "None", "ebit": "948000000", "ebitda": "1650000000", "netIncome": "454000000"}, {"fiscalDateEnding": "2017-12-31", "reportedCurrency": "USD", "grossProfit": "2266000000", "totalRevenue": "10983000000", "costOfRevenue": "8717000000", "costofGoodsAndServicesSold": "8717000000", "operatingIncome": "1023000000", "sellingGeneralAndAdministrative": "None", "researchAndDevelopment": "27000000", "operatingExpenses": "1243000000", "investmentIncomeNet": "None", "netInterestIncome": "None", "interestIncome": "None", "interestExpense": "285000000", "nonInterestIncome": "None", "otherNonOperatingIncome": "None", "depreciation": "None", "depreciationAndAmortization": "729000000", "incomeBeforeTax": "514000000", "incomeTaxExpense": "140000000", "interestAndDebtExpense": "None", "netIncomeFromContinuingOperations": "None", "comprehensiveIncomeNetOfTax": "None", "ebit": "815000000", "ebitda": "1544000000", "netIncome": "374000000"}, {"fiscalDateEnding": "2016-12-31", "reportedCurrency": "USD", "grossProfit": "1765000000", "totalRevenue": "9116000000", "costOfRevenue": "7351000000", "costofGoodsAndServicesSold": "7351000000", "operatingIncome": "800000000", "sellingGeneralAndAdministrative": "None", "researchAndDevelopment": "28000000", "operatingExpenses": "965000000", "investmentIncomeNet": "None", "netInterestIncome": "None", "interestIncome": "None", "interestExpense": "229000000", "nonInterestIncome": "None", "otherNonOperatingIncome": "None", "depreciation": "None", "depreciationAndAmortization": "453000000", "incomeBeforeTax": "103000000", "incomeTaxExpense": "-109000000", "interestAndDebtExpense": "None", "netIncomeFromContinuingOperations": "None", "comprehensiveIncomeNetOfTax": "None", "ebit": "442000000", "ebitda": "895000000", "netIncome": "263000000"}, {"fiscalDateEnding": "2015-12-31", "reportedCurrency": "USD", "grossProfit": "1536700000", "totalRevenue": "7997000000", "costOfRevenue": "6460300000", "costofGoodsAndServicesSold": "6460300000", "operatingIncome": "799900000", "sellingGeneralAndAdministrative": "None", "researchAndDevelopment": "26000000", "operatingExpenses": "736800000", "investmentIncomeNet": "None", "netInterestIncome": "None", "interestIncome": "None", "interestExpense": "143200000", "nonInterestIncome": "None", "otherNonOperatingIncome": "None", "depreciation": "None", "depreciationAndAmortization": "285500000", "incomeBeforeTax": "345500000", "incomeTaxExpense": "47000000", "interestAndDebtExpense": "None", "netIncomeFromContinuingOperations": "None", "comprehensiveIncomeNetOfTax": "None", "ebit": "573500000", "ebitda": "859000000", "netIncome": "281000000"}, {"fiscalDateEnding": "2014-12-31", "reportedCurrency": "USD", "grossProfit": "1666500000", "totalRevenue": "8570000000", "costOfRevenue": "6903500000", "costofGoodsAndServicesSold": "6903500000", "operatingIncome": "919100000", "sellingGeneralAndAdministrative": "None", "researchAndDevelopment": "27000000", "operatingExpenses": "747400000", "investmentIncomeNet": "None", "netInterestIncome": "None", "interestIncome": "None", "interestExpense": "159900000", "nonInterestIncome": "None", "otherNonOperatingIncome": "None", "depreciation": "None", "depreciationAndAmortization": "280900000", "incomeBeforeTax": "645600000", "incomeTaxExpense": "149900000", "interestAndDebtExpense": "None", "netIncomeFromContinuingOperations": "None", "comprehensiveIncomeNetOfTax": "None", "ebit": "838200000", "ebitda": "1119100000", "netIncome": "470000000"}, {"fiscalDateEnding": "2013-12-31", "reportedCurrency": "USD", "grossProfit": "1592700000", "totalRevenue": "8468100000", "costOfRevenue": "6875400000", "costofGoodsAndServicesSold": "6875400000", "operatingIncome": "874200000", "sellingGeneralAndAdministrative": "None", "researchAndDevelopment": "None", "operatingExpenses": "718500000", "investmentIncomeNet": "None", "netInterestIncome": "None", "interestIncome": "None", "interestExpense": "183800000", "nonInterestIncome": "None", "otherNonOperatingIncome": "None", "depreciation": "None", "depreciationAndAmortization": "299900000", "incomeBeforeTax": "583600000", "incomeTaxExpense": "149600000", "interestAndDebtExpense": "None", "netIncomeFromContinuingOperations": "None", "comprehensiveIncomeNetOfTax": "None", "ebit": "793000000", "ebitda": "1092900000", "netIncome": "406800000"}, {"fiscalDateEnding": "2012-12-31", "reportedCurrency": "USD", "grossProfit": "1561700000", "totalRevenue": "8735700000", "costOfRevenue": "7174000000", "costofGoodsAndServicesSold": "7174000000", "operatingIncome": "893300000", "sellingGeneralAndAdministrative": "None", "researchAndDevelopment": "None", "operatingExpenses": "668400000", "investmentIncomeNet": "None", "netInterestIncome": "None", "interestIncome": "None", "interestExpense": "179800000", "nonInterestIncome": "None", "otherNonOperatingIncome": "None", "depreciation": "None", "depreciationAndAmortization": "282900000", "incomeBeforeTax": "595600000", "incomeTaxExpense": "165000000", "interestAndDebtExpense": "None", "netIncomeFromContinuingOperations": "None", "comprehensiveIncomeNetOfTax": "None", "ebit": "790000000", "ebitda": "1072900000", "netIncome": "396300000"}, {"fiscalDateEnding": "2011-12-31", "reportedCurrency": "USD", "grossProfit": "1549700000", "totalRevenue": "8630900000", "costOfRevenue": "7081200000", "costofGoodsAndServicesSold": "7081200000", "operatingIncome": "867200000", "sellingGeneralAndAdministrative": "None", "researchAndDevelopment": "None", "operatingExpenses": "682500000", "investmentIncomeNet": "None", "netInterestIncome": "None", "interestIncome": "None", "interestExpense": "177100000", "nonInterestIncome": "None", "otherNonOperatingIncome": "None", "depreciation": "None", "depreciationAndAmortization": "301100000", "incomeBeforeTax": "659800000", "incomeTaxExpense": "201300000", "interestAndDebtExpense": "None", "netIncomeFromContinuingOperations": "None", "comprehensiveIncomeNetOfTax": "None", "ebit": "838200000", "ebitda": "1139300000", "netIncome": "444000000"}, {"fiscalDateEnding": "2010-12-31", "reportedCurrency": "USD", "grossProfit": "1375900000", "totalRevenue": "7630000000", "costOfRevenue": "6254100000", "costofGoodsAndServicesSold": "6254100000", "operatingIncome": "595400000", "sellingGeneralAndAdministrative": "None", "researchAndDevelopment": "None", "operatingExpenses": "622300000", "investmentIncomeNet": "None", "netInterestIncome": "None", "interestIncome": "None", "interestExpense": "158200000", "nonInterestIncome": "None", "otherNonOperatingIncome": "None", "depreciation": "None", "depreciationAndAmortization": "265500000", "incomeBeforeTax": "764600000", "incomeTaxExpense": "175800000", "interestAndDebtExpense": "None", "netIncomeFromContinuingOperations": "None", "comprehensiveIncomeNetOfTax": "None", "ebit": "759700000", "ebitda": "1025200000", "netIncome": "468000000"}, {"fiscalDateEnding": "2009-12-31", "reportedCurrency": "USD", "grossProfit": "1273800000", "totalRevenue": "7345300000", "costOfRevenue": "6071500000", "costofGoodsAndServicesSold": "6071500000", "operatingIncome": "699100000", "sellingGeneralAndAdministrative": "None", "researchAndDevelopment": "None", "operatingExpenses": "574700000", "investmentIncomeNet": "None", "netInterestIncome": "None", "interestIncome": "None", "interestExpense": "117200000", "nonInterestIncome": "None", "otherNonOperatingIncome": "None", "depreciation": "None", "depreciationAndAmortization": "285200000", "incomeBeforeTax": "654600000", "incomeTaxExpense": "162800000", "interestAndDebtExpense": "None", "netIncomeFromContinuingOperations": "None", "comprehensiveIncomeNetOfTax": "None", "ebit": "646500000", "ebitda": "931700000", "netIncome": "387900000"}, {"fiscalDateEnding": "2008-12-31", "reportedCurrency": "USD", "grossProfit": "1221100000", "totalRevenue": "7561500000", "costOfRevenue": "6340400000", "costofGoodsAndServicesSold": "6340400000", "operatingIncome": "635500000", "sellingGeneralAndAdministrative": "None", "researchAndDevelopment": "None", "operatingExpenses": "585600000", "investmentIncomeNet": "None", "netInterestIncome": "None", "interestIncome": "None", "interestExpense": "137700000", "nonInterestIncome": "None", "otherNonOperatingIncome": "None", "depreciation": "None", "depreciationAndAmortization": "297400000", "incomeBeforeTax": "452800000", "incomeTaxExpense": "147400000", "interestAndDebtExpense": "None", "netIncomeFromContinuingOperations": "None", "comprehensiveIncomeNetOfTax": "None", "ebit": "680500000", "ebitda": "977900000", "netIncome": "319500000"}, {"fiscalDateEnding": "2007-12-31", "reportedCurrency": "USD", "grossProfit": "1163200000", "totalRevenue": "7389700000", "costOfRevenue": "6226500000", "costofGoodsAndServicesSold": "6226500000", "operatingIncome": "558500000", "sellingGeneralAndAdministrative": "None", "researchAndDevelopment": "None", "operatingExpenses": "604700000", "investmentIncomeNet": "None", "netInterestIncome": "None", "interestIncome": "None", "interestExpense": "149400000", "nonInterestIncome": "None", "otherNonOperatingIncome": "None", "depreciation": "None", "depreciationAndAmortization": "281000000", "incomeBeforeTax": "364500000", "incomeTaxExpense": "95700000", "interestAndDebtExpense": "None", "netIncomeFromContinuingOperations": "None", "comprehensiveIncomeNetOfTax": "None", "ebit": "558500000", "ebitda": "839500000", "netIncome": "281300000"}, {"fiscalDateEnding": "2006-12-31", "reportedCurrency": "USD", "grossProfit": "1081100000", "totalRevenue": "6621500000", "costOfRevenue": "5540400000", "costofGoodsAndServicesSold": "5540400000", "operatingIncome": "541300000", "sellingGeneralAndAdministrative": "None", "researchAndDevelopment": "None", "operatingExpenses": "539800000", "investmentIncomeNet": "None", "netInterestIncome": "None", "interestIncome": "None", "interestExpense": "None", "nonInterestIncome": "None", "otherNonOperatingIncome": "None", "depreciation": "None", "depreciationAndAmortization": "252600000", "incomeBeforeTax": "446900000", "incomeTaxExpense": "131600000", "interestAndDebtExpense": "None", "netIncomeFromContinuingOperations": "None", "comprehensiveIncomeNetOfTax": "None", "ebit": "541300000", "ebitda": "793900000", "netIncome": "329600000"}, {"fiscalDateEnding": "2005-12-31", "reportedCurrency": "USD", "grossProfit": "928800000", "totalRevenue": "5751200000", "costOfRevenue": "4822400000", "costofGoodsAndServicesSold": "4822400000", "operatingIncome": "462500000", "sellingGeneralAndAdministrative": "None", "researchAndDevelopment": "None", "operatingExpenses": "466300000", "investmentIncomeNet": "None", "netInterestIncome": "None", "interestIncome": "None", "interestExpense": "None", "nonInterestIncome": "None", "otherNonOperatingIncome": "None", "depreciation": "None", "depreciationAndAmortization": "213500000", "incomeBeforeTax": "462500000", "incomeTaxExpense": "99300000", "interestAndDebtExpense": "None", "netIncomeFromContinuingOperations": "None", "comprehensiveIncomeNetOfTax": "None", "ebit": "501200000", "ebitda": "714700000", "netIncome": "272100000"}], "quarterlyReports": [{"fiscalDateEnding": "2024-12-31", "reportedCurrency": "USD", "grossProfit": "591000000", "totalRevenue": "2880000000", "costOfRevenue": "2289000000", "costofGoodsAndServicesSold": "2289000000", "operatingIncome": "-1000000", "sellingGeneralAndAdministrative": "129000000", "researchAndDevelopment": "None", "operatingExpenses": "129000000", "investmentIncomeNet": "None", "netInterestIncome": "-55000000", "interestIncome": "10000000", "interestExpense": "65000000", "nonInterestIncome": "None", "otherNonOperatingIncome": "None", "depreciation": "None", "depreciationAndAmortization": "151000000", "incomeBeforeTax": "7000000", "incomeTaxExpense": "39000000", "interestAndDebtExpense": "None", "netIncomeFromContinuingOperations": "-1000000", "comprehensiveIncomeNetOfTax": "None", "ebit": "72000000", "ebitda": "223000000", "netIncome": "-32000000"}, {"fiscalDateEnding": "2024-09-30", "reportedCurrency": "USD", "grossProfit": "657000000", "totalRevenue": "3082000000", "costOfRevenue": "2425000000", "costofGoodsAndServicesSold": "2425000000", "operatingIncome": "404000000", "sellingGeneralAndAdministrative": "142000000", "researchAndDevelopment": "None", "operatingExpenses": "657000000", "investmentIncomeNet": "None", "netInterestIncome": "-53000000", "interestIncome": "14000000", "interestExpense": "67000000", "nonInterestIncome": "None", "otherNonOperatingIncome": "None", "depreciation": "None", "depreciationAndAmortization": "150000000", "incomeBeforeTax": "227000000", "incomeTaxExpense": "42000000", "interestAndDebtExpense": "None", "netIncomeFromContinuingOperations": "193000000", "comprehensiveIncomeNetOfTax": "None", "ebit": "297000000", "ebitda": "447000000", "netIncome": "197000000"}, {"fiscalDateEnding": "2024-06-30", "reportedCurrency": "USD", "grossProfit": "474000000", "totalRevenue": "2978000000", "costOfRevenue": "2504000000", "costofGoodsAndServicesSold": "2504000000", "operatingIncome": "301000000", "sellingGeneralAndAdministrative": "139000000", "researchAndDevelopment": "None", "operatingExpenses": "173000000", "investmentIncomeNet": "None", "netInterestIncome": "-50000000", "interestIncome": "18000000", "interestExpense": "68000000", "nonInterestIncome": "None", "otherNonOperatingIncome": "None", "depreciation": "None", "depreciationAndAmortization": "152000000", "incomeBeforeTax": "200000000", "incomeTaxExpense": "49000000", "interestAndDebtExpense": "None", "netIncomeFromContinuingOperations": "159000000", "comprehensiveIncomeNetOfTax": "None", "ebit": "271000000", "ebitda": "423000000", "netIncome": "158000000"}, {"fiscalDateEnding": "2024-03-31", "reportedCurrency": "USD", "grossProfit": "431000000", "totalRevenue": "2861000000", "costOfRevenue": "2430000000", "costofGoodsAndServicesSold": "2430000000", "operatingIncome": "147000000", "sellingGeneralAndAdministrative": "211000000", "researchAndDevelopment": "None", "operatingExpenses": "284000000", "investmentIncomeNet": "None", "netInterestIncome": "-93000000", "interestIncome": "None", "interestExpense": "93000000", "nonInterestIncome": "None", "otherNonOperatingIncome": "None", "depreciation": "None", "depreciationAndAmortization": "167000000", "incomeBeforeTax": "101000000", "incomeTaxExpense": "27000000", "interestAndDebtExpense": "None", "netIncomeFromContinuingOperations": "79000000", "comprehensiveIncomeNetOfTax": "None", "ebit": "197000000", "ebitda": "364000000", "netIncome": "-1010000000"}, {"fiscalDateEnding": "2023-12-31", "reportedCurrency": "USD", "grossProfit": "699000000", "totalRevenue": "3403000000", "costOfRevenue": "2704000000", "costofGoodsAndServicesSold": "2704000000", "operatingIncome": "392000000", "sellingGeneralAndAdministrative": "130000000", "researchAndDevelopment": "55000000", "operatingExpenses": "392000000", "investmentIncomeNet": "None", "netInterestIncome": "-109000000", "interestIncome": "None", "interestExpense": "109000000", "nonInterestIncome": "None", "otherNonOperatingIncome": "None", "depreciation": "None", "depreciationAndAmortization": "177000000", "incomeBeforeTax": "198000000", "incomeTaxExpense": "44000000", "interestAndDebtExpense": "None", "netIncomeFromContinuingOperations": "154000000", "comprehensiveIncomeNetOfTax": "None", "ebit": "302000000", "ebitda": "479000000", "netIncome": "154000000"}, {"fiscalDateEnding": "2023-09-30", "reportedCurrency": "USD", "grossProfit": "677000000", "totalRevenue": "3571000000", "costOfRevenue": "2894000000", "costofGoodsAndServicesSold": "2894000000", "operatingIncome": "369000000", "sellingGeneralAndAdministrative": "132000000", "researchAndDevelopment": "None", "operatingExpenses": "349000000", "investmentIncomeNet": "None", "netInterestIncome": "-122000000", "interestIncome": "12000000", "interestExpense": "122000000", "nonInterestIncome": "None", "otherNonOperatingIncome": "None", "depreciation": "None", "depreciationAndAmortization": "173000000", "incomeBeforeTax": "206000000", "incomeTaxExpense": "2000000", "interestAndDebtExpense": "None", "netIncomeFromContinuingOperations": "204000000", "comprehensiveIncomeNetOfTax": "None", "ebit": "326000000", "ebitda": "499000000", "netIncome": "203000000"}, {"fiscalDateEnding": "2023-06-30", "reportedCurrency": "USD", "grossProfit": "650000000", "totalRevenue": "3566000000", "costOfRevenue": "2916000000", "costofGoodsAndServicesSold": "2916000000", "operatingIncome": "315000000", "sellingGeneralAndAdministrative": "165000000", "researchAndDevelopment": "None", "operatingExpenses": "326000000", "investmentIncomeNet": "None", "netInterestIncome": "-115000000", "interestIncome": "None", "interestExpense": "115000000", "nonInterestIncome": "None", "otherNonOperatingIncome": "3000000", "depreciation": "None", "depreciationAndAmortization": "170000000", "incomeBeforeTax": "209000000", "incomeTaxExpense": "36000000", "interestAndDebtExpense": "None", "netIncomeFromContinuingOperations": "170000000", "comprehensiveIncomeNetOfTax": "None", "ebit": "323000000", "ebitda": "493000000", "netIncome": "173000000"}, {"fiscalDateEnding": "2023-03-31", "reportedCurrency": "USD", "grossProfit": "549000000", "totalRevenue": "2981000000", "costOfRevenue": "2432000000", "costofGoodsAndServicesSold": "2432000000", "operatingIncome": "287000000", "sellingGeneralAndAdministrative": "131000000", "researchAndDevelopment": "None", "operatingExpenses": "262000000", "investmentIncomeNet": "None", "netInterestIncome": "-113000000", "interestIncome": "None", "interestExpense": "113000000", "nonInterestIncome": "None", "otherNonOperatingIncome": "7000000", "depreciation": "None", "depreciationAndAmortization": "166000000", "incomeBeforeTax": "154000000", "incomeTaxExpense": "33000000", "interestAndDebtExpense": "None", "netIncomeFromContinuingOperations": "173000000", "comprehensiveIncomeNetOfTax": "None", "ebit": "267000000", "ebitda": "433000000", "netIncome": "177000000"}, {"fiscalDateEnding": "2022-12-31", "reportedCurrency": "USD", "grossProfit": "518000000", "totalRevenue": "3548000000", "costOfRevenue": "3030000000", "costofGoodsAndServicesSold": "3030000000", "operatingIncome": "220000000", "sellingGeneralAndAdministrative": "120000000", "researchAndDevelopment": "55000000", "operatingExpenses": "282000000", "investmentIncomeNet": "None", "netInterestIncome": "-112000000", "interestIncome": "None", "interestExpense": "96000000", "nonInterestIncome": "None", "otherNonOperatingIncome": "None", "depreciation": "None", "depreciationAndAmortization": "162000000", "incomeBeforeTax": "76000000", "incomeTaxExpense": "20000000", "interestAndDebtExpense": "None", "netIncomeFromContinuingOperations": "56000000", "comprehensiveIncomeNetOfTax": "None", "ebit": "174000000", "ebitda": "336000000", "netIncome": "55000000"}, {"fiscalDateEnding": "2022-09-30", "reportedCurrency": "USD", "grossProfit": "676000000", "totalRevenue": "3951000000", "costOfRevenue": "3275000000", "costofGoodsAndServicesSold": "3275000000", "operatingIncome": "360000000", "sellingGeneralAndAdministrative": "159000000", "researchAndDevelopment": "None", "operatingExpenses": "316000000", "investmentIncomeNet": "None", "netInterestIncome": "-79000000", "interestIncome": "None", "interestExpense": "79000000", "nonInterestIncome": "None", "otherNonOperatingIncome": "-12000000", "depreciation": "None", "depreciationAndAmortization": "157000000", "incomeBeforeTax": "444000000", "incomeTaxExpense": "38000000", "interestAndDebtExpense": "None", "netIncomeFromContinuingOperations": "406000000", "comprehensiveIncomeNetOfTax": "None", "ebit": "530000000", "ebitda": "687000000", "netIncome": "392000000"}, {"fiscalDateEnding": "2022-06-30", "reportedCurrency": "USD", "grossProfit": "689000000", "totalRevenue": "4134000000", "costOfRevenue": "3445000000", "costofGoodsAndServicesSold": "3445000000", "operatingIncome": "358000000", "sellingGeneralAndAdministrative": "161000000", "researchAndDevelopment": "None", "operatingExpenses": "329000000", "investmentIncomeNet": "None", "netInterestIncome": "-70000000", "interestIncome": "None", "interestExpense": "68000000", "nonInterestIncome": "None", "otherNonOperatingIncome": "13000000", "depreciation": "None", "depreciationAndAmortization": "168000000", "incomeBeforeTax": "-177000000", "incomeTaxExpense": "1000000", "interestAndDebtExpense": "None", "netIncomeFromContinuingOperations": "-178000000", "comprehensiveIncomeNetOfTax": "None", "ebit": "358000000", "ebitda": "526000000", "netIncome": "-174000000"}, {"fiscalDateEnding": "2022-03-31", "reportedCurrency": "USD", "grossProfit": "700000000", "totalRevenue": "3716000000", "costOfRevenue": "3016000000", "costofGoodsAndServicesSold": "3016000000", "operatingIncome": "329000000", "sellingGeneralAndAdministrative": "186000000", "researchAndDevelopment": "None", "operatingExpenses": "371000000", "investmentIncomeNet": "None", "netInterestIncome": "-69000000", "interestIncome": "None", "interestExpense": "69000000", "nonInterestIncome": "None", "otherNonOperatingIncome": "None", "depreciation": "None", "depreciationAndAmortization": "185000000", "incomeBeforeTax": "541000000", "incomeTaxExpense": "100000000", "interestAndDebtExpense": "None", "netIncomeFromContinuingOperations": "447000000", "comprehensiveIncomeNetOfTax": "None", "ebit": "611000000", "ebitda": "796000000", "netIncome": "446000000"}, {"fiscalDateEnding": "2021-12-31", "reportedCurrency": "USD", "grossProfit": "693000000", "totalRevenue": "3674000000", "costOfRevenue": "2981000000", "costofGoodsAndServicesSold": "2981000000", "operatingIncome": "376000000", "sellingGeneralAndAdministrative": "122000000", "researchAndDevelopment": "56000000", "operatingExpenses": "307000000", "investmentIncomeNet": "None", "netInterestIncome": "-81000000", "interestIncome": "None", "interestExpense": "69000000", "nonInterestIncome": "None", "otherNonOperatingIncome": "8000000", "depreciation": "None", "depreciationAndAmortization": "185000000", "incomeBeforeTax": "299000000", "incomeTaxExpense": "10000000", "interestAndDebtExpense": "None", "netIncomeFromContinuingOperations": "297000000", "comprehensiveIncomeNetOfTax": "None", "ebit": "371000000", "ebitda": "556000000", "netIncome": "297000000"}, {"fiscalDateEnding": "2021-09-30", "reportedCurrency": "USD", "grossProfit": "702000000", "totalRevenue": "3553000000", "costOfRevenue": "2851000000", "costofGoodsAndServicesSold": "2851000000", "operatingIncome": "379000000", "sellingGeneralAndAdministrative": "148000000", "researchAndDevelopment": "None", "operatingExpenses": "323000000", "investmentIncomeNet": "None", "netInterestIncome": "-69000000", "interestIncome": "None", "interestExpense": "68000000", "nonInterestIncome": "None", "otherNonOperatingIncome": "None", "depreciation": "None", "depreciationAndAmortization": "175000000", "incomeBeforeTax": "169000000", "incomeTaxExpense": "-2000000", "interestAndDebtExpense": "None", "netIncomeFromContinuingOperations": "179000000", "comprehensiveIncomeNetOfTax": "None", "ebit": "235000000", "ebitda": "410000000", "netIncome": "179000000"}, {"fiscalDateEnding": "2021-06-30", "reportedCurrency": "USD", "grossProfit": "699000000", "totalRevenue": "3459000000", "costOfRevenue": "2760000000", "costofGoodsAndServicesSold": "2760000000", "operatingIncome": "361000000", "sellingGeneralAndAdministrative": "166000000", "researchAndDevelopment": "None", "operatingExpenses": "338000000", "investmentIncomeNet": "None", "netInterestIncome": "-66000000", "interestIncome": "None", "interestExpense": "66000000", "nonInterestIncome": "None", "otherNonOperatingIncome": "None", "depreciation": "None", "depreciationAndAmortization": "172000000", "incomeBeforeTax": "307000000", "incomeTaxExpense": "116000000", "interestAndDebtExpense": "None", "netIncomeFromContinuingOperations": "202000000", "comprehensiveIncomeNetOfTax": "None", "ebit": "373000000", "ebitda": "545000000", "netIncome": "202000000"}, {"fiscalDateEnding": "2021-03-31", "reportedCurrency": "USD", "grossProfit": "632000000", "totalRevenue": "3125000000", "costOfRevenue": "2493000000", "costofGoodsAndServicesSold": "2493000000", "operatingIncome": "307000000", "sellingGeneralAndAdministrative": "157000000", "researchAndDevelopment": "None", "operatingExpenses": "325000000", "investmentIncomeNet": "None", "netInterestIncome": "-67000000", "interestIncome": "None", "interestExpense": "67000000", "nonInterestIncome": "None", "otherNonOperatingIncome": "None", "depreciation": "None", "depreciationAndAmortization": "168000000", "incomeBeforeTax": "233000000", "incomeTaxExpense": "32000000", "interestAndDebtExpense": "None", "netIncomeFromContinuingOperations": "200000000", "comprehensiveIncomeNetOfTax": "None", "ebit": "300000000", "ebitda": "468000000", "netIncome": "200000000"}, {"fiscalDateEnding": "2020-12-31", "reportedCurrency": "USD", "grossProfit": "654000000", "totalRevenue": "3102000000", "costOfRevenue": "2448000000", "costofGoodsAndServicesSold": "2448000000", "operatingIncome": "323000000", "sellingGeneralAndAdministrative": "525000000", "researchAndDevelopment": "47000000", "operatingExpenses": "331000000", "investmentIncomeNet": "None", "netInterestIncome": "None", "interestIncome": "None", "interestExpense": "69000000", "nonInterestIncome": "None", "otherNonOperatingIncome": "None", "depreciation": "None", "depreciationAndAmortization": "169000000", "incomeBeforeTax": "227000000", "incomeTaxExpense": "7000000", "interestAndDebtExpense": "None", "netIncomeFromContinuingOperations": "None", "comprehensiveIncomeNetOfTax": "None", "ebit": "293000000", "ebitda": "462000000", "netIncome": "227000000"}, {"fiscalDateEnding": "2020-09-30", "reportedCurrency": "USD", "grossProfit": "663000000", "totalRevenue": "3093000000", "costOfRevenue": "2430000000", "costofGoodsAndServicesSold": "2430000000", "operatingIncome": "382000000", "sellingGeneralAndAdministrative": "None", "researchAndDevelopment": "None", "operatingExpenses": "281000000", "investmentIncomeNet": "None", "netInterestIncome": "None", "interestIncome": "None", "interestExpense": "68000000", "nonInterestIncome": "None", "otherNonOperatingIncome": "None", "depreciation": "None", "depreciationAndAmortization": "160000000", "incomeBeforeTax": "305000000", "incomeTaxExpense": "73000000", "interestAndDebtExpense": "None", "netIncomeFromContinuingOperations": "None", "comprehensiveIncomeNetOfTax": "None", "ebit": "371000000", "ebitda": "531000000", "netIncome": "241000000"}, {"fiscalDateEnding": "2020-06-30", "reportedCurrency": "USD", "grossProfit": "571000000", "totalRevenue": "2801000000", "costOfRevenue": "2230000000", "costofGoodsAndServicesSold": "2230000000", "operatingIncome": "290000000", "sellingGeneralAndAdministrative": "None", "researchAndDevelopment": "None", "operatingExpenses": "281000000", "investmentIncomeNet": "None", "netInterestIncome": "None", "interestIncome": "None", "interestExpense": "67000000", "nonInterestIncome": "None", "otherNonOperatingIncome": "None", "depreciation": "None", "depreciationAndAmortization": "170000000", "incomeBeforeTax": "111000000", "incomeTaxExpense": "23000000", "interestAndDebtExpense": "None", "netIncomeFromContinuingOperations": "None", "comprehensiveIncomeNetOfTax": "None", "ebit": "175000000", "ebitda": "345000000", "netIncome": "94000000"}, {"fiscalDateEnding": "2020-03-31", "reportedCurrency": "USD", "grossProfit": "570000000", "totalRevenue": "2785000000", "costOfRevenue": "2215000000", "costofGoodsAndServicesSold": "2215000000", "operatingIncome": "270000000", "sellingGeneralAndAdministrative": "None", "researchAndDevelopment": "None", "operatingExpenses": "300000000", "investmentIncomeNet": "None", "netInterestIncome": "None", "interestIncome": "None", "interestExpense": "71000000", "nonInterestIncome": "None", "otherNonOperatingIncome": "None", "depreciation": "None", "depreciationAndAmortization": "169000000", "incomeBeforeTax": "44000000", "incomeTaxExpense": "-4000000", "interestAndDebtExpense": "None", "netIncomeFromContinuingOperations": "None", "comprehensiveIncomeNetOfTax": "None", "ebit": "115000000", "ebitda": "284000000", "netIncome": "23000000"}, {"fiscalDateEnding": "2019-12-31", "reportedCurrency": "USD", "grossProfit": "560000000", "totalRevenue": "2719000000", "costOfRevenue": "2159000000", "costofGoodsAndServicesSold": "2159000000", "operatingIncome": "303000000", "sellingGeneralAndAdministrative": "None", "researchAndDevelopment": "44000000", "operatingExpenses": "257000000", "investmentIncomeNet": "None", "netInterestIncome": "None", "interestIncome": "None", "interestExpense": "80000000", "nonInterestIncome": "None", "otherNonOperatingIncome": "None", "depreciation": "None", "depreciationAndAmortization": "168000000", "incomeBeforeTax": "123000000", "incomeTaxExpense": "-2000000", "interestAndDebtExpense": "None", "netIncomeFromContinuingOperations": "None", "comprehensiveIncomeNetOfTax": "None", "ebit": "204000000", "ebitda": "372000000", "netIncome": "160000000"}, {"fiscalDateEnding": "2019-09-30", "reportedCurrency": "USD", "grossProfit": "590000000", "totalRevenue": "2953000000", "costOfRevenue": "2363000000", "costofGoodsAndServicesSold": "2363000000", "operatingIncome": "331000000", "sellingGeneralAndAdministrative": "None", "researchAndDevelopment": "None", "operatingExpenses": "259000000", "investmentIncomeNet": "None", "netInterestIncome": "None", "interestIncome": "None", "interestExpense": "79000000", "nonInterestIncome": "None", "otherNonOperatingIncome": "None", "depreciation": "None", "depreciationAndAmortization": "169000000", "incomeBeforeTax": "119000000", "incomeTaxExpense": "32000000", "interestAndDebtExpense": "None", "netIncomeFromContinuingOperations": "None", "comprehensiveIncomeNetOfTax": "None", "ebit": "201000000", "ebitda": "370000000", "netIncome": "92000000"}, {"fiscalDateEnding": "2019-06-30", "reportedCurrency": "USD", "grossProfit": "589000000", "totalRevenue": "3017000000", "costOfRevenue": "2428000000", "costofGoodsAndServicesSold": "2428000000", "operatingIncome": "307000000", "sellingGeneralAndAdministrative": "None", "researchAndDevelopment": "None", "operatingExpenses": "282000000", "investmentIncomeNet": "None", "netInterestIncome": "None", "interestIncome": "None", "interestExpense": "81000000", "nonInterestIncome": "None", "otherNonOperatingIncome": "None", "depreciation": "None", "depreciationAndAmortization": "171000000", "incomeBeforeTax": "226000000", "incomeTaxExpense": "31000000", "interestAndDebtExpense": "None", "netIncomeFromContinuingOperations": "None", "comprehensiveIncomeNetOfTax": "None", "ebit": "307000000", "ebitda": "478000000", "netIncome": "197000000"}, {"fiscalDateEnding": "2019-03-31", "reportedCurrency": "USD", "grossProfit": "532000000", "totalRevenue": "2785000000", "costOfRevenue": "2253000000", "costofGoodsAndServicesSold": "2253000000", "operatingIncome": "235000000", "sellingGeneralAndAdministrative": "None", "researchAndDevelopment": "None", "operatingExpenses": "297000000", "investmentIncomeNet": "None", "netInterestIncome": "None", "interestIncome": "None", "interestExpense": "77000000", "nonInterestIncome": "None", "otherNonOperatingIncome": "None", "depreciation": "None", "depreciationAndAmortization": "170000000", "incomeBeforeTax": "140000000", "incomeTaxExpense": "10000000", "interestAndDebtExpense": "None", "netIncomeFromContinuingOperations": "None", "comprehensiveIncomeNetOfTax": "None", "ebit": "225000000", "ebitda": "395000000", "netIncome": "117000000"}, {"fiscalDateEnding": "2018-12-31", "reportedCurrency": "USD", "grossProfit": "557000000", "totalRevenue": "2803000000", "costOfRevenue": "2246000000", "costofGoodsAndServicesSold": "2246000000", "operatingIncome": "258000000", "sellingGeneralAndAdministrative": "None", "researchAndDevelopment": "32000000", "operatingExpenses": "299000000", "investmentIncomeNet": "None", "netInterestIncome": "None", "interestIncome": "None", "interestExpense": "75000000", "nonInterestIncome": "None", "otherNonOperatingIncome": "None", "depreciation": "None", "depreciationAndAmortization": "173000000", "incomeBeforeTax": "123000000", "incomeTaxExpense": "-35000000", "interestAndDebtExpense": "None", "netIncomeFromContinuingOperations": "None", "comprehensiveIncomeNetOfTax": "None", "ebit": "202000000", "ebitda": "375000000", "netIncome": "151000000"}, {"fiscalDateEnding": "2018-09-30", "reportedCurrency": "USD", "grossProfit": "584000000", "totalRevenue": "2946000000", "costOfRevenue": "2362000000", "costofGoodsAndServicesSold": "2362000000", "operatingIncome": "300000000", "sellingGeneralAndAdministrative": "None", "researchAndDevelopment": "None", "operatingExpenses": "284000000", "investmentIncomeNet": "None", "netInterestIncome": "None", "interestIncome": "None", "interestExpense": "76000000", "nonInterestIncome": "None", "otherNonOperatingIncome": "None", "depreciation": "None", "depreciationAndAmortization": "171000000", "incomeBeforeTax": "192000000", "incomeTaxExpense": "140000000", "interestAndDebtExpense": "None", "netIncomeFromContinuingOperations": "None", "comprehensiveIncomeNetOfTax": "None", "ebit": "272000000", "ebitda": "443000000", "netIncome": "59000000"}, {"fiscalDateEnding": "2018-06-30", "reportedCurrency": "USD", "grossProfit": "617000000", "totalRevenue": "3101000000", "costOfRevenue": "2484000000", "costofGoodsAndServicesSold": "2484000000", "operatingIncome": "312000000", "sellingGeneralAndAdministrative": "None", "researchAndDevelopment": "None", "operatingExpenses": "305000000", "investmentIncomeNet": "None", "netInterestIncome": "None", "interestIncome": "None", "interestExpense": "77000000", "nonInterestIncome": "None", "otherNonOperatingIncome": "None", "depreciation": "None", "depreciationAndAmortization": "178000000", "incomeBeforeTax": "166000000", "incomeTaxExpense": "46000000", "interestAndDebtExpense": "None", "netIncomeFromContinuingOperations": "None", "comprehensiveIncomeNetOfTax": "None", "ebit": "246000000", "ebitda": "424000000", "netIncome": "119000000"}, {"fiscalDateEnding": "2018-03-31", "reportedCurrency": "USD", "grossProfit": "548000000", "totalRevenue": "2785000000", "costOfRevenue": "2237000000", "costofGoodsAndServicesSold": "2237000000", "operatingIncome": "256000000", "sellingGeneralAndAdministrative": "None", "researchAndDevelopment": "None", "operatingExpenses": "292000000", "investmentIncomeNet": "None", "netInterestIncome": "None", "interestIncome": "None", "interestExpense": "73000000", "nonInterestIncome": "None", "otherNonOperatingIncome": "None", "depreciation": "None", "depreciationAndAmortization": "180000000", "incomeBeforeTax": "152000000", "incomeTaxExpense": "34000000", "interestAndDebtExpense": "None", "netIncomeFromContinuingOperations": "None", "comprehensiveIncomeNetOfTax": "None", "ebit": "229000000", "ebitda": "409000000", "netIncome": "125000000"}, {"fiscalDateEnding": "2017-12-31", "reportedCurrency": "USD", "grossProfit": "613000000", "totalRevenue": "2747000000", "costOfRevenue": "2134000000", "costofGoodsAndServicesSold": "2134000000", "operatingIncome": "307000000", "sellingGeneralAndAdministrative": "None", "researchAndDevelopment": "27000000", "operatingExpenses": "306000000", "investmentIncomeNet": "None", "netInterestIncome": "None", "interestIncome": "None", "interestExpense": "69000000", "nonInterestIncome": "None", "otherNonOperatingIncome": "None", "depreciation": "None", "depreciationAndAmortization": "190000000", "incomeBeforeTax": "268000000", "incomeTaxExpense": "92000000", "interestAndDebtExpense": "None", "netIncomeFromContinuingOperations": "None", "comprehensiveIncomeNetOfTax": "None", "ebit": "340000000", "ebitda": "530000000", "netIncome": "159000000"}, {"fiscalDateEnding": "2017-09-30", "reportedCurrency": "USD", "grossProfit": "570000000", "totalRevenue": "2908000000", "costOfRevenue": "2338000000", "costofGoodsAndServicesSold": "2338000000", "operatingIncome": "281000000", "sellingGeneralAndAdministrative": "None", "researchAndDevelopment": "None", "operatingExpenses": "289000000", "investmentIncomeNet": "None", "netInterestIncome": "None", "interestIncome": "None", "interestExpense": "74000000", "nonInterestIncome": "None", "otherNonOperatingIncome": "None", "depreciation": "None", "depreciationAndAmortization": "162000000", "incomeBeforeTax": "50000000", "incomeTaxExpense": "4000000", "interestAndDebtExpense": "None", "netIncomeFromContinuingOperations": "None", "comprehensiveIncomeNetOfTax": "None", "ebit": "127000000", "ebitda": "289000000", "netIncome": "48000000"}, {"fiscalDateEnding": "2017-06-30", "reportedCurrency": "USD", "grossProfit": "585000000", "totalRevenue": "2855000000", "costOfRevenue": "2270000000", "costofGoodsAndServicesSold": "2270000000", "operatingIncome": "228000000", "sellingGeneralAndAdministrative": "None", "researchAndDevelopment": "None", "operatingExpenses": "357000000", "investmentIncomeNet": "None", "netInterestIncome": "None", "interestIncome": "None", "interestExpense": "74000000", "nonInterestIncome": "None", "otherNonOperatingIncome": "None", "depreciation": "None", "depreciationAndAmortization": "229000000", "incomeBeforeTax": "112000000", "incomeTaxExpense": "22000000", "interestAndDebtExpense": "None", "netIncomeFromContinuingOperations": "None", "comprehensiveIncomeNetOfTax": "None", "ebit": "192000000", "ebitda": "421000000", "netIncome": "99000000"}, {"fiscalDateEnding": "2017-03-31", "reportedCurrency": "USD", "grossProfit": "498000000", "totalRevenue": "2473000000", "costOfRevenue": "1975000000", "costofGoodsAndServicesSold": "1975000000", "operatingIncome": "207000000", "sellingGeneralAndAdministrative": "None", "researchAndDevelopment": "None", "operatingExpenses": "291000000", "investmentIncomeNet": "None", "netInterestIncome": "None", "interestIncome": "None", "interestExpense": "68000000", "nonInterestIncome": "None", "otherNonOperatingIncome": "None", "depreciation": "None", "depreciationAndAmortization": "148000000", "incomeBeforeTax": "84000000", "incomeTaxExpense": "22000000", "interestAndDebtExpense": "None", "netIncomeFromContinuingOperations": "None", "comprehensiveIncomeNetOfTax": "None", "ebit": "152000000", "ebitda": "300000000", "netIncome": "68000000"}, {"fiscalDateEnding": "2016-12-31", "reportedCurrency": "USD", "grossProfit": "516000000", "totalRevenue": "2516000000", "costOfRevenue": "2000000000", "costofGoodsAndServicesSold": "2000000000", "operatingIncome": "198000000", "sellingGeneralAndAdministrative": "None", "researchAndDevelopment": "28000000", "operatingExpenses": "318000000", "investmentIncomeNet": "None", "netInterestIncome": "None", "interestIncome": "None", "interestExpense": "70000000", "nonInterestIncome": "None", "otherNonOperatingIncome": "None", "depreciation": "None", "depreciationAndAmortization": "154000000", "incomeBeforeTax": "87000000", "incomeTaxExpense": "82000000", "interestAndDebtExpense": "None", "netIncomeFromContinuingOperations": "None", "comprehensiveIncomeNetOfTax": "None", "ebit": "158000000", "ebitda": "312000000", "netIncome": "14000000"}, {"fiscalDateEnding": "2016-09-30", "reportedCurrency": "USD", "grossProfit": "477000000", "totalRevenue": "2815000000", "costOfRevenue": "2338000000", "costofGoodsAndServicesSold": "2338000000", "operatingIncome": "195000000", "sellingGeneralAndAdministrative": "None", "researchAndDevelopment": "None", "operatingExpenses": "282000000", "investmentIncomeNet": "None", "netInterestIncome": "None", "interestIncome": "None", "interestExpense": "80000000", "nonInterestIncome": "None", "otherNonOperatingIncome": "None", "depreciation": "None", "depreciationAndAmortization": "147000000", "incomeBeforeTax": "34000000", "incomeTaxExpense": "38000000", "interestAndDebtExpense": "None", "netIncomeFromContinuingOperations": "None", "comprehensiveIncomeNetOfTax": "None", "ebit": "115000000", "ebitda": "262000000", "netIncome": "31000000"}, {"fiscalDateEnding": "2016-06-30", "reportedCurrency": "USD", "grossProfit": "434000000", "totalRevenue": "2030000000", "costOfRevenue": "1596000000", "costofGoodsAndServicesSold": "1596000000", "operatingIncome": "251000000", "sellingGeneralAndAdministrative": "None", "researchAndDevelopment": "None", "operatingExpenses": "183000000", "investmentIncomeNet": "None", "netInterestIncome": "None", "interestIncome": "None", "interestExpense": "41000000", "nonInterestIncome": "None", "otherNonOperatingIncome": "None", "depreciation": "None", "depreciationAndAmortization": "78000000", "incomeBeforeTax": "180000000", "incomeTaxExpense": "-188000000", "interestAndDebtExpense": "None", "netIncomeFromContinuingOperations": "None", "comprehensiveIncomeNetOfTax": "None", "ebit": "233000000", "ebitda": "311000000", "netIncome": "307000000"}, {"fiscalDateEnding": "2016-03-31", "reportedCurrency": "USD", "grossProfit": "340000000", "totalRevenue": "1756000000", "costOfRevenue": "1416000000", "costofGoodsAndServicesSold": "1416000000", "operatingIncome": "157000000", "sellingGeneralAndAdministrative": "None", "researchAndDevelopment": "None", "operatingExpenses": "183000000", "investmentIncomeNet": "None", "netInterestIncome": "None", "interestIncome": "None", "interestExpense": "38000000", "nonInterestIncome": "None", "otherNonOperatingIncome": "None", "depreciation": "None", "depreciationAndAmortization": "75000000", "incomeBeforeTax": "-209000000", "incomeTaxExpense": "-83000000", "interestAndDebtExpense": "None", "netIncomeFromContinuingOperations": "None", "comprehensiveIncomeNetOfTax": "None", "ebit": "157000000", "ebitda": "232000000", "netIncome": "-127000000"}, {"fiscalDateEnding": "2015-12-31", "reportedCurrency": "USD", "grossProfit": "370600000", "totalRevenue": "1804600000", "costOfRevenue": "1434000000", "costofGoodsAndServicesSold": "1434000000", "operatingIncome": "185800000", "sellingGeneralAndAdministrative": "None", "researchAndDevelopment": "26000000", "operatingExpenses": "184800000", "investmentIncomeNet": "None", "netInterestIncome": "None", "interestIncome": "None", "interestExpense": "36200000", "nonInterestIncome": "None", "otherNonOperatingIncome": "None", "depreciation": "None", "depreciationAndAmortization": "74000000", "incomeBeforeTax": "62600000", "incomeTaxExpense": "-900000", "interestAndDebtExpense": "None", "netIncomeFromContinuingOperations": "None", "comprehensiveIncomeNetOfTax": "None", "ebit": "98800000", "ebitda": "172800000", "netIncome": "55300000"}, {"fiscalDateEnding": "2015-09-30", "reportedCurrency": "USD", "grossProfit": "406700000", "totalRevenue": "2097000000", "costOfRevenue": "1690300000", "costofGoodsAndServicesSold": "1690300000", "operatingIncome": "228000000", "sellingGeneralAndAdministrative": "None", "researchAndDevelopment": "None", "operatingExpenses": "178700000", "investmentIncomeNet": "None", "netInterestIncome": "None", "interestIncome": "None", "interestExpense": "37500000", "nonInterestIncome": "None", "otherNonOperatingIncome": "None", "depreciation": "None", "depreciationAndAmortization": "71900000", "incomeBeforeTax": "17600000", "incomeTaxExpense": "-31000000", "interestAndDebtExpense": "None", "netIncomeFromContinuingOperations": "None", "comprehensiveIncomeNetOfTax": "None", "ebit": "56100000", "ebitda": "128000000", "netIncome": "45000000"}, {"fiscalDateEnding": "2015-06-30", "reportedCurrency": "USD", "grossProfit": "397200000", "totalRevenue": "2172300000", "costOfRevenue": "1775100000", "costofGoodsAndServicesSold": "1775100000", "operatingIncome": "208200000", "sellingGeneralAndAdministrative": "None", "researchAndDevelopment": "None", "operatingExpenses": "189000000", "investmentIncomeNet": "None", "netInterestIncome": "None", "interestIncome": "None", "interestExpense": "31000000", "nonInterestIncome": "None", "otherNonOperatingIncome": "None", "depreciation": "None", "depreciationAndAmortization": "71300000", "incomeBeforeTax": "237800000", "incomeTaxExpense": "78400000", "interestAndDebtExpense": "None", "netIncomeFromContinuingOperations": "None", "comprehensiveIncomeNetOfTax": "None", "ebit": "268700000", "ebitda": "340000000", "netIncome": "160000000"}, {"fiscalDateEnding": "2015-03-31", "reportedCurrency": "USD", "grossProfit": "362200000", "totalRevenue": "1923100000", "costOfRevenue": "1560900000", "costofGoodsAndServicesSold": "1560900000", "operatingIncome": "177900000", "sellingGeneralAndAdministrative": "None", "researchAndDevelopment": "None", "operatingExpenses": "184300000", "investmentIncomeNet": "None", "netInterestIncome": "None", "interestIncome": "None", "interestExpense": "38500000", "nonInterestIncome": "None", "otherNonOperatingIncome": "None", "depreciation": "None", "depreciationAndAmortization": "68300000", "incomeBeforeTax": "27500000", "incomeTaxExpense": "500000", "interestAndDebtExpense": "None", "netIncomeFromContinuingOperations": "None", "comprehensiveIncomeNetOfTax": "None", "ebit": "65700000", "ebitda": "134000000", "netIncome": "21000000"}, {"fiscalDateEnding": "2014-12-31", "reportedCurrency": "USD", "grossProfit": "395500000", "totalRevenue": "2032400000", "costOfRevenue": "1636900000", "costofGoodsAndServicesSold": "1636900000", "operatingIncome": "200000000", "sellingGeneralAndAdministrative": "None", "researchAndDevelopment": "None", "operatingExpenses": "195500000", "investmentIncomeNet": "None", "netInterestIncome": "None", "interestIncome": "None", "interestExpense": "39000000", "nonInterestIncome": "None", "otherNonOperatingIncome": "None", "depreciation": "None", "depreciationAndAmortization": "71200000", "incomeBeforeTax": "98300000", "incomeTaxExpense": "10300000", "interestAndDebtExpense": "None", "netIncomeFromContinuingOperations": "None", "comprehensiveIncomeNetOfTax": "None", "ebit": "137300000", "ebitda": "208500000", "netIncome": "76000000"}, {"fiscalDateEnding": "2014-09-30", "reportedCurrency": "USD", "grossProfit": "431600000", "totalRevenue": "2238900000", "costOfRevenue": "1807300000", "costofGoodsAndServicesSold": "1807300000", "operatingIncome": "237200000", "sellingGeneralAndAdministrative": "None", "researchAndDevelopment": "None", "operatingExpenses": "194400000", "investmentIncomeNet": "None", "netInterestIncome": "None", "interestIncome": "None", "interestExpense": "40100000", "nonInterestIncome": "None", "otherNonOperatingIncome": "None", "depreciation": "None", "depreciationAndAmortization": "71300000", "incomeBeforeTax": "187900000", "incomeTaxExpense": "39800000", "interestAndDebtExpense": "None", "netIncomeFromContinuingOperations": "None", "comprehensiveIncomeNetOfTax": "None", "ebit": "228000000", "ebitda": "299300000", "netIncome": "147400000"}, {"fiscalDateEnding": "2014-06-30", "reportedCurrency": "USD", "grossProfit": "445500000", "totalRevenue": "2291900000", "costOfRevenue": "1846400000", "costofGoodsAndServicesSold": "1846400000", "operatingIncome": "264500000", "sellingGeneralAndAdministrative": "None", "researchAndDevelopment": "None", "operatingExpenses": "181000000", "investmentIncomeNet": "None", "netInterestIncome": "None", "interestIncome": "None", "interestExpense": "40600000", "nonInterestIncome": "None", "otherNonOperatingIncome": "None", "depreciation": "None", "depreciationAndAmortization": "69600000", "incomeBeforeTax": "215300000", "incomeTaxExpense": "60200000", "interestAndDebtExpense": "None", "netIncomeFromContinuingOperations": "None", "comprehensiveIncomeNetOfTax": "None", "ebit": "255900000", "ebitda": "325500000", "netIncome": "153100000"}, {"fiscalDateEnding": "2014-03-31", "reportedCurrency": "USD", "grossProfit": "393900000", "totalRevenue": "2006800000", "costOfRevenue": "1612900000", "costofGoodsAndServicesSold": "1612900000", "operatingIncome": "217400000", "sellingGeneralAndAdministrative": "None", "researchAndDevelopment": "None", "operatingExpenses": "176500000", "investmentIncomeNet": "None", "netInterestIncome": "None", "interestIncome": "None", "interestExpense": "40200000", "nonInterestIncome": "None", "otherNonOperatingIncome": "None", "depreciation": "None", "depreciationAndAmortization": "68800000", "incomeBeforeTax": "144100000", "incomeTaxExpense": "39600000", "interestAndDebtExpense": "None", "netIncomeFromContinuingOperations": "None", "comprehensiveIncomeNetOfTax": "None", "ebit": "184300000", "ebitda": "253100000", "netIncome": "93500000"}, {"fiscalDateEnding": "2013-12-31", "reportedCurrency": "USD", "grossProfit": "410700000", "totalRevenue": "1996800000", "costOfRevenue": "1586100000", "costofGoodsAndServicesSold": "1586100000", "operatingIncome": "227000000", "sellingGeneralAndAdministrative": "None", "researchAndDevelopment": "None", "operatingExpenses": "183700000", "investmentIncomeNet": "None", "netInterestIncome": "None", "interestIncome": "None", "interestExpense": "45800000", "nonInterestIncome": "None", "otherNonOperatingIncome": "None", "depreciation": "None", "depreciationAndAmortization": "76300000", "incomeBeforeTax": "191500000", "incomeTaxExpense": "56600000", "interestAndDebtExpense": "None", "netIncomeFromContinuingOperations": "None", "comprehensiveIncomeNetOfTax": "None", "ebit": "237300000", "ebitda": "313600000", "netIncome": "124500000"}, {"fiscalDateEnding": "2013-09-30", "reportedCurrency": "USD", "grossProfit": "431000000", "totalRevenue": "2277900000", "costOfRevenue": "1846900000", "costofGoodsAndServicesSold": "1846900000", "operatingIncome": "255400000", "sellingGeneralAndAdministrative": "None", "researchAndDevelopment": "None", "operatingExpenses": "175600000", "investmentIncomeNet": "None", "netInterestIncome": "None", "interestIncome": "None", "interestExpense": "45500000", "nonInterestIncome": "None", "otherNonOperatingIncome": "None", "depreciation": "None", "depreciationAndAmortization": "76600000", "incomeBeforeTax": "164800000", "incomeTaxExpense": "44100000", "interestAndDebtExpense": "None", "netIncomeFromContinuingOperations": "None", "comprehensiveIncomeNetOfTax": "None", "ebit": "210300000", "ebitda": "286900000", "netIncome": "115200000"}, {"fiscalDateEnding": "2013-06-30", "reportedCurrency": "USD", "grossProfit": "403500000", "totalRevenue": "2202400000", "costOfRevenue": "1798900000", "costofGoodsAndServicesSold": "1798900000", "operatingIncome": "226100000", "sellingGeneralAndAdministrative": "None", "researchAndDevelopment": "None", "operatingExpenses": "177400000", "investmentIncomeNet": "None", "netInterestIncome": "None", "interestIncome": "None", "interestExpense": "47700000", "nonInterestIncome": "None", "otherNonOperatingIncome": "None", "depreciation": "None", "depreciationAndAmortization": "74500000", "incomeBeforeTax": "129100000", "incomeTaxExpense": "30800000", "interestAndDebtExpense": "None", "netIncomeFromContinuingOperations": "None", "comprehensiveIncomeNetOfTax": "None", "ebit": "176800000", "ebitda": "251300000", "netIncome": "95100000"}, {"fiscalDateEnding": "2013-03-31", "reportedCurrency": "USD", "grossProfit": "347500000", "totalRevenue": "1991000000", "costOfRevenue": "1643500000", "costofGoodsAndServicesSold": "1643500000", "operatingIncome": "165700000", "sellingGeneralAndAdministrative": "None", "researchAndDevelopment": "None", "operatingExpenses": "181800000", "investmentIncomeNet": "None", "netInterestIncome": "None", "interestIncome": "None", "interestExpense": "44800000", "nonInterestIncome": "None", "otherNonOperatingIncome": "None", "depreciation": "None", "depreciationAndAmortization": "72500000", "incomeBeforeTax": "98200000", "incomeTaxExpense": "18100000", "interestAndDebtExpense": "None", "netIncomeFromContinuingOperations": "None", "comprehensiveIncomeNetOfTax": "None", "ebit": "143000000", "ebitda": "215500000", "netIncome": "72000000"}, {"fiscalDateEnding": "2012-12-31", "reportedCurrency": "USD", "grossProfit": "384800000", "totalRevenue": "2114200000", "costOfRevenue": "1729400000", "costofGoodsAndServicesSold": "1729400000", "operatingIncome": "255100000", "sellingGeneralAndAdministrative": "None", "researchAndDevelopment": "None", "operatingExpenses": "173700000", "investmentIncomeNet": "None", "netInterestIncome": "None", "interestIncome": "None", "interestExpense": "45600000", "nonInterestIncome": "None", "otherNonOperatingIncome": "None", "depreciation": "None", "depreciationAndAmortization": "72700000", "incomeBeforeTax": "106700000", "incomeTaxExpense": "35300000", "interestAndDebtExpense": "None", "netIncomeFromContinuingOperations": "None", "comprehensiveIncomeNetOfTax": "None", "ebit": "152300000", "ebitda": "225000000", "netIncome": "60600000"}, {"fiscalDateEnding": "2012-09-30", "reportedCurrency": "USD", "grossProfit": "416400000", "totalRevenue": "2282500000", "costOfRevenue": "1866100000", "costofGoodsAndServicesSold": "1866100000", "operatingIncome": "174400000", "sellingGeneralAndAdministrative": "None", "researchAndDevelopment": "None", "operatingExpenses": "161000000", "investmentIncomeNet": "None", "netInterestIncome": "None", "interestIncome": "None", "interestExpense": "44200000", "nonInterestIncome": "None", "otherNonOperatingIncome": "None", "depreciation": "None", "depreciationAndAmortization": "74700000", "incomeBeforeTax": "174400000", "incomeTaxExpense": "51700000", "interestAndDebtExpense": "None", "netIncomeFromContinuingOperations": "None", "comprehensiveIncomeNetOfTax": "None", "ebit": "218600000", "ebitda": "293300000", "netIncome": "115100000"}, {"fiscalDateEnding": "2012-06-30", "reportedCurrency": "USD", "grossProfit": "405500000", "totalRevenue": "2296300000", "costOfRevenue": "1890800000", "costofGoodsAndServicesSold": "1890800000", "operatingIncome": "237600000", "sellingGeneralAndAdministrative": "98600000", "researchAndDevelopment": "None", "operatingExpenses": "165100000", "investmentIncomeNet": "None", "netInterestIncome": "None", "interestIncome": "None", "interestExpense": "44700000", "nonInterestIncome": "None", "otherNonOperatingIncome": "None", "depreciation": "None", "depreciationAndAmortization": "66500000", "incomeBeforeTax": "192900000", "incomeTaxExpense": "50000000", "interestAndDebtExpense": "None", "netIncomeFromContinuingOperations": "None", "comprehensiveIncomeNetOfTax": "None", "ebit": "240400000", "ebitda": "306900000", "netIncome": "139500000"}, {"fiscalDateEnding": "2012-03-31", "reportedCurrency": "USD", "grossProfit": "355000000", "totalRevenue": "2042700000", "costOfRevenue": "1687700000", "costofGoodsAndServicesSold": "1687700000", "operatingIncome": "182000000", "sellingGeneralAndAdministrative": "99600000", "researchAndDevelopment": "None", "operatingExpenses": "168600000", "investmentIncomeNet": "None", "netInterestIncome": "None", "interestIncome": "None", "interestExpense": "45300000", "nonInterestIncome": "None", "otherNonOperatingIncome": "None", "depreciation": "None", "depreciationAndAmortization": "69000000", "incomeBeforeTax": "121600000", "incomeTaxExpense": "28000000", "interestAndDebtExpense": "None", "netIncomeFromContinuingOperations": "None", "comprehensiveIncomeNetOfTax": "None", "ebit": "166900000", "ebitda": "235900000", "netIncome": "88300000"}, {"fiscalDateEnding": "2011-12-31", "reportedCurrency": "USD", "grossProfit": "348900000", "totalRevenue": "2051700000", "costOfRevenue": "1702800000", "costofGoodsAndServicesSold": "1702800000", "operatingIncome": "148100000", "sellingGeneralAndAdministrative": "None", "researchAndDevelopment": "None", "operatingExpenses": "178100000", "investmentIncomeNet": "None", "netInterestIncome": "None", "interestIncome": "None", "interestExpense": "42400000", "nonInterestIncome": "None", "otherNonOperatingIncome": "None", "depreciation": "None", "depreciationAndAmortization": "78900000", "incomeBeforeTax": "117800000", "incomeTaxExpense": "41100000", "interestAndDebtExpense": "None", "netIncomeFromContinuingOperations": "None", "comprehensiveIncomeNetOfTax": "None", "ebit": "160200000", "ebitda": "239100000", "netIncome": "77500000"}, {"fiscalDateEnding": "2011-09-30", "reportedCurrency": "USD", "grossProfit": "396100000", "totalRevenue": "2258300000", "costOfRevenue": "1862200000", "costofGoodsAndServicesSold": "1862200000", "operatingIncome": "228600000", "sellingGeneralAndAdministrative": "89700000", "researchAndDevelopment": "None", "operatingExpenses": "164200000", "investmentIncomeNet": "None", "netInterestIncome": "None", "interestIncome": "None", "interestExpense": "43000000", "nonInterestIncome": "None", "otherNonOperatingIncome": "None", "depreciation": "None", "depreciationAndAmortization": "74500000", "incomeBeforeTax": "185600000", "incomeTaxExpense": "47600000", "interestAndDebtExpense": "None", "netIncomeFromContinuingOperations": "None", "comprehensiveIncomeNetOfTax": "None", "ebit": "228600000", "ebitda": "303100000", "netIncome": "132100000"}, {"fiscalDateEnding": "2011-06-30", "reportedCurrency": "USD", "grossProfit": "424200000", "totalRevenue": "2309700000", "costOfRevenue": "1885500000", "costofGoodsAndServicesSold": "1885500000", "operatingIncome": "254100000", "sellingGeneralAndAdministrative": "93100000", "researchAndDevelopment": "None", "operatingExpenses": "170100000", "investmentIncomeNet": "None", "netInterestIncome": "None", "interestIncome": "None", "interestExpense": "45200000", "nonInterestIncome": "None", "otherNonOperatingIncome": "None", "depreciation": "None", "depreciationAndAmortization": "74100000", "incomeBeforeTax": "208900000", "incomeTaxExpense": "64600000", "interestAndDebtExpense": "None", "netIncomeFromContinuingOperations": "None", "comprehensiveIncomeNetOfTax": "None", "ebit": "254100000", "ebitda": "328200000", "netIncome": "143100000"}, {"fiscalDateEnding": "2011-03-31", "reportedCurrency": "USD", "grossProfit": "380500000", "totalRevenue": "2011200000", "costOfRevenue": "1630700000", "costofGoodsAndServicesSold": "1630700000", "operatingIncome": "194000000", "sellingGeneralAndAdministrative": "99400000", "researchAndDevelopment": "None", "operatingExpenses": "186500000", "investmentIncomeNet": "None", "netInterestIncome": "None", "interestIncome": "None", "interestExpense": "46500000", "nonInterestIncome": "None", "otherNonOperatingIncome": "None", "depreciation": "None", "depreciationAndAmortization": "73600000", "incomeBeforeTax": "147500000", "incomeTaxExpense": "48000000", "interestAndDebtExpense": "None", "netIncomeFromContinuingOperations": "None", "comprehensiveIncomeNetOfTax": "None", "ebit": "194000000", "ebitda": "267600000", "netIncome": "91300000"}, {"fiscalDateEnding": "2010-12-31", "reportedCurrency": "USD", "grossProfit": "355800000", "totalRevenue": "1995200000", "costOfRevenue": "1639400000", "costofGoodsAndServicesSold": "1639400000", "operatingIncome": "175600000", "sellingGeneralAndAdministrative": "None", "researchAndDevelopment": "None", "operatingExpenses": "180200000", "investmentIncomeNet": "None", "netInterestIncome": "None", "interestIncome": "None", "interestExpense": "43400000", "nonInterestIncome": "None", "otherNonOperatingIncome": "None", "depreciation": "None", "depreciationAndAmortization": "73300000", "incomeBeforeTax": "133400000", "incomeTaxExpense": "33600000", "interestAndDebtExpense": "None", "netIncomeFromContinuingOperations": "None", "comprehensiveIncomeNetOfTax": "None", "ebit": "176800000", "ebitda": "250100000", "netIncome": "92200000"}, {"fiscalDateEnding": "2010-09-30", "reportedCurrency": "USD", "grossProfit": "381600000", "totalRevenue": "2035000000", "costOfRevenue": "1653400000", "costofGoodsAndServicesSold": "1653400000", "operatingIncome": "221500000", "sellingGeneralAndAdministrative": "93000000", "researchAndDevelopment": "None", "operatingExpenses": "160100000", "investmentIncomeNet": "None", "netInterestIncome": "None", "interestIncome": "None", "interestExpense": "36200000", "nonInterestIncome": "None", "otherNonOperatingIncome": "None", "depreciation": "None", "depreciationAndAmortization": "67100000", "incomeBeforeTax": "196900000", "incomeTaxExpense": "-60500000", "interestAndDebtExpense": "None", "netIncomeFromContinuingOperations": "None", "comprehensiveIncomeNetOfTax": "None", "ebit": "221500000", "ebitda": "288600000", "netIncome": "227500000"}, {"fiscalDateEnding": "2010-06-30", "reportedCurrency": "USD", "grossProfit": "364400000", "totalRevenue": "2007500000", "costOfRevenue": "1643100000", "costofGoodsAndServicesSold": "1643100000", "operatingIncome": "179700000", "sellingGeneralAndAdministrative": "77600000", "researchAndDevelopment": "None", "operatingExpenses": "140000000", "investmentIncomeNet": "None", "netInterestIncome": "None", "interestIncome": "None", "interestExpense": "44700000", "nonInterestIncome": "None", "otherNonOperatingIncome": "None", "depreciation": "None", "depreciationAndAmortization": "53400000", "incomeBeforeTax": "177400000", "incomeTaxExpense": "60800000", "interestAndDebtExpense": "None", "netIncomeFromContinuingOperations": "None", "comprehensiveIncomeNetOfTax": "None", "ebit": "223000000", "ebitda": "276400000", "netIncome": "69000000"}, {"fiscalDateEnding": "2010-03-31", "reportedCurrency": "USD", "grossProfit": "285800000", "totalRevenue": "1706200000", "costOfRevenue": "1420400000", "costofGoodsAndServicesSold": "1420400000", "operatingIncome": "129400000", "sellingGeneralAndAdministrative": "79300000", "researchAndDevelopment": "None", "operatingExpenses": "156400000", "investmentIncomeNet": "None", "netInterestIncome": "None", "interestIncome": "None", "interestExpense": "33900000", "nonInterestIncome": "None", "otherNonOperatingIncome": "None", "depreciation": "None", "depreciationAndAmortization": "71700000", "incomeBeforeTax": "127700000", "incomeTaxExpense": "19100000", "interestAndDebtExpense": "None", "netIncomeFromContinuingOperations": "None", "comprehensiveIncomeNetOfTax": "None", "ebit": "123600000", "ebitda": "195300000", "netIncome": "79300000"}, {"fiscalDateEnding": "2009-12-31", "reportedCurrency": "USD", "grossProfit": "308300000", "totalRevenue": "1864400000", "costOfRevenue": "1556100000", "costofGoodsAndServicesSold": "1556100000", "operatingIncome": "145200000", "sellingGeneralAndAdministrative": "None", "researchAndDevelopment": "None", "operatingExpenses": "163100000", "investmentIncomeNet": "None", "netInterestIncome": "None", "interestIncome": "None", "interestExpense": "37800000", "nonInterestIncome": "None", "otherNonOperatingIncome": "None", "depreciation": "None", "depreciationAndAmortization": "78700000", "incomeBeforeTax": "109700000", "incomeTaxExpense": "34000000", "interestAndDebtExpense": "None", "netIncomeFromContinuingOperations": "None", "comprehensiveIncomeNetOfTax": "None", "ebit": "147500000", "ebitda": "226200000", "netIncome": "81400000"}, {"fiscalDateEnding": "2009-09-30", "reportedCurrency": "USD", "grossProfit": "359400000", "totalRevenue": "1969100000", "costOfRevenue": "1609700000", "costofGoodsAndServicesSold": "1609700000", "operatingIncome": "202200000", "sellingGeneralAndAdministrative": "83200000", "researchAndDevelopment": "None", "operatingExpenses": "157200000", "investmentIncomeNet": "None", "netInterestIncome": "None", "interestIncome": "None", "interestExpense": "28900000", "nonInterestIncome": "None", "otherNonOperatingIncome": "None", "depreciation": "None", "depreciationAndAmortization": "70400000", "incomeBeforeTax": "179500000", "incomeTaxExpense": "52300000", "interestAndDebtExpense": "None", "netIncomeFromContinuingOperations": "None", "comprehensiveIncomeNetOfTax": "None", "ebit": "231100000", "ebitda": "301500000", "netIncome": "103700000"}, {"fiscalDateEnding": "2009-06-30", "reportedCurrency": "USD", "grossProfit": "333000000", "totalRevenue": "1926200000", "costOfRevenue": "1593200000", "costofGoodsAndServicesSold": "1593200000", "operatingIncome": "220500000", "sellingGeneralAndAdministrative": "72900000", "researchAndDevelopment": "None", "operatingExpenses": "112500000", "investmentIncomeNet": "None", "netInterestIncome": "None", "interestIncome": "None", "interestExpense": "24700000", "nonInterestIncome": "None", "otherNonOperatingIncome": "None", "depreciation": "None", "depreciationAndAmortization": "69400000", "incomeBeforeTax": "201400000", "incomeTaxExpense": "48400000", "interestAndDebtExpense": "None", "netIncomeFromContinuingOperations": "None", "comprehensiveIncomeNetOfTax": "None", "ebit": "193800000", "ebitda": "263200000", "netIncome": "133300000"}, {"fiscalDateEnding": "2009-03-31", "reportedCurrency": "USD", "grossProfit": "273100000", "totalRevenue": "1585600000", "costOfRevenue": "1312500000", "costofGoodsAndServicesSold": "1312500000", "operatingIncome": "131200000", "sellingGeneralAndAdministrative": "69000000", "researchAndDevelopment": "None", "operatingExpenses": "141900000", "investmentIncomeNet": "None", "netInterestIncome": "None", "interestIncome": "None", "interestExpense": "25800000", "nonInterestIncome": "None", "otherNonOperatingIncome": "None", "depreciation": "None", "depreciationAndAmortization": "66700000", "incomeBeforeTax": "100400000", "incomeTaxExpense": "28100000", "interestAndDebtExpense": "None", "netIncomeFromContinuingOperations": "None", "comprehensiveIncomeNetOfTax": "None", "ebit": "126200000", "ebitda": "192900000", "netIncome": "69500000"}, {"fiscalDateEnding": "2008-12-31", "reportedCurrency": "USD", "grossProfit": "248500000", "totalRevenue": "1732800000", "costOfRevenue": "1484300000", "costofGoodsAndServicesSold": "1484300000", "operatingIncome": "115200000", "sellingGeneralAndAdministrative": "None", "researchAndDevelopment": "None", "operatingExpenses": "133300000", "investmentIncomeNet": "None", "netInterestIncome": "None", "interestIncome": "None", "interestExpense": "137700000", "nonInterestIncome": "None", "otherNonOperatingIncome": "None", "depreciation": "None", "depreciationAndAmortization": "72700000", "incomeBeforeTax": "50000000", "incomeTaxExpense": "19000000", "interestAndDebtExpense": "None", "netIncomeFromContinuingOperations": "None", "comprehensiveIncomeNetOfTax": "None", "ebit": "115200000", "ebitda": "187900000", "netIncome": "33800000"}, {"fiscalDateEnding": "2008-09-30", "reportedCurrency": "USD", "grossProfit": "328300000", "totalRevenue": "2008200000", "costOfRevenue": "1679900000", "costofGoodsAndServicesSold": "1679900000", "operatingIncome": "186900000", "sellingGeneralAndAdministrative": "67500000", "researchAndDevelopment": "None", "operatingExpenses": "141400000", "investmentIncomeNet": "None", "netInterestIncome": "None", "interestIncome": "None", "interestExpense": "33100000", "nonInterestIncome": "None", "otherNonOperatingIncome": "None", "depreciation": "None", "depreciationAndAmortization": "73900000", "incomeBeforeTax": "177800000", "incomeTaxExpense": "45800000", "interestAndDebtExpense": "None", "netIncomeFromContinuingOperations": "None", "comprehensiveIncomeNetOfTax": "None", "ebit": "196000000", "ebitda": "269900000", "netIncome": "101900000"}, {"fiscalDateEnding": "2008-06-30", "reportedCurrency": "USD", "grossProfit": "341800000", "totalRevenue": "2080300000", "costOfRevenue": "1738500000", "costofGoodsAndServicesSold": "1738500000", "operatingIncome": "187100000", "sellingGeneralAndAdministrative": "78500000", "researchAndDevelopment": "None", "operatingExpenses": "154700000", "investmentIncomeNet": "None", "netInterestIncome": "None", "interestIncome": "None", "interestExpense": "34700000", "nonInterestIncome": "None", "otherNonOperatingIncome": "None", "depreciation": "None", "depreciationAndAmortization": "76200000", "incomeBeforeTax": "140900000", "incomeTaxExpense": "45400000", "interestAndDebtExpense": "None", "netIncomeFromContinuingOperations": "None", "comprehensiveIncomeNetOfTax": "None", "ebit": "198600000", "ebitda": "274800000", "netIncome": "100000000"}, {"fiscalDateEnding": "2008-03-31", "reportedCurrency": "USD", "grossProfit": "302500000", "totalRevenue": "1740200000", "costOfRevenue": "1437700000", "costofGoodsAndServicesSold": "1437700000", "operatingIncome": "146300000", "sellingGeneralAndAdministrative": "81600000", "researchAndDevelopment": "None", "operatingExpenses": "156200000", "investmentIncomeNet": "None", "netInterestIncome": "None", "interestIncome": "None", "interestExpense": "36200000", "nonInterestIncome": "None", "otherNonOperatingIncome": "None", "depreciation": "None", "depreciationAndAmortization": "74600000", "incomeBeforeTax": "117200000", "incomeTaxExpense": "37200000", "interestAndDebtExpense": "None", "netIncomeFromContinuingOperations": "None", "comprehensiveIncomeNetOfTax": "None", "ebit": "153400000", "ebitda": "228000000", "netIncome": "83800000"}, {"fiscalDateEnding": "2007-12-31", "reportedCurrency": "USD", "grossProfit": "266100000", "totalRevenue": "1756200000", "costOfRevenue": "1490100000", "costofGoodsAndServicesSold": "1490100000", "operatingIncome": "121900000", "sellingGeneralAndAdministrative": "None", "researchAndDevelopment": "None", "operatingExpenses": "144200000", "investmentIncomeNet": "None", "netInterestIncome": "None", "interestIncome": "None", "interestExpense": "149400000", "nonInterestIncome": "None", "otherNonOperatingIncome": "None", "depreciation": "None", "depreciationAndAmortization": "74300000", "incomeBeforeTax": "40100000", "incomeTaxExpense": "9800000", "interestAndDebtExpense": "None", "netIncomeFromContinuingOperations": "None", "comprehensiveIncomeNetOfTax": "None", "ebit": "121900000", "ebitda": "196200000", "netIncome": "33300000"}, {"fiscalDateEnding": "2007-09-30", "reportedCurrency": "USD", "grossProfit": "247000000", "totalRevenue": "1906500000", "costOfRevenue": "1659500000", "costofGoodsAndServicesSold": "1659500000", "operatingIncome": "90900000", "sellingGeneralAndAdministrative": "None", "researchAndDevelopment": "None", "operatingExpenses": "156100000", "investmentIncomeNet": "None", "netInterestIncome": "None", "interestIncome": "None", "interestExpense": "None", "nonInterestIncome": "None", "otherNonOperatingIncome": "None", "depreciation": "None", "depreciationAndAmortization": "71800000", "incomeBeforeTax": "54700000", "incomeTaxExpense": "-3100000", "interestAndDebtExpense": "None", "netIncomeFromContinuingOperations": "None", "comprehensiveIncomeNetOfTax": "None", "ebit": "90900000", "ebitda": "162700000", "netIncome": "60900000"}, {"fiscalDateEnding": "2007-06-30", "reportedCurrency": "USD", "grossProfit": "350200000", "totalRevenue": "2032800000", "costOfRevenue": "1682600000", "costofGoodsAndServicesSold": "1682600000", "operatingIncome": "193000000", "sellingGeneralAndAdministrative": "87300000", "researchAndDevelopment": "None", "operatingExpenses": "157200000", "investmentIncomeNet": "None", "netInterestIncome": "None", "interestIncome": "None", "interestExpense": "38100000", "nonInterestIncome": "None", "otherNonOperatingIncome": "None", "depreciation": "None", "depreciationAndAmortization": "69900000", "incomeBeforeTax": "154900000", "incomeTaxExpense": "52300000", "interestAndDebtExpense": "None", "netIncomeFromContinuingOperations": "None", "comprehensiveIncomeNetOfTax": "None", "ebit": "193000000", "ebitda": "262900000", "netIncome": "105900000"}, {"fiscalDateEnding": "2007-03-31", "reportedCurrency": "USD", "grossProfit": "299900000", "totalRevenue": "1694200000", "costOfRevenue": "1394300000", "costofGoodsAndServicesSold": "1394300000", "operatingIncome": "152700000", "sellingGeneralAndAdministrative": "82200000", "researchAndDevelopment": "None", "operatingExpenses": "147200000", "investmentIncomeNet": "None", "netInterestIncome": "None", "interestIncome": "None", "interestExpense": "37900000", "nonInterestIncome": "None", "otherNonOperatingIncome": "None", "depreciation": "None", "depreciationAndAmortization": "65000000", "incomeBeforeTax": "152700000", "incomeTaxExpense": "36700000", "interestAndDebtExpense": "None", "netIncomeFromContinuingOperations": "None", "comprehensiveIncomeNetOfTax": "None", "ebit": "152700000", "ebitda": "217700000", "netIncome": "81200000"}, {"fiscalDateEnding": "2006-12-31", "reportedCurrency": "USD", "grossProfit": "283700000", "totalRevenue": "1591800000", "costOfRevenue": "1308100000", "costofGoodsAndServicesSold": "1308100000", "operatingIncome": "138200000", "sellingGeneralAndAdministrative": "None", "researchAndDevelopment": "None", "operatingExpenses": "145500000", "investmentIncomeNet": "None", "netInterestIncome": "None", "interestIncome": "None", "interestExpense": "None", "nonInterestIncome": "None", "otherNonOperatingIncome": "None", "depreciation": "None", "depreciationAndAmortization": "68600000", "incomeBeforeTax": "66700000", "incomeTaxExpense": "19000000", "interestAndDebtExpense": "None", "netIncomeFromContinuingOperations": "None", "comprehensiveIncomeNetOfTax": "None", "ebit": "138200000", "ebitda": "206800000", "netIncome": "50800000"}, {"fiscalDateEnding": "2006-09-30", "reportedCurrency": "USD", "grossProfit": "296300000", "totalRevenue": "1822300000", "costOfRevenue": "1526000000", "costofGoodsAndServicesSold": "1526000000", "operatingIncome": "165300000", "sellingGeneralAndAdministrative": "None", "researchAndDevelopment": "None", "operatingExpenses": "131000000", "investmentIncomeNet": "None", "netInterestIncome": "None", "interestIncome": "None", "interestExpense": "37200000", "nonInterestIncome": "None", "otherNonOperatingIncome": "None", "depreciation": "None", "depreciationAndAmortization": "64500000", "incomeBeforeTax": "130900000", "incomeTaxExpense": "32900000", "interestAndDebtExpense": "None", "netIncomeFromContinuingOperations": "None", "comprehensiveIncomeNetOfTax": "None", "ebit": "174600000", "ebitda": "239100000", "netIncome": "107100000"}, {"fiscalDateEnding": "2006-06-30", "reportedCurrency": "USD", "grossProfit": "292500000", "totalRevenue": "1842500000", "costOfRevenue": "1550000000", "costofGoodsAndServicesSold": "1550000000", "operatingIncome": "228200000", "sellingGeneralAndAdministrative": "None", "researchAndDevelopment": "None", "operatingExpenses": "64300000", "investmentIncomeNet": "None", "netInterestIncome": "None", "interestIncome": "None", "interestExpense": "37600000", "nonInterestIncome": "None", "otherNonOperatingIncome": "None", "depreciation": "None", "depreciationAndAmortization": "64900000", "incomeBeforeTax": "191000000", "incomeTaxExpense": "63000000", "interestAndDebtExpense": "None", "netIncomeFromContinuingOperations": "None", "comprehensiveIncomeNetOfTax": "None", "ebit": "149300000", "ebitda": "214200000", "netIncome": "129800000"}, {"fiscalDateEnding": "2006-03-31", "reportedCurrency": "USD", "grossProfit": "208900000", "totalRevenue": "1364900000", "costOfRevenue": "1156000000", "costofGoodsAndServicesSold": "1156000000", "operatingIncome": "81600000", "sellingGeneralAndAdministrative": "None", "researchAndDevelopment": "None", "operatingExpenses": "127300000", "investmentIncomeNet": "None", "netInterestIncome": "None", "interestIncome": "None", "interestExpense": "None", "nonInterestIncome": "None", "otherNonOperatingIncome": "None", "depreciation": "None", "depreciationAndAmortization": "54600000", "incomeBeforeTax": "58300000", "incomeTaxExpense": "16700000", "interestAndDebtExpense": "None", "netIncomeFromContinuingOperations": "None", "comprehensiveIncomeNetOfTax": "None", "ebit": "83300000", "ebitda": "137900000", "netIncome": "44400000"}, {"fiscalDateEnding": "2005-12-31", "reportedCurrency": "USD", "grossProfit": "197400000", "totalRevenue": "1291200000", "costOfRevenue": "1093800000", "costofGoodsAndServicesSold": "1093800000", "operatingIncome": "63500000", "sellingGeneralAndAdministrative": "None", "researchAndDevelopment": "None", "operatingExpenses": "133900000", "investmentIncomeNet": "None", "netInterestIncome": "None", "interestIncome": "None", "interestExpense": "None", "nonInterestIncome": "None", "otherNonOperatingIncome": "None", "depreciation": "None", "depreciationAndAmortization": "52700000", "incomeBeforeTax": "167400000", "incomeTaxExpense": "10000000", "interestAndDebtExpense": "None", "netIncomeFromContinuingOperations": "None", "comprehensiveIncomeNetOfTax": "None", "ebit": "63500000", "ebitda": "116200000", "netIncome": "44600000"}, {"fiscalDateEnding": "2005-09-30", "reportedCurrency": "USD", "grossProfit": "254800000", "totalRevenue": "1583900000", "costOfRevenue": "1329100000", "costofGoodsAndServicesSold": "1329100000", "operatingIncome": "147800000", "sellingGeneralAndAdministrative": "52100000", "researchAndDevelopment": "None", "operatingExpenses": "107000000", "investmentIncomeNet": "None", "netInterestIncome": "None", "interestIncome": "None", "interestExpense": "24400000", "nonInterestIncome": "None", "otherNonOperatingIncome": "None", "depreciation": "None", "depreciationAndAmortization": "54400000", "incomeBeforeTax": "102800000", "incomeTaxExpense": "26600000", "interestAndDebtExpense": "None", "netIncomeFromContinuingOperations": "None", "comprehensiveIncomeNetOfTax": "None", "ebit": "147800000", "ebitda": "202200000", "netIncome": "79300000"}, {"fiscalDateEnding": "2005-06-30", "reportedCurrency": "USD", "grossProfit": "249300000", "totalRevenue": "1552000000", "costOfRevenue": "1302700000", "costofGoodsAndServicesSold": "1302700000", "operatingIncome": "140300000", "sellingGeneralAndAdministrative": "58500000", "researchAndDevelopment": "None", "operatingExpenses": "109000000", "investmentIncomeNet": "None", "netInterestIncome": "None", "interestIncome": "None", "interestExpense": "24300000", "nonInterestIncome": "None", "otherNonOperatingIncome": "None", "depreciation": "None", "depreciationAndAmortization": "53000000", "incomeBeforeTax": "131500000", "incomeTaxExpense": "32900000", "interestAndDebtExpense": "None", "netIncomeFromContinuingOperations": "None", "comprehensiveIncomeNetOfTax": "None", "ebit": "1323800000", "ebitda": "1376800000", "netIncome": "79000000"}, {"fiscalDateEnding": "2005-03-31", "reportedCurrency": "USD", "grossProfit": "227300000", "totalRevenue": "1324100000", "costOfRevenue": "1096800000", "costofGoodsAndServicesSold": "1096800000", "operatingIncome": "110900000", "sellingGeneralAndAdministrative": "63100000", "researchAndDevelopment": "None", "operatingExpenses": "116400000", "investmentIncomeNet": "None", "netInterestIncome": "None", "interestIncome": "None", "interestExpense": "25800000", "nonInterestIncome": "None", "otherNonOperatingIncome": "None", "depreciation": "None", "depreciationAndAmortization": "53400000", "incomeBeforeTax": "85100000", "incomeTaxExpense": "29800000", "interestAndDebtExpense": "None", "netIncomeFromContinuingOperations": "None", "comprehensiveIncomeNetOfTax": "None", "ebit": "1154300000", "ebitda": "1207700000", "netIncome": "58600000"}, {"fiscalDateEnding": "2004-12-31", "reportedCurrency": "USD", "grossProfit": "231700000", "totalRevenue": "1262800000", "costOfRevenue": "1031100000", "costofGoodsAndServicesSold": "1031100000", "operatingIncome": "128400000", "sellingGeneralAndAdministrative": "None", "researchAndDevelopment": "None", "operatingExpenses": "103300000", "investmentIncomeNet": "None", "netInterestIncome": "None", "interestIncome": "None", "interestExpense": "106300000", "nonInterestIncome": "None", "otherNonOperatingIncome": "None", "depreciation": "None", "depreciationAndAmortization": "52400000", "incomeBeforeTax": "97000000", "incomeTaxExpense": "30600000", "interestAndDebtExpense": "None", "netIncomeFromContinuingOperations": "None", "comprehensiveIncomeNetOfTax": "None", "ebit": "128400000", "ebitda": "180800000", "netIncome": "56400000"}]}