{"symbol": "ICE", "annualReports": [{"fiscalDateEnding": "2024-12-31", "reportedCurrency": "USD", "grossProfit": "6522000000", "totalRevenue": "11761000000", "costOfRevenue": "5239000000", "costofGoodsAndServicesSold": "5239000000", "operatingIncome": "4309000000", "sellingGeneralAndAdministrative": "572000000", "researchAndDevelopment": "None", "operatingExpenses": "2213000000", "investmentIncomeNet": "None", "netInterestIncome": "-769000000", "interestIncome": "141000000", "interestExpense": "910000000", "nonInterestIncome": "None", "otherNonOperatingIncome": "None", "depreciation": "None", "depreciationAndAmortization": "1537000000", "incomeBeforeTax": "3628000000", "incomeTaxExpense": "826000000", "interestAndDebtExpense": "None", "netIncomeFromContinuingOperations": "2802000000", "comprehensiveIncomeNetOfTax": "None", "ebit": "4538000000", "ebitda": "6075000000", "netIncome": "2754000000"}, {"fiscalDateEnding": "2023-12-31", "reportedCurrency": "USD", "grossProfit": "5659000000", "totalRevenue": "9903000000", "costOfRevenue": "4244000000", "costofGoodsAndServicesSold": "4244000000", "operatingIncome": "3694000000", "sellingGeneralAndAdministrative": "481000000", "researchAndDevelopment": "0.30", "operatingExpenses": "1965000000", "investmentIncomeNet": "None", "netInterestIncome": "-489000000", "interestIncome": "319000000", "interestExpense": "808000000", "nonInterestIncome": "None", "otherNonOperatingIncome": "None", "depreciation": "None", "depreciationAndAmortization": "1215000000", "incomeBeforeTax": "2894000000", "incomeTaxExpense": "456000000", "interestAndDebtExpense": "None", "netIncomeFromContinuingOperations": "2438000000", "comprehensiveIncomeNetOfTax": "None", "ebit": "3681000000", "ebitda": "4896000000", "netIncome": "2368000000"}, {"fiscalDateEnding": "2022-12-31", "reportedCurrency": "USD", "grossProfit": "5202000000", "totalRevenue": "9636000000", "costOfRevenue": "4434000000", "costofGoodsAndServicesSold": "4434000000", "operatingIncome": "2517000000", "sellingGeneralAndAdministrative": "440000000", "researchAndDevelopment": "0.20", "operatingExpenses": "1471000000", "investmentIncomeNet": "None", "netInterestIncome": "-508000000", "interestIncome": "1776000000", "interestExpense": "616000000", "nonInterestIncome": "None", "otherNonOperatingIncome": "-1214000000", "depreciation": "None", "depreciationAndAmortization": "5406000000", "incomeBeforeTax": "1808000000", "incomeTaxExpense": "310000000", "interestAndDebtExpense": "None", "netIncomeFromContinuingOperations": "1498000000", "comprehensiveIncomeNetOfTax": "None", "ebit": "-603000000", "ebitda": "4803000000", "netIncome": "1446000000"}, {"fiscalDateEnding": "2021-12-31", "reportedCurrency": "USD", "grossProfit": "5018000000", "totalRevenue": "9168000000", "costOfRevenue": "4150000000", "costofGoodsAndServicesSold": "4150000000", "operatingIncome": "6223000000", "sellingGeneralAndAdministrative": "458000000", "researchAndDevelopment": "0.56", "operatingExpenses": "1467000000", "investmentIncomeNet": "None", "netInterestIncome": "-422000000", "interestIncome": "844000000", "interestExpense": "423000000", "nonInterestIncome": "None", "otherNonOperatingIncome": "2672000000", "depreciation": "None", "depreciationAndAmortization": "5335000000", "incomeBeforeTax": "5698000000", "incomeTaxExpense": "1629000000", "interestAndDebtExpense": "None", "netIncomeFromContinuingOperations": "4069000000", "comprehensiveIncomeNetOfTax": "None", "ebit": "486000000", "ebitda": "5821000000", "netIncome": "4058000000"}, {"fiscalDateEnding": "2020-12-31", "reportedCurrency": "USD", "grossProfit": "4299000000", "totalRevenue": "8244000000", "costOfRevenue": "3945000000", "costofGoodsAndServicesSold": "3945000000", "operatingIncome": "3033000000", "sellingGeneralAndAdministrative": "410000000", "researchAndDevelopment": "0.36", "operatingExpenses": "1161000000", "investmentIncomeNet": "None", "netInterestIncome": "-347000000", "interestIncome": "10000000", "interestExpense": "357000000", "nonInterestIncome": "None", "otherNonOperatingIncome": "90000000", "depreciation": "None", "depreciationAndAmortization": "4438000000", "incomeBeforeTax": "2766000000", "incomeTaxExpense": "658000000", "interestAndDebtExpense": "None", "netIncomeFromContinuingOperations": "2108000000", "comprehensiveIncomeNetOfTax": "None", "ebit": "-564000000", "ebitda": "3874000000", "netIncome": "2089000000"}, {"fiscalDateEnding": "2019-12-31", "reportedCurrency": "USD", "grossProfit": "3691000000", "totalRevenue": "6547000000", "costOfRevenue": "2856000000", "costofGoodsAndServicesSold": "2856000000", "operatingIncome": "2673000000", "sellingGeneralAndAdministrative": "354000000", "researchAndDevelopment": "0.40", "operatingExpenses": "1016000000", "investmentIncomeNet": "None", "netInterestIncome": "-250000000", "interestIncome": "35000000", "interestExpense": "285000000", "nonInterestIncome": "None", "otherNonOperatingIncome": "93000000", "depreciation": "None", "depreciationAndAmortization": "3462000000", "incomeBeforeTax": "2481000000", "incomeTaxExpense": "521000000", "interestAndDebtExpense": "None", "netIncomeFromContinuingOperations": "1960000000", "comprehensiveIncomeNetOfTax": "None", "ebit": "-125000000", "ebitda": "3337000000", "netIncome": "1933000000"}, {"fiscalDateEnding": "2018-12-31", "reportedCurrency": "USD", "grossProfit": "3553000000", "totalRevenue": "6276000000", "costOfRevenue": "2723000000", "costofGoodsAndServicesSold": "2723000000", "operatingIncome": "2583000000", "sellingGeneralAndAdministrative": "350000000", "researchAndDevelopment": "0.43", "operatingExpenses": "936000000", "investmentIncomeNet": "None", "netInterestIncome": "-222000000", "interestIncome": "22000000", "interestExpense": "244000000", "nonInterestIncome": "None", "otherNonOperatingIncome": "181000000", "depreciation": "None", "depreciationAndAmortization": "3188000000", "incomeBeforeTax": "2520000000", "incomeTaxExpense": "500000000", "interestAndDebtExpense": "None", "netIncomeFromContinuingOperations": "2020000000", "comprehensiveIncomeNetOfTax": "None", "ebit": "162000000", "ebitda": "3350000000", "netIncome": "1988000000"}, {"fiscalDateEnding": "2017-12-31", "reportedCurrency": "USD", "grossProfit": "3295000000", "totalRevenue": "5834000000", "costOfRevenue": "2539000000", "costofGoodsAndServicesSold": "2539000000", "operatingIncome": "2379000000", "sellingGeneralAndAdministrative": "345000000", "researchAndDevelopment": "0.45", "operatingExpenses": "880000000", "investmentIncomeNet": "None", "netInterestIncome": "-187000000", "interestIncome": "179000000", "interestExpense": "187000000", "nonInterestIncome": "None", "otherNonOperatingIncome": "325000000", "depreciation": "None", "depreciationAndAmortization": "3050000000", "incomeBeforeTax": "2517000000", "incomeTaxExpense": "-25000000", "interestAndDebtExpense": "None", "netIncomeFromContinuingOperations": "2542000000", "comprehensiveIncomeNetOfTax": "None", "ebit": "198000000", "ebitda": "3248000000", "netIncome": "2514000000"}, {"fiscalDateEnding": "2016-12-31", "reportedCurrency": "USD", "grossProfit": "3180000000", "totalRevenue": "5958000000", "costOfRevenue": "2778000000", "costofGoodsAndServicesSold": "2778000000", "operatingIncome": "2167000000", "sellingGeneralAndAdministrative": "323000000", "researchAndDevelopment": "0.36", "operatingExpenses": "933000000", "investmentIncomeNet": "None", "netInterestIncome": "-178000000", "interestIncome": "175000000", "interestExpense": "178000000", "nonInterestIncome": "None", "otherNonOperatingIncome": "40000000", "depreciation": "None", "depreciationAndAmortization": "3289000000", "incomeBeforeTax": "2029000000", "incomeTaxExpense": "580000000", "interestAndDebtExpense": "None", "netIncomeFromContinuingOperations": "1449000000", "comprehensiveIncomeNetOfTax": "None", "ebit": "-458000000", "ebitda": "2831000000", "netIncome": "1422000000"}, {"fiscalDateEnding": "2015-12-31", "reportedCurrency": "USD", "grossProfit": "2524000000", "totalRevenue": "4682000000", "costOfRevenue": "2158000000", "costofGoodsAndServicesSold": "2158000000", "operatingIncome": "1750000000", "sellingGeneralAndAdministrative": "312000000", "researchAndDevelopment": "203000000", "operatingExpenses": "686000000", "investmentIncomeNet": "None", "netInterestIncome": "None", "interestIncome": "97000000", "interestExpense": "97000000", "nonInterestIncome": "None", "otherNonOperatingIncome": "None", "depreciation": "None", "depreciationAndAmortization": "374000000", "incomeBeforeTax": "1653000000", "incomeTaxExpense": "358000000", "interestAndDebtExpense": "None", "netIncomeFromContinuingOperations": "1295000000", "comprehensiveIncomeNetOfTax": "None", "ebit": "1838000000", "ebitda": "2212000000", "netIncome": "1274000000"}, {"fiscalDateEnding": "2014-12-31", "reportedCurrency": "USD", "grossProfit": "2312000000", "totalRevenue": "4221000000", "costOfRevenue": "1909000000", "costofGoodsAndServicesSold": "1909000000", "operatingIncome": "1448000000", "sellingGeneralAndAdministrative": "402000000", "researchAndDevelopment": "188000000", "operatingExpenses": "735000000", "investmentIncomeNet": "None", "netInterestIncome": "None", "interestIncome": "None", "interestExpense": "96000000", "nonInterestIncome": "None", "otherNonOperatingIncome": "55000000", "depreciation": "None", "depreciationAndAmortization": "333000000", "incomeBeforeTax": "1407000000", "incomeTaxExpense": "402000000", "interestAndDebtExpense": "None", "netIncomeFromContinuingOperations": "1005000000", "comprehensiveIncomeNetOfTax": "None", "ebit": "1577000000", "ebitda": "1910000000", "netIncome": "981000000"}, {"fiscalDateEnding": "2013-12-31", "reportedCurrency": "USD", "grossProfit": "1274000000", "totalRevenue": "1795000000", "costOfRevenue": "521000000", "costofGoodsAndServicesSold": "521000000", "operatingIncome": "790000000", "sellingGeneralAndAdministrative": "158000000", "researchAndDevelopment": "69000000", "operatingExpenses": "319000000", "investmentIncomeNet": "None", "netInterestIncome": "None", "interestIncome": "None", "interestExpense": "56000000", "nonInterestIncome": "None", "otherNonOperatingIncome": "-234000000", "depreciation": "None", "depreciationAndAmortization": "161000000", "incomeBeforeTax": "500000000", "incomeTaxExpense": "230000000", "interestAndDebtExpense": "None", "netIncomeFromContinuingOperations": "730000000", "comprehensiveIncomeNetOfTax": "None", "ebit": "721000000", "ebitda": "882000000", "netIncome": "254000000"}, {"fiscalDateEnding": "2012-12-31", "reportedCurrency": "USD", "grossProfit": "1066049000", "totalRevenue": "1362965000", "costOfRevenue": "296916000", "costofGoodsAndServicesSold": "296916000", "operatingIncome": "827015000", "sellingGeneralAndAdministrative": "89173000", "researchAndDevelopment": "None", "operatingExpenses": "219675000", "investmentIncomeNet": "None", "netInterestIncome": "None", "interestIncome": "None", "interestExpense": "38902000", "nonInterestIncome": "None", "otherNonOperatingIncome": "None", "depreciation": "None", "depreciationAndAmortization": "130502000", "incomeBeforeTax": "789692000", "incomeTaxExpense": "227955000", "interestAndDebtExpense": "None", "netIncomeFromContinuingOperations": "None", "comprehensiveIncomeNetOfTax": "None", "ebit": "846374000", "ebitda": "976876000", "netIncome": "551576000"}, {"fiscalDateEnding": "2011-12-31", "reportedCurrency": "USD", "grossProfit": "1029015000", "totalRevenue": "1327491000", "costOfRevenue": "298476000", "costofGoodsAndServicesSold": "298476000", "operatingIncome": "793333000", "sellingGeneralAndAdministrative": "87806000", "researchAndDevelopment": "None", "operatingExpenses": "220058000", "investmentIncomeNet": "None", "netInterestIncome": "None", "interestIncome": "None", "interestExpense": "36097000", "nonInterestIncome": "None", "otherNonOperatingIncome": "None", "depreciation": "None", "depreciationAndAmortization": "132252000", "incomeBeforeTax": "759239000", "incomeTaxExpense": "237498000", "interestAndDebtExpense": "None", "netIncomeFromContinuingOperations": "None", "comprehensiveIncomeNetOfTax": "None", "ebit": "808957000", "ebitda": "941209000", "netIncome": "509673000"}, {"fiscalDateEnding": "2010-12-31", "reportedCurrency": "USD", "grossProfit": "1107351000", "totalRevenue": "1149944000", "costOfRevenue": "42593000", "costofGoodsAndServicesSold": "42593000", "operatingIncome": "652249000", "sellingGeneralAndAdministrative": "333893000", "researchAndDevelopment": "None", "operatingExpenses": "455102000", "investmentIncomeNet": "None", "netInterestIncome": "None", "interestIncome": "None", "interestExpense": "29765000", "nonInterestIncome": "None", "otherNonOperatingIncome": "None", "depreciation": "None", "depreciationAndAmortization": "121209000", "incomeBeforeTax": "610142000", "incomeTaxExpense": "202375000", "interestAndDebtExpense": "None", "netIncomeFromContinuingOperations": "None", "comprehensiveIncomeNetOfTax": "None", "ebit": "662245000", "ebitda": "783454000", "netIncome": "398298000"}, {"fiscalDateEnding": "2009-12-31", "reportedCurrency": "USD", "grossProfit": "953092000", "totalRevenue": "994788000", "costOfRevenue": "41696000", "costofGoodsAndServicesSold": "41696000", "operatingIncome": "512619000", "sellingGeneralAndAdministrative": "329116000", "researchAndDevelopment": "None", "operatingExpenses": "440473000", "investmentIncomeNet": "None", "netInterestIncome": "None", "interestIncome": "None", "interestExpense": "22922000", "nonInterestIncome": "None", "otherNonOperatingIncome": "None", "depreciation": "None", "depreciationAndAmortization": "111357000", "incomeBeforeTax": "493705000", "incomeTaxExpense": "179551000", "interestAndDebtExpense": "None", "netIncomeFromContinuingOperations": "None", "comprehensiveIncomeNetOfTax": "None", "ebit": "516627000", "ebitda": "627984000", "netIncome": "315988000"}, {"fiscalDateEnding": "2008-12-31", "reportedCurrency": "USD", "grossProfit": "623581000", "totalRevenue": "813078000", "costOfRevenue": "189497000", "costofGoodsAndServicesSold": "189497000", "operatingIncome": "493534000", "sellingGeneralAndAdministrative": "97505000", "researchAndDevelopment": "None", "operatingExpenses": "130047000", "investmentIncomeNet": "None", "netInterestIncome": "None", "interestIncome": "None", "interestExpense": "19573000", "nonInterestIncome": "None", "otherNonOperatingIncome": "None", "depreciation": "None", "depreciationAndAmortization": "63891000", "incomeBeforeTax": "473496000", "incomeTaxExpense": "172524000", "interestAndDebtExpense": "None", "netIncomeFromContinuingOperations": "None", "comprehensiveIncomeNetOfTax": "None", "ebit": "491890000", "ebitda": "555781000", "netIncome": "300972000"}, {"fiscalDateEnding": "2007-12-31", "reportedCurrency": "USD", "grossProfit": "448144000", "totalRevenue": "574293000", "costOfRevenue": "126149000", "costofGoodsAndServicesSold": "126149000", "operatingIncome": "353563000", "sellingGeneralAndAdministrative": "73806000", "researchAndDevelopment": "None", "operatingExpenses": "83460000", "investmentIncomeNet": "None", "netInterestIncome": "None", "interestIncome": "None", "interestExpense": "0", "nonInterestIncome": "None", "otherNonOperatingIncome": "None", "depreciation": "None", "depreciationAndAmortization": "33399000", "incomeBeforeTax": "358434000", "incomeTaxExpense": "117822000", "interestAndDebtExpense": "None", "netIncomeFromContinuingOperations": "None", "comprehensiveIncomeNetOfTax": "None", "ebit": "363986000", "ebitda": "397385000", "netIncome": "240612000"}, {"fiscalDateEnding": "2006-12-31", "reportedCurrency": "USD", "grossProfit": "243615000", "totalRevenue": "313799000", "costOfRevenue": "70184000", "costofGoodsAndServicesSold": "70184000", "operatingIncome": "204635000", "sellingGeneralAndAdministrative": "36661000", "researchAndDevelopment": "None", "operatingExpenses": "38980000", "investmentIncomeNet": "None", "netInterestIncome": "None", "interestIncome": "None", "interestExpense": "0", "nonInterestIncome": "None", "otherNonOperatingIncome": "None", "depreciation": "None", "depreciationAndAmortization": "13861000", "incomeBeforeTax": "212543000", "incomeTaxExpense": "69275000", "interestAndDebtExpense": "None", "netIncomeFromContinuingOperations": "None", "comprehensiveIncomeNetOfTax": "None", "ebit": "204488000", "ebitda": "218349000", "netIncome": "143268000"}, {"fiscalDateEnding": "2005-12-31", "reportedCurrency": "USD", "grossProfit": "155865000", "totalRevenue": "155865000", "costOfRevenue": "37736000", "costofGoodsAndServicesSold": "37736000", "operatingIncome": "56205000", "sellingGeneralAndAdministrative": "29010000", "researchAndDevelopment": "None", "operatingExpenses": "99660000", "investmentIncomeNet": "None", "netInterestIncome": "None", "interestIncome": "None", "interestExpense": "0", "nonInterestIncome": "None", "otherNonOperatingIncome": "None", "depreciation": "None", "depreciationAndAmortization": "16846000", "incomeBeforeTax": "59995000", "incomeTaxExpense": "19585000", "interestAndDebtExpense": "None", "netIncomeFromContinuingOperations": "None", "comprehensiveIncomeNetOfTax": "None", "ebit": "56205000", "ebitda": "73051000", "netIncome": "40410000"}], "quarterlyReports": [{"fiscalDateEnding": "2024-12-31", "reportedCurrency": "USD", "grossProfit": "1619000000", "totalRevenue": "3030000000", "costOfRevenue": "1411000000", "costofGoodsAndServicesSold": "1411000000", "operatingIncome": "1077000000", "sellingGeneralAndAdministrative": "137000000", "researchAndDevelopment": "None", "operatingExpenses": "542000000", "investmentIncomeNet": "None", "netInterestIncome": "-177000000", "interestIncome": "36000000", "interestExpense": "213000000", "nonInterestIncome": "None", "otherNonOperatingIncome": "None", "depreciation": "None", "depreciationAndAmortization": "389000000", "incomeBeforeTax": "905000000", "incomeTaxExpense": "196000000", "interestAndDebtExpense": "None", "netIncomeFromContinuingOperations": "709000000", "comprehensiveIncomeNetOfTax": "None", "ebit": "1118000000", "ebitda": "1507000000", "netIncome": "698000000"}, {"fiscalDateEnding": "2024-09-30", "reportedCurrency": "USD", "grossProfit": "1650000000", "totalRevenue": "3033000000", "costOfRevenue": "1383000000", "costofGoodsAndServicesSold": "1383000000", "operatingIncome": "1103000000", "sellingGeneralAndAdministrative": "124000000", "researchAndDevelopment": "None", "operatingExpenses": "547000000", "investmentIncomeNet": "None", "netInterestIncome": "-184000000", "interestIncome": "39000000", "interestExpense": "223000000", "nonInterestIncome": "None", "otherNonOperatingIncome": "None", "depreciation": "None", "depreciationAndAmortization": "386000000", "incomeBeforeTax": "898000000", "incomeTaxExpense": "227000000", "interestAndDebtExpense": "None", "netIncomeFromContinuingOperations": "671000000", "comprehensiveIncomeNetOfTax": "None", "ebit": "1142000000", "ebitda": "1528000000", "netIncome": "657000000"}, {"fiscalDateEnding": "2024-06-30", "reportedCurrency": "USD", "grossProfit": "1933000000", "totalRevenue": "2756000000", "costOfRevenue": "823000000", "costofGoodsAndServicesSold": "823000000", "operatingIncome": "1078000000", "sellingGeneralAndAdministrative": "168000000", "researchAndDevelopment": "None", "operatingExpenses": "549000000", "investmentIncomeNet": "None", "netInterestIncome": "-197000000", "interestIncome": "36000000", "interestExpense": "233000000", "nonInterestIncome": "None", "otherNonOperatingIncome": "None", "depreciation": "None", "depreciationAndAmortization": "381000000", "incomeBeforeTax": "861000000", "incomeTaxExpense": "222000000", "interestAndDebtExpense": "None", "netIncomeFromContinuingOperations": "639000000", "comprehensiveIncomeNetOfTax": "None", "ebit": "1081000000", "ebitda": "1462000000", "netIncome": "632000000"}, {"fiscalDateEnding": "2024-03-31", "reportedCurrency": "USD", "grossProfit": "1906000000", "totalRevenue": "2731000000", "costOfRevenue": "825000000", "costofGoodsAndServicesSold": "825000000", "operatingIncome": "1096000000", "sellingGeneralAndAdministrative": "143000000", "researchAndDevelopment": "None", "operatingExpenses": "810000000", "investmentIncomeNet": "None", "netInterestIncome": "-211000000", "interestIncome": "30000000", "interestExpense": "241000000", "nonInterestIncome": "None", "otherNonOperatingIncome": "None", "depreciation": "None", "depreciationAndAmortization": "381000000", "incomeBeforeTax": "964000000", "incomeTaxExpense": "181000000", "interestAndDebtExpense": "None", "netIncomeFromContinuingOperations": "783000000", "comprehensiveIncomeNetOfTax": "None", "ebit": "1096000000", "ebitda": "1477000000", "netIncome": "767000000"}, {"fiscalDateEnding": "2023-12-31", "reportedCurrency": "USD", "grossProfit": "1504000000", "totalRevenue": "2666000000", "costOfRevenue": "1162000000", "costofGoodsAndServicesSold": "1162000000", "operatingIncome": "925000000", "sellingGeneralAndAdministrative": "132000000", "researchAndDevelopment": "None", "operatingExpenses": "511000000", "investmentIncomeNet": "None", "netInterestIncome": "-219000000", "interestIncome": "32000000", "interestExpense": "251000000", "nonInterestIncome": "None", "otherNonOperatingIncome": "None", "depreciation": "None", "depreciationAndAmortization": "379000000", "incomeBeforeTax": "516000000", "incomeTaxExpense": "126000000", "interestAndDebtExpense": "None", "netIncomeFromContinuingOperations": "390000000", "comprehensiveIncomeNetOfTax": "None", "ebit": "993000000", "ebitda": "1372000000", "netIncome": "373000000"}, {"fiscalDateEnding": "2023-09-30", "reportedCurrency": "USD", "grossProfit": "1419000000", "totalRevenue": "2429000000", "costOfRevenue": "1010000000", "costofGoodsAndServicesSold": "1010000000", "operatingIncome": "845000000", "sellingGeneralAndAdministrative": "110000000", "researchAndDevelopment": "None", "operatingExpenses": "419000000", "investmentIncomeNet": "None", "netInterestIncome": "-112000000", "interestIncome": "94000000", "interestExpense": "206000000", "nonInterestIncome": "None", "otherNonOperatingIncome": "None", "depreciation": "None", "depreciationAndAmortization": "309000000", "incomeBeforeTax": "682000000", "incomeTaxExpense": "123000000", "interestAndDebtExpense": "None", "netIncomeFromContinuingOperations": "559000000", "comprehensiveIncomeNetOfTax": "None", "ebit": "1000000000", "ebitda": "1309000000", "netIncome": "541000000"}, {"fiscalDateEnding": "2023-06-30", "reportedCurrency": "USD", "grossProfit": "1364000000", "totalRevenue": "2336000000", "costOfRevenue": "972000000", "costofGoodsAndServicesSold": "972000000", "operatingIncome": "955000000", "sellingGeneralAndAdministrative": "117000000", "researchAndDevelopment": "None", "operatingExpenses": "384000000", "investmentIncomeNet": "None", "netInterestIncome": "-73000000", "interestIncome": "102000000", "interestExpense": "175000000", "nonInterestIncome": "None", "otherNonOperatingIncome": "67000000", "depreciation": "None", "depreciationAndAmortization": "267000000", "incomeBeforeTax": "847000000", "incomeTaxExpense": "32000000", "interestAndDebtExpense": "None", "netIncomeFromContinuingOperations": "815000000", "comprehensiveIncomeNetOfTax": "None", "ebit": "980000000", "ebitda": "1247000000", "netIncome": "799000000"}, {"fiscalDateEnding": "2023-03-31", "reportedCurrency": "USD", "grossProfit": "1372000000", "totalRevenue": "2472000000", "costOfRevenue": "1100000000", "costofGoodsAndServicesSold": "1100000000", "operatingIncome": "969000000", "sellingGeneralAndAdministrative": "122000000", "researchAndDevelopment": "None", "operatingExpenses": "382000000", "investmentIncomeNet": "None", "netInterestIncome": "-85000000", "interestIncome": "51000000", "interestExpense": "176000000", "nonInterestIncome": "None", "otherNonOperatingIncome": "56000000", "depreciation": "None", "depreciationAndAmortization": "260000000", "incomeBeforeTax": "849000000", "incomeTaxExpense": "175000000", "interestAndDebtExpense": "None", "netIncomeFromContinuingOperations": "674000000", "comprehensiveIncomeNetOfTax": "None", "ebit": "990000000", "ebitda": "1250000000", "netIncome": "655000000"}, {"fiscalDateEnding": "2022-12-31", "reportedCurrency": "USD", "grossProfit": "1249000000", "totalRevenue": "2377000000", "costOfRevenue": "1128000000", "costofGoodsAndServicesSold": "1128000000", "operatingIncome": "864000000", "sellingGeneralAndAdministrative": "110000000", "researchAndDevelopment": "None", "operatingExpenses": "373000000", "investmentIncomeNet": "None", "netInterestIncome": "-110000000", "interestIncome": "310000000", "interestExpense": "176000000", "nonInterestIncome": "None", "otherNonOperatingIncome": "-124000000", "depreciation": "None", "depreciationAndAmortization": "263000000", "incomeBeforeTax": "564000000", "incomeTaxExpense": "124000000", "interestAndDebtExpense": "None", "netIncomeFromContinuingOperations": "440000000", "comprehensiveIncomeNetOfTax": "None", "ebit": "876000000", "ebitda": "1139000000", "netIncome": "425000000"}, {"fiscalDateEnding": "2022-09-30", "reportedCurrency": "USD", "grossProfit": "1298000000", "totalRevenue": "2387000000", "costOfRevenue": "1089000000", "costofGoodsAndServicesSold": "1089000000", "operatingIncome": "-132000000", "sellingGeneralAndAdministrative": "108000000", "researchAndDevelopment": "None", "operatingExpenses": "366000000", "investmentIncomeNet": "None", "netInterestIncome": "-143000000", "interestIncome": "1243000000", "interestExpense": "176000000", "nonInterestIncome": "None", "otherNonOperatingIncome": "-1064000000", "depreciation": "None", "depreciationAndAmortization": "258000000", "incomeBeforeTax": "-327000000", "incomeTaxExpense": "-152000000", "interestAndDebtExpense": "None", "netIncomeFromContinuingOperations": "-175000000", "comprehensiveIncomeNetOfTax": "None", "ebit": "-519000000", "ebitda": "-261000000", "netIncome": "-175000000"}, {"fiscalDateEnding": "2022-06-30", "reportedCurrency": "USD", "grossProfit": "1290000000", "totalRevenue": "2413000000", "costOfRevenue": "1123000000", "costofGoodsAndServicesSold": "1123000000", "operatingIncome": "869000000", "sellingGeneralAndAdministrative": "112000000", "researchAndDevelopment": "None", "operatingExpenses": "368000000", "investmentIncomeNet": "None", "netInterestIncome": "-153000000", "interestIncome": "8000000", "interestExpense": "161000000", "nonInterestIncome": "None", "otherNonOperatingIncome": "31000000", "depreciation": "None", "depreciationAndAmortization": "256000000", "incomeBeforeTax": "739000000", "incomeTaxExpense": "173000000", "interestAndDebtExpense": "None", "netIncomeFromContinuingOperations": "566000000", "comprehensiveIncomeNetOfTax": "None", "ebit": "922000000", "ebitda": "1178000000", "netIncome": "555000000"}, {"fiscalDateEnding": "2022-03-31", "reportedCurrency": "USD", "grossProfit": "1365000000", "totalRevenue": "2459000000", "costOfRevenue": "1094000000", "costofGoodsAndServicesSold": "1094000000", "operatingIncome": "992000000", "sellingGeneralAndAdministrative": "110000000", "researchAndDevelopment": "None", "operatingExpenses": "364000000", "investmentIncomeNet": "None", "netInterestIncome": "-102000000", "interestIncome": "1000000", "interestExpense": "103000000", "nonInterestIncome": "None", "otherNonOperatingIncome": "-57000000", "depreciation": "None", "depreciationAndAmortization": "254000000", "incomeBeforeTax": "832000000", "incomeTaxExpense": "165000000", "interestAndDebtExpense": "None", "netIncomeFromContinuingOperations": "667000000", "comprehensiveIncomeNetOfTax": "None", "ebit": "1001000000", "ebitda": "1255000000", "netIncome": "657000000"}, {"fiscalDateEnding": "2021-12-31", "reportedCurrency": "USD", "grossProfit": "1300000000", "totalRevenue": "2328000000", "costOfRevenue": "1028000000", "costofGoodsAndServicesSold": "1028000000", "operatingIncome": "880000000", "sellingGeneralAndAdministrative": "110000000", "researchAndDevelopment": "None", "operatingExpenses": "360000000", "investmentIncomeNet": "None", "netInterestIncome": "-101000000", "interestIncome": "187000000", "interestExpense": "102000000", "nonInterestIncome": "None", "otherNonOperatingIncome": "1331000000", "depreciation": "None", "depreciationAndAmortization": "250000000", "incomeBeforeTax": "2109000000", "incomeTaxExpense": "580000000", "interestAndDebtExpense": "None", "netIncomeFromContinuingOperations": "1529000000", "comprehensiveIncomeNetOfTax": "None", "ebit": "940000000", "ebitda": "1190000000", "netIncome": "1527000000"}, {"fiscalDateEnding": "2021-09-30", "reportedCurrency": "USD", "grossProfit": "1260000000", "totalRevenue": "2277000000", "costOfRevenue": "1017000000", "costofGoodsAndServicesSold": "1017000000", "operatingIncome": "878000000", "sellingGeneralAndAdministrative": "115000000", "researchAndDevelopment": "None", "operatingExpenses": "368000000", "investmentIncomeNet": "None", "netInterestIncome": "-108000000", "interestIncome": "72000000", "interestExpense": "108000000", "nonInterestIncome": "None", "otherNonOperatingIncome": "54000000", "depreciation": "None", "depreciationAndAmortization": "253000000", "incomeBeforeTax": "824000000", "incomeTaxExpense": "187000000", "interestAndDebtExpense": "None", "netIncomeFromContinuingOperations": "637000000", "comprehensiveIncomeNetOfTax": "None", "ebit": "892000000", "ebitda": "1145000000", "netIncome": "633000000"}, {"fiscalDateEnding": "2021-06-30", "reportedCurrency": "USD", "grossProfit": "1177000000", "totalRevenue": "2134000000", "costOfRevenue": "957000000", "costofGoodsAndServicesSold": "957000000", "operatingIncome": "799000000", "sellingGeneralAndAdministrative": "117000000", "researchAndDevelopment": "None", "operatingExpenses": "368000000", "investmentIncomeNet": "None", "netInterestIncome": "-106000000", "interestIncome": "100000000", "interestExpense": "106000000", "nonInterestIncome": "None", "otherNonOperatingIncome": "1239000000", "depreciation": "None", "depreciationAndAmortization": "251000000", "incomeBeforeTax": "1932000000", "incomeTaxExpense": "679000000", "interestAndDebtExpense": "None", "netIncomeFromContinuingOperations": "1253000000", "comprehensiveIncomeNetOfTax": "None", "ebit": "809000000", "ebitda": "1060000000", "netIncome": "1252000000"}, {"fiscalDateEnding": "2021-03-31", "reportedCurrency": "USD", "grossProfit": "1281000000", "totalRevenue": "2429000000", "costOfRevenue": "1148000000", "costofGoodsAndServicesSold": "1148000000", "operatingIncome": "892000000", "sellingGeneralAndAdministrative": "116000000", "researchAndDevelopment": "None", "operatingExpenses": "371000000", "investmentIncomeNet": "None", "netInterestIncome": "-107000000", "interestIncome": "88000000", "interestExpense": "107000000", "nonInterestIncome": "None", "otherNonOperatingIncome": "48000000", "depreciation": "None", "depreciationAndAmortization": "255000000", "incomeBeforeTax": "833000000", "incomeTaxExpense": "183000000", "interestAndDebtExpense": "None", "netIncomeFromContinuingOperations": "650000000", "comprehensiveIncomeNetOfTax": "None", "ebit": "910000000", "ebitda": "1165000000", "netIncome": "646000000"}, {"fiscalDateEnding": "2020-12-31", "reportedCurrency": "USD", "grossProfit": "1171000000", "totalRevenue": "2233000000", "costOfRevenue": "1062000000", "costofGoodsAndServicesSold": "1062000000", "operatingIncome": "780000000", "sellingGeneralAndAdministrative": "119000000", "researchAndDevelopment": "None", "operatingExpenses": "376000000", "investmentIncomeNet": "None", "netInterestIncome": "-111000000", "interestIncome": "1000000", "interestExpense": "112000000", "nonInterestIncome": "None", "otherNonOperatingIncome": "None", "depreciation": "None", "depreciationAndAmortization": "257000000", "incomeBeforeTax": "674000000", "incomeTaxExpense": "146000000", "interestAndDebtExpense": "None", "netIncomeFromContinuingOperations": "528000000", "comprehensiveIncomeNetOfTax": "None", "ebit": "786000000", "ebitda": "1043000000", "netIncome": "526000000"}, {"fiscalDateEnding": "2020-09-30", "reportedCurrency": "USD", "grossProfit": "982000000", "totalRevenue": "1930000000", "costOfRevenue": "948000000", "costofGoodsAndServicesSold": "948000000", "operatingIncome": "627000000", "sellingGeneralAndAdministrative": "99000000", "researchAndDevelopment": "None", "operatingExpenses": "279000000", "investmentIncomeNet": "None", "netInterestIncome": "-88000000", "interestIncome": "36000000", "interestExpense": "89000000", "nonInterestIncome": "None", "otherNonOperatingIncome": "45000000", "depreciation": "None", "depreciationAndAmortization": "180000000", "incomeBeforeTax": "583000000", "incomeTaxExpense": "189000000", "interestAndDebtExpense": "None", "netIncomeFromContinuingOperations": "394000000", "comprehensiveIncomeNetOfTax": "None", "ebit": "703000000", "ebitda": "883000000", "netIncome": "390000000"}, {"fiscalDateEnding": "2020-06-30", "reportedCurrency": "USD", "grossProfit": "996000000", "totalRevenue": "1966000000", "costOfRevenue": "970000000", "costofGoodsAndServicesSold": "970000000", "operatingIncome": "744000000", "sellingGeneralAndAdministrative": "93000000", "researchAndDevelopment": "None", "operatingExpenses": "250000000", "investmentIncomeNet": "None", "netInterestIncome": "-82000000", "interestIncome": "2000000", "interestExpense": "84000000", "nonInterestIncome": "None", "otherNonOperatingIncome": "13000000", "depreciation": "None", "depreciationAndAmortization": "157000000", "incomeBeforeTax": "673000000", "incomeTaxExpense": "145000000", "interestAndDebtExpense": "None", "netIncomeFromContinuingOperations": "528000000", "comprehensiveIncomeNetOfTax": "None", "ebit": "746000000", "ebitda": "903000000", "netIncome": "523000000"}, {"fiscalDateEnding": "2020-03-31", "reportedCurrency": "USD", "grossProfit": "1150000000", "totalRevenue": "2115000000", "costOfRevenue": "965000000", "costofGoodsAndServicesSold": "965000000", "operatingIncome": "882000000", "sellingGeneralAndAdministrative": "99000000", "researchAndDevelopment": "None", "operatingExpenses": "256000000", "investmentIncomeNet": "None", "netInterestIncome": "-66000000", "interestIncome": "6000000", "interestExpense": "72000000", "nonInterestIncome": "None", "otherNonOperatingIncome": "26000000", "depreciation": "None", "depreciationAndAmortization": "157000000", "incomeBeforeTax": "836000000", "incomeTaxExpense": "178000000", "interestAndDebtExpense": "None", "netIncomeFromContinuingOperations": "658000000", "comprehensiveIncomeNetOfTax": "None", "ebit": "894000000", "ebitda": "1051000000", "netIncome": "650000000"}, {"fiscalDateEnding": "2019-12-31", "reportedCurrency": "USD", "grossProfit": "901000000", "totalRevenue": "1667000000", "costOfRevenue": "766000000", "costofGoodsAndServicesSold": "766000000", "operatingIncome": "622000000", "sellingGeneralAndAdministrative": "89000000", "researchAndDevelopment": "None", "operatingExpenses": "278000000", "investmentIncomeNet": "None", "netInterestIncome": "-63000000", "interestIncome": "8000000", "interestExpense": "71000000", "nonInterestIncome": "None", "otherNonOperatingIncome": "36000000", "depreciation": "None", "depreciationAndAmortization": "189000000", "incomeBeforeTax": "587000000", "incomeTaxExpense": "134000000", "interestAndDebtExpense": "None", "netIncomeFromContinuingOperations": "453000000", "comprehensiveIncomeNetOfTax": "None", "ebit": "658000000", "ebitda": "847000000", "netIncome": "448000000"}, {"fiscalDateEnding": "2019-09-30", "reportedCurrency": "USD", "grossProfit": "949000000", "totalRevenue": "1663000000", "costOfRevenue": "714000000", "costofGoodsAndServicesSold": "714000000", "operatingIncome": "706000000", "sellingGeneralAndAdministrative": "85000000", "researchAndDevelopment": "None", "operatingExpenses": "243000000", "investmentIncomeNet": "None", "netInterestIncome": "-64000000", "interestIncome": "8000000", "interestExpense": "72000000", "nonInterestIncome": "None", "otherNonOperatingIncome": "6000000", "depreciation": "None", "depreciationAndAmortization": "158000000", "incomeBeforeTax": "640000000", "incomeTaxExpense": "103000000", "interestAndDebtExpense": "None", "netIncomeFromContinuingOperations": "537000000", "comprehensiveIncomeNetOfTax": "None", "ebit": "706000000", "ebitda": "864000000", "netIncome": "529000000"}, {"fiscalDateEnding": "2019-06-30", "reportedCurrency": "USD", "grossProfit": "926000000", "totalRevenue": "1634000000", "costOfRevenue": "708000000", "costofGoodsAndServicesSold": "708000000", "operatingIncome": "680000000", "sellingGeneralAndAdministrative": "88000000", "researchAndDevelopment": "None", "operatingExpenses": "245000000", "investmentIncomeNet": "None", "netInterestIncome": "-61000000", "interestIncome": "10000000", "interestExpense": "71000000", "nonInterestIncome": "None", "otherNonOperatingIncome": "19000000", "depreciation": "None", "depreciationAndAmortization": "157000000", "incomeBeforeTax": "628000000", "incomeTaxExpense": "150000000", "interestAndDebtExpense": "None", "netIncomeFromContinuingOperations": "478000000", "comprehensiveIncomeNetOfTax": "None", "ebit": "681000000", "ebitda": "838000000", "netIncome": "472000000"}, {"fiscalDateEnding": "2019-03-31", "reportedCurrency": "USD", "grossProfit": "915000000", "totalRevenue": "1583000000", "costOfRevenue": "668000000", "costofGoodsAndServicesSold": "668000000", "operatingIncome": "665000000", "sellingGeneralAndAdministrative": "92000000", "researchAndDevelopment": "None", "operatingExpenses": "250000000", "investmentIncomeNet": "None", "netInterestIncome": "-62000000", "interestIncome": "62000000", "interestExpense": "71000000", "nonInterestIncome": "None", "otherNonOperatingIncome": "32000000", "depreciation": "None", "depreciationAndAmortization": "158000000", "incomeBeforeTax": "626000000", "incomeTaxExpense": "134000000", "interestAndDebtExpense": "None", "netIncomeFromContinuingOperations": "492000000", "comprehensiveIncomeNetOfTax": "None", "ebit": "665000000", "ebitda": "823000000", "netIncome": "484000000"}, {"fiscalDateEnding": "2018-12-31", "reportedCurrency": "USD", "grossProfit": "934000000", "totalRevenue": "1677000000", "costOfRevenue": "743000000", "costofGoodsAndServicesSold": "743000000", "operatingIncome": "676000000", "sellingGeneralAndAdministrative": "100000000", "researchAndDevelopment": "0", "operatingExpenses": "257000000", "investmentIncomeNet": "None", "netInterestIncome": "None", "interestIncome": "None", "interestExpense": "71000000", "nonInterestIncome": "None", "otherNonOperatingIncome": "133000000", "depreciation": "None", "depreciationAndAmortization": "157000000", "incomeBeforeTax": "738000000", "incomeTaxExpense": "119000000", "interestAndDebtExpense": "None", "netIncomeFromContinuingOperations": "619000000", "comprehensiveIncomeNetOfTax": "None", "ebit": "787000000", "ebitda": "944000000", "netIncome": "611000000"}, {"fiscalDateEnding": "2018-09-30", "reportedCurrency": "USD", "grossProfit": "842000000", "totalRevenue": "1463000000", "costOfRevenue": "621000000", "costofGoodsAndServicesSold": "621000000", "operatingIncome": "602000000", "sellingGeneralAndAdministrative": "86000000", "researchAndDevelopment": "0", "operatingExpenses": "234000000", "investmentIncomeNet": "None", "netInterestIncome": "None", "interestIncome": "None", "interestExpense": "66000000", "nonInterestIncome": "None", "otherNonOperatingIncome": "18000000", "depreciation": "None", "depreciationAndAmortization": "148000000", "incomeBeforeTax": "554000000", "incomeTaxExpense": "89000000", "interestAndDebtExpense": "None", "netIncomeFromContinuingOperations": "465000000", "comprehensiveIncomeNetOfTax": "None", "ebit": "609000000", "ebitda": "757000000", "netIncome": "458000000"}, {"fiscalDateEnding": "2018-06-30", "reportedCurrency": "USD", "grossProfit": "897000000", "totalRevenue": "1556000000", "costOfRevenue": "659000000", "costofGoodsAndServicesSold": "659000000", "operatingIncome": "655000000", "sellingGeneralAndAdministrative": "84000000", "researchAndDevelopment": "0", "operatingExpenses": "227000000", "investmentIncomeNet": "None", "netInterestIncome": "None", "interestIncome": "None", "interestExpense": "55000000", "nonInterestIncome": "None", "otherNonOperatingIncome": "11000000", "depreciation": "None", "depreciationAndAmortization": "143000000", "incomeBeforeTax": "611000000", "incomeTaxExpense": "149000000", "interestAndDebtExpense": "None", "netIncomeFromContinuingOperations": "462000000", "comprehensiveIncomeNetOfTax": "None", "ebit": "666000000", "ebitda": "809000000", "netIncome": "455000000"}, {"fiscalDateEnding": "2018-03-31", "reportedCurrency": "USD", "grossProfit": "880000000", "totalRevenue": "1580000000", "costOfRevenue": "700000000", "costofGoodsAndServicesSold": "700000000", "operatingIncome": "650000000", "sellingGeneralAndAdministrative": "80000000", "researchAndDevelopment": "105000000", "operatingExpenses": "218000000", "investmentIncomeNet": "None", "netInterestIncome": "None", "interestIncome": "None", "interestExpense": "52000000", "nonInterestIncome": "None", "otherNonOperatingIncome": "19000000", "depreciation": "None", "depreciationAndAmortization": "138000000", "incomeBeforeTax": "617000000", "incomeTaxExpense": "143000000", "interestAndDebtExpense": "None", "netIncomeFromContinuingOperations": "474000000", "comprehensiveIncomeNetOfTax": "None", "ebit": "662000000", "ebitda": "800000000", "netIncome": "464000000"}, {"fiscalDateEnding": "2017-12-31", "reportedCurrency": "USD", "grossProfit": "814000000", "totalRevenue": "1439000000", "costOfRevenue": "625000000", "costofGoodsAndServicesSold": "625000000", "operatingIncome": "592000000", "sellingGeneralAndAdministrative": "82000000", "researchAndDevelopment": "103000000", "operatingExpenses": "213000000", "investmentIncomeNet": "None", "netInterestIncome": "None", "interestIncome": "None", "interestExpense": "50000000", "nonInterestIncome": "None", "otherNonOperatingIncome": "127000000", "depreciation": "None", "depreciationAndAmortization": "131000000", "incomeBeforeTax": "669000000", "incomeTaxExpense": "-562000000", "interestAndDebtExpense": "None", "netIncomeFromContinuingOperations": "527000000", "comprehensiveIncomeNetOfTax": "None", "ebit": "601000000", "ebitda": "732000000", "netIncome": "1225000000"}, {"fiscalDateEnding": "2017-09-30", "reportedCurrency": "USD", "grossProfit": "813000000", "totalRevenue": "1432000000", "costOfRevenue": "619000000", "costofGoodsAndServicesSold": "619000000", "operatingIncome": "596000000", "sellingGeneralAndAdministrative": "85000000", "researchAndDevelopment": "99000000", "operatingExpenses": "213000000", "investmentIncomeNet": "None", "netInterestIncome": "None", "interestIncome": "None", "interestExpense": "47000000", "nonInterestIncome": "None", "otherNonOperatingIncome": "11000000", "depreciation": "None", "depreciationAndAmortization": "128000000", "incomeBeforeTax": "560000000", "incomeTaxExpense": "185000000", "interestAndDebtExpense": "None", "netIncomeFromContinuingOperations": "375000000", "comprehensiveIncomeNetOfTax": "None", "ebit": "614000000", "ebitda": "742000000", "netIncome": "369000000"}, {"fiscalDateEnding": "2017-06-30", "reportedCurrency": "USD", "grossProfit": "847000000", "totalRevenue": "1494000000", "costOfRevenue": "647000000", "costofGoodsAndServicesSold": "647000000", "operatingIncome": "609000000", "sellingGeneralAndAdministrative": "87000000", "researchAndDevelopment": "97000000", "operatingExpenses": "229000000", "investmentIncomeNet": "None", "netInterestIncome": "None", "interestIncome": "None", "interestExpense": "45000000", "nonInterestIncome": "None", "otherNonOperatingIncome": "1000000", "depreciation": "None", "depreciationAndAmortization": "142000000", "incomeBeforeTax": "565000000", "incomeTaxExpense": "139000000", "interestAndDebtExpense": "None", "netIncomeFromContinuingOperations": "704000000", "comprehensiveIncomeNetOfTax": "None", "ebit": "612000000", "ebitda": "754000000", "netIncome": "418000000"}, {"fiscalDateEnding": "2017-03-31", "reportedCurrency": "USD", "grossProfit": "821000000", "totalRevenue": "1469000000", "costOfRevenue": "648000000", "costofGoodsAndServicesSold": "648000000", "operatingIncome": "582000000", "sellingGeneralAndAdministrative": "91000000", "researchAndDevelopment": "98000000", "operatingExpenses": "225000000", "investmentIncomeNet": "None", "netInterestIncome": "None", "interestIncome": "None", "interestExpense": "45000000", "nonInterestIncome": "None", "otherNonOperatingIncome": "186000000", "depreciation": "None", "depreciationAndAmortization": "134000000", "incomeBeforeTax": "723000000", "incomeTaxExpense": "213000000", "interestAndDebtExpense": "None", "netIncomeFromContinuingOperations": "936000000", "comprehensiveIncomeNetOfTax": "None", "ebit": "606000000", "ebitda": "740000000", "netIncome": "502000000"}, {"fiscalDateEnding": "2016-12-31", "reportedCurrency": "USD", "grossProfit": "804000000", "totalRevenue": "1484000000", "costOfRevenue": "680000000", "costofGoodsAndServicesSold": "680000000", "operatingIncome": "558000000", "sellingGeneralAndAdministrative": "87000000", "researchAndDevelopment": "97000000", "operatingExpenses": "227000000", "investmentIncomeNet": "None", "netInterestIncome": "None", "interestIncome": "None", "interestExpense": "44000000", "nonInterestIncome": "None", "otherNonOperatingIncome": "25000000", "depreciation": "None", "depreciationAndAmortization": "140000000", "incomeBeforeTax": "530000000", "incomeTaxExpense": "171000000", "interestAndDebtExpense": "None", "netIncomeFromContinuingOperations": "-459000000", "comprehensiveIncomeNetOfTax": "None", "ebit": "577000000", "ebitda": "717000000", "netIncome": "352000000"}, {"fiscalDateEnding": "2016-09-30", "reportedCurrency": "USD", "grossProfit": "749000000", "totalRevenue": "1416000000", "costOfRevenue": "667000000", "costofGoodsAndServicesSold": "667000000", "operatingIncome": "474000000", "sellingGeneralAndAdministrative": "80000000", "researchAndDevelopment": "93000000", "operatingExpenses": "261000000", "investmentIncomeNet": "None", "netInterestIncome": "None", "interestIncome": "None", "interestExpense": "44000000", "nonInterestIncome": "None", "otherNonOperatingIncome": "13000000", "depreciation": "None", "depreciationAndAmortization": "181000000", "incomeBeforeTax": "443000000", "incomeTaxExpense": "93000000", "interestAndDebtExpense": "None", "netIncomeFromContinuingOperations": "536000000", "comprehensiveIncomeNetOfTax": "None", "ebit": "487000000", "ebitda": "668000000", "netIncome": "344000000"}, {"fiscalDateEnding": "2016-06-30", "reportedCurrency": "USD", "grossProfit": "801000000", "totalRevenue": "1504000000", "costOfRevenue": "703000000", "costofGoodsAndServicesSold": "703000000", "operatingIncome": "551000000", "sellingGeneralAndAdministrative": "84000000", "researchAndDevelopment": "92000000", "operatingExpenses": "230000000", "investmentIncomeNet": "None", "netInterestIncome": "None", "interestIncome": "None", "interestExpense": "44000000", "nonInterestIncome": "None", "otherNonOperatingIncome": "None", "depreciation": "None", "depreciationAndAmortization": "146000000", "incomeBeforeTax": "516000000", "incomeTaxExpense": "153000000", "interestAndDebtExpense": "None", "netIncomeFromContinuingOperations": "669000000", "comprehensiveIncomeNetOfTax": "None", "ebit": "571000000", "ebitda": "717000000", "netIncome": "357000000"}, {"fiscalDateEnding": "2016-03-31", "reportedCurrency": "USD", "grossProfit": "826000000", "totalRevenue": "1554000000", "costOfRevenue": "728000000", "costofGoodsAndServicesSold": "728000000", "operatingIncome": "584000000", "sellingGeneralAndAdministrative": "72000000", "researchAndDevelopment": "92000000", "operatingExpenses": "215000000", "investmentIncomeNet": "None", "netInterestIncome": "None", "interestIncome": "None", "interestExpense": "46000000", "nonInterestIncome": "None", "otherNonOperatingIncome": "2000000", "depreciation": "None", "depreciationAndAmortization": "143000000", "incomeBeforeTax": "540000000", "incomeTaxExpense": "163000000", "interestAndDebtExpense": "None", "netIncomeFromContinuingOperations": "703000000", "comprehensiveIncomeNetOfTax": "None", "ebit": "611000000", "ebitda": "754000000", "netIncome": "369000000"}, {"fiscalDateEnding": "2015-12-31", "reportedCurrency": "USD", "grossProfit": "653000000", "totalRevenue": "1219000000", "costOfRevenue": "566000000", "costofGoodsAndServicesSold": "566000000", "operatingIncome": "418000000", "sellingGeneralAndAdministrative": "83000000", "researchAndDevelopment": "56000000", "operatingExpenses": "181000000", "investmentIncomeNet": "None", "netInterestIncome": "None", "interestIncome": "None", "interestExpense": "30000000", "nonInterestIncome": "None", "otherNonOperatingIncome": "None", "depreciation": "None", "depreciationAndAmortization": "98000000", "incomeBeforeTax": "391000000", "incomeTaxExpense": "18000000", "interestAndDebtExpense": "None", "netIncomeFromContinuingOperations": "373000000", "comprehensiveIncomeNetOfTax": "None", "ebit": "475000000", "ebitda": "573000000", "netIncome": "370000000"}, {"fiscalDateEnding": "2015-09-30", "reportedCurrency": "USD", "grossProfit": "617000000", "totalRevenue": "1151000000", "costOfRevenue": "534000000", "costofGoodsAndServicesSold": "534000000", "operatingIncome": "440000000", "sellingGeneralAndAdministrative": "75000000", "researchAndDevelopment": "49000000", "operatingExpenses": "169000000", "investmentIncomeNet": "None", "netInterestIncome": "None", "interestIncome": "None", "interestExpense": "21000000", "nonInterestIncome": "None", "otherNonOperatingIncome": "4000000", "depreciation": "None", "depreciationAndAmortization": "94000000", "incomeBeforeTax": "423000000", "incomeTaxExpense": "113000000", "interestAndDebtExpense": "None", "netIncomeFromContinuingOperations": "310000000", "comprehensiveIncomeNetOfTax": "None", "ebit": "448000000", "ebitda": "542000000", "netIncome": "306000000"}, {"fiscalDateEnding": "2015-06-30", "reportedCurrency": "USD", "grossProfit": "606000000", "totalRevenue": "1073000000", "costOfRevenue": "467000000", "costofGoodsAndServicesSold": "467000000", "operatingIncome": "430000000", "sellingGeneralAndAdministrative": "76000000", "researchAndDevelopment": "47000000", "operatingExpenses": "169000000", "investmentIncomeNet": "None", "netInterestIncome": "None", "interestIncome": "None", "interestExpense": "23000000", "nonInterestIncome": "None", "otherNonOperatingIncome": "-9000000", "depreciation": "None", "depreciationAndAmortization": "93000000", "incomeBeforeTax": "398000000", "incomeTaxExpense": "109000000", "interestAndDebtExpense": "None", "netIncomeFromContinuingOperations": "289000000", "comprehensiveIncomeNetOfTax": "None", "ebit": "437000000", "ebitda": "530000000", "netIncome": "283000000"}, {"fiscalDateEnding": "2015-03-31", "reportedCurrency": "USD", "grossProfit": "648000000", "totalRevenue": "1156000000", "costOfRevenue": "508000000", "costofGoodsAndServicesSold": "508000000", "operatingIncome": "462000000", "sellingGeneralAndAdministrative": "78000000", "researchAndDevelopment": "51000000", "operatingExpenses": "167000000", "investmentIncomeNet": "None", "netInterestIncome": "None", "interestIncome": "None", "interestExpense": "23000000", "nonInterestIncome": "None", "otherNonOperatingIncome": "2000000", "depreciation": "None", "depreciationAndAmortization": "89000000", "incomeBeforeTax": "441000000", "incomeTaxExpense": "118000000", "interestAndDebtExpense": "None", "netIncomeFromContinuingOperations": "323000000", "comprehensiveIncomeNetOfTax": "None", "ebit": "481000000", "ebitda": "570000000", "netIncome": "315000000"}, {"fiscalDateEnding": "2014-12-31", "reportedCurrency": "USD", "grossProfit": "603000000", "totalRevenue": "1132000000", "costOfRevenue": "529000000", "costofGoodsAndServicesSold": "529000000", "operatingIncome": "400000000", "sellingGeneralAndAdministrative": "87000000", "researchAndDevelopment": "50000000", "operatingExpenses": "176000000", "investmentIncomeNet": "None", "netInterestIncome": "None", "interestIncome": "None", "interestExpense": "23000000", "nonInterestIncome": "None", "otherNonOperatingIncome": "36000000", "depreciation": "None", "depreciationAndAmortization": "89000000", "incomeBeforeTax": "412000000", "incomeTaxExpense": "118000000", "interestAndDebtExpense": "None", "netIncomeFromContinuingOperations": "282000000", "comprehensiveIncomeNetOfTax": "None", "ebit": "435000000", "ebitda": "524000000", "netIncome": "288000000"}, {"fiscalDateEnding": "2014-09-30", "reportedCurrency": "USD", "grossProfit": "555000000", "totalRevenue": "1006000000", "costOfRevenue": "451000000", "costofGoodsAndServicesSold": "451000000", "operatingIncome": "330000000", "sellingGeneralAndAdministrative": "102000000", "researchAndDevelopment": "46000000", "operatingExpenses": "185000000", "investmentIncomeNet": "None", "netInterestIncome": "None", "interestIncome": "None", "interestExpense": "22000000", "nonInterestIncome": "None", "otherNonOperatingIncome": "5000000", "depreciation": "None", "depreciationAndAmortization": "83000000", "incomeBeforeTax": "313000000", "incomeTaxExpense": "90000000", "interestAndDebtExpense": "None", "netIncomeFromContinuingOperations": "223000000", "comprehensiveIncomeNetOfTax": "None", "ebit": "370000000", "ebitda": "453000000", "netIncome": "206000000"}, {"fiscalDateEnding": "2014-06-30", "reportedCurrency": "USD", "grossProfit": "556000000", "totalRevenue": "1011000000", "costOfRevenue": "455000000", "costofGoodsAndServicesSold": "455000000", "operatingIncome": "327000000", "sellingGeneralAndAdministrative": "111000000", "researchAndDevelopment": "44000000", "operatingExpenses": "192000000", "investmentIncomeNet": "None", "netInterestIncome": "None", "interestIncome": "None", "interestExpense": "23000000", "nonInterestIncome": "None", "otherNonOperatingIncome": "16000000", "depreciation": "None", "depreciationAndAmortization": "73000000", "incomeBeforeTax": "320000000", "incomeTaxExpense": "93000000", "interestAndDebtExpense": "None", "netIncomeFromContinuingOperations": "227000000", "comprehensiveIncomeNetOfTax": "None", "ebit": "372000000", "ebitda": "445000000", "netIncome": "226000000"}, {"fiscalDateEnding": "2014-03-31", "reportedCurrency": "USD", "grossProfit": "685000000", "totalRevenue": "1198000000", "costOfRevenue": "513000000", "costofGoodsAndServicesSold": "513000000", "operatingIncome": "409000000", "sellingGeneralAndAdministrative": "127000000", "researchAndDevelopment": "48000000", "operatingExpenses": "215000000", "investmentIncomeNet": "None", "netInterestIncome": "None", "interestIncome": "None", "interestExpense": "27000000", "nonInterestIncome": "None", "otherNonOperatingIncome": "-2000000", "depreciation": "None", "depreciationAndAmortization": "88000000", "incomeBeforeTax": "380000000", "incomeTaxExpense": "107000000", "interestAndDebtExpense": "None", "netIncomeFromContinuingOperations": "273000000", "comprehensiveIncomeNetOfTax": "None", "ebit": "408000000", "ebitda": "496000000", "netIncome": "262000000"}, {"fiscalDateEnding": "2013-12-31", "reportedCurrency": "USD", "grossProfit": "441143000", "totalRevenue": "733623000", "costOfRevenue": "292480000", "costofGoodsAndServicesSold": "292480000", "operatingIncome": "163084000", "sellingGeneralAndAdministrative": "84071000", "researchAndDevelopment": "0", "operatingExpenses": "145446000", "investmentIncomeNet": "None", "netInterestIncome": "None", "interestIncome": "None", "interestExpense": "26249000", "nonInterestIncome": "None", "otherNonOperatingIncome": "None", "depreciation": "None", "depreciationAndAmortization": "61375000", "incomeBeforeTax": "-100545000", "incomeTaxExpense": "69541000", "interestAndDebtExpense": "None", "netIncomeFromContinuingOperations": "0", "comprehensiveIncomeNetOfTax": "None", "ebit": "-176290000", "ebitda": "-114915000", "netIncome": "-176080000"}, {"fiscalDateEnding": "2013-09-30", "reportedCurrency": "USD", "grossProfit": "265394000", "totalRevenue": "337871000", "costOfRevenue": "72477000", "costofGoodsAndServicesSold": "72477000", "operatingIncome": "202146000", "sellingGeneralAndAdministrative": "22784000", "researchAndDevelopment": "0", "operatingExpenses": "57175000", "investmentIncomeNet": "None", "netInterestIncome": "None", "interestIncome": "None", "interestExpense": "9902000", "nonInterestIncome": "None", "otherNonOperatingIncome": "None", "depreciation": "None", "depreciationAndAmortization": "34391000", "incomeBeforeTax": "192555000", "incomeTaxExpense": "47511000", "interestAndDebtExpense": "None", "netIncomeFromContinuingOperations": "0", "comprehensiveIncomeNetOfTax": "None", "ebit": "202609000", "ebitda": "237000000", "netIncome": "141315000"}, {"fiscalDateEnding": "2013-06-30", "reportedCurrency": "USD", "grossProfit": "292560000", "totalRevenue": "371609000", "costOfRevenue": "79049000", "costofGoodsAndServicesSold": "79049000", "operatingIncome": "224692000", "sellingGeneralAndAdministrative": "26386000", "researchAndDevelopment": "0", "operatingExpenses": "59454000", "investmentIncomeNet": "None", "netInterestIncome": "None", "interestIncome": "None", "interestExpense": "9929000", "nonInterestIncome": "None", "otherNonOperatingIncome": "None", "depreciation": "None", "depreciationAndAmortization": "33068000", "incomeBeforeTax": "217174000", "incomeTaxExpense": "59313000", "interestAndDebtExpense": "None", "netIncomeFromContinuingOperations": "0", "comprehensiveIncomeNetOfTax": "None", "ebit": "226932000", "ebitda": "260000000", "netIncome": "153323000"}, {"fiscalDateEnding": "2013-03-31", "reportedCurrency": "USD", "grossProfit": "274903000", "totalRevenue": "351897000", "costOfRevenue": "76994000", "costofGoodsAndServicesSold": "76994000", "operatingIncome": "200078000", "sellingGeneralAndAdministrative": "24759000", "researchAndDevelopment": "0", "operatingExpenses": "56925000", "investmentIncomeNet": "None", "netInterestIncome": "None", "interestIncome": "None", "interestExpense": "9920000", "nonInterestIncome": "None", "otherNonOperatingIncome": "None", "depreciation": "None", "depreciationAndAmortization": "32166000", "incomeBeforeTax": "190816000", "incomeTaxExpense": "53635000", "interestAndDebtExpense": "None", "netIncomeFromContinuingOperations": "0", "comprehensiveIncomeNetOfTax": "None", "ebit": "200834000", "ebitda": "233000000", "netIncome": "135442000"}, {"fiscalDateEnding": "2012-12-31", "reportedCurrency": "USD", "grossProfit": "255586000", "totalRevenue": "323371000", "costOfRevenue": "67785000", "costofGoodsAndServicesSold": "67785000", "operatingIncome": "192366000", "sellingGeneralAndAdministrative": "20308000", "researchAndDevelopment": "0", "operatingExpenses": "53855000", "investmentIncomeNet": "None", "netInterestIncome": "None", "interestIncome": "None", "interestExpense": "9790000", "nonInterestIncome": "None", "otherNonOperatingIncome": "None", "depreciation": "None", "depreciationAndAmortization": "33547000", "incomeBeforeTax": "183394000", "incomeTaxExpense": "50841000", "interestAndDebtExpense": "None", "netIncomeFromContinuingOperations": "0", "comprehensiveIncomeNetOfTax": "None", "ebit": "193184000", "ebitda": "226731000", "netIncome": "129472000"}, {"fiscalDateEnding": "2012-09-30", "reportedCurrency": "USD", "grossProfit": "250294000", "totalRevenue": "323187000", "costOfRevenue": "72893000", "costofGoodsAndServicesSold": "72893000", "operatingIncome": "194051000", "sellingGeneralAndAdministrative": "21094000", "researchAndDevelopment": "0", "operatingExpenses": "53958000", "investmentIncomeNet": "None", "netInterestIncome": "None", "interestIncome": "None", "interestExpense": "9445000", "nonInterestIncome": "None", "otherNonOperatingIncome": "None", "depreciation": "None", "depreciationAndAmortization": "32864000", "incomeBeforeTax": "184659000", "incomeTaxExpense": "50552000", "interestAndDebtExpense": "None", "netIncomeFromContinuingOperations": "0", "comprehensiveIncomeNetOfTax": "None", "ebit": "194104000", "ebitda": "226968000", "netIncome": "131082000"}, {"fiscalDateEnding": "2012-06-30", "reportedCurrency": "USD", "grossProfit": "274753000", "totalRevenue": "351213000", "costOfRevenue": "76460000", "costofGoodsAndServicesSold": "76460000", "operatingIncome": "215416000", "sellingGeneralAndAdministrative": "22983000", "researchAndDevelopment": "0", "operatingExpenses": "55091000", "investmentIncomeNet": "None", "netInterestIncome": "None", "interestIncome": "None", "interestExpense": "9599000", "nonInterestIncome": "None", "otherNonOperatingIncome": "None", "depreciation": "None", "depreciationAndAmortization": "32108000", "incomeBeforeTax": "206564000", "incomeTaxExpense": "61266000", "interestAndDebtExpense": "None", "netIncomeFromContinuingOperations": "0", "comprehensiveIncomeNetOfTax": "None", "ebit": "216163000", "ebitda": "248271000", "netIncome": "143157000"}, {"fiscalDateEnding": "2012-03-31", "reportedCurrency": "USD", "grossProfit": "285416000", "totalRevenue": "365194000", "costOfRevenue": "79778000", "costofGoodsAndServicesSold": "79778000", "operatingIncome": "225182000", "sellingGeneralAndAdministrative": "24788000", "researchAndDevelopment": "0", "operatingExpenses": "56771000", "investmentIncomeNet": "None", "netInterestIncome": "None", "interestIncome": "None", "interestExpense": "10068000", "nonInterestIncome": "None", "otherNonOperatingIncome": "None", "depreciation": "None", "depreciationAndAmortization": "31983000", "incomeBeforeTax": "215075000", "incomeTaxExpense": "65296000", "interestAndDebtExpense": "None", "netIncomeFromContinuingOperations": "0", "comprehensiveIncomeNetOfTax": "None", "ebit": "225143000", "ebitda": "257126000", "netIncome": "147865000"}, {"fiscalDateEnding": "2011-12-31", "reportedCurrency": "USD", "grossProfit": "53709000", "totalRevenue": "327215000", "costOfRevenue": "273506000", "costofGoodsAndServicesSold": "273506000", "operatingIncome": "194808000", "sellingGeneralAndAdministrative": "175152000", "researchAndDevelopment": "0", "operatingExpenses": "-141963000", "investmentIncomeNet": "None", "netInterestIncome": "None", "interestIncome": "None", "interestExpense": "11276000", "nonInterestIncome": "None", "otherNonOperatingIncome": "None", "depreciation": "None", "depreciationAndAmortization": "33189000", "incomeBeforeTax": "183612000", "incomeTaxExpense": "53345000", "interestAndDebtExpense": "None", "netIncomeFromContinuingOperations": "0", "comprehensiveIncomeNetOfTax": "None", "ebit": "194888000", "ebitda": "228077000", "netIncome": "126773000"}, {"fiscalDateEnding": "2011-09-30", "reportedCurrency": "USD", "grossProfit": "326589000", "totalRevenue": "340778000", "costOfRevenue": "14189000", "costofGoodsAndServicesSold": "14189000", "operatingIncome": "204049000", "sellingGeneralAndAdministrative": "89445000", "researchAndDevelopment": "0", "operatingExpenses": "122540000", "investmentIncomeNet": "None", "netInterestIncome": "None", "interestIncome": "None", "interestExpense": "8244000", "nonInterestIncome": "None", "otherNonOperatingIncome": "None", "depreciation": "None", "depreciationAndAmortization": "33095000", "incomeBeforeTax": "196455000", "incomeTaxExpense": "59507000", "interestAndDebtExpense": "None", "netIncomeFromContinuingOperations": "0", "comprehensiveIncomeNetOfTax": "None", "ebit": "204179000", "ebitda": "237274000", "netIncome": "132631000"}, {"fiscalDateEnding": "2011-06-30", "reportedCurrency": "USD", "grossProfit": "310919000", "totalRevenue": "325218000", "costOfRevenue": "14299000", "costofGoodsAndServicesSold": "14299000", "operatingIncome": "190878000", "sellingGeneralAndAdministrative": "87204000", "researchAndDevelopment": "0", "operatingExpenses": "120041000", "investmentIncomeNet": "None", "netInterestIncome": "None", "interestIncome": "None", "interestExpense": "8371000", "nonInterestIncome": "None", "otherNonOperatingIncome": "None", "depreciation": "None", "depreciationAndAmortization": "32837000", "incomeBeforeTax": "183068000", "incomeTaxExpense": "58696000", "interestAndDebtExpense": "None", "netIncomeFromContinuingOperations": "0", "comprehensiveIncomeNetOfTax": "None", "ebit": "191440000", "ebitda": "224277000", "netIncome": "121365000"}, {"fiscalDateEnding": "2011-03-31", "reportedCurrency": "USD", "grossProfit": "323038000", "totalRevenue": "334280000", "costOfRevenue": "11242000", "costofGoodsAndServicesSold": "11242000", "operatingIncome": "203598000", "sellingGeneralAndAdministrative": "86309000", "researchAndDevelopment": "0", "operatingExpenses": "119440000", "investmentIncomeNet": "None", "netInterestIncome": "None", "interestIncome": "None", "interestExpense": "8206000", "nonInterestIncome": "None", "otherNonOperatingIncome": "None", "depreciation": "None", "depreciationAndAmortization": "33131000", "incomeBeforeTax": "196104000", "incomeTaxExpense": "65950000", "interestAndDebtExpense": "None", "netIncomeFromContinuingOperations": "0", "comprehensiveIncomeNetOfTax": "None", "ebit": "204035000", "ebitda": "237166000", "netIncome": "128904000"}, {"fiscalDateEnding": "2010-12-31", "reportedCurrency": "USD", "grossProfit": "276332000", "totalRevenue": "285023000", "costOfRevenue": "8691000", "costofGoodsAndServicesSold": "8691000", "operatingIncome": "158581000", "sellingGeneralAndAdministrative": "84409000", "researchAndDevelopment": "0", "operatingExpenses": "117751000", "investmentIncomeNet": "None", "netInterestIncome": "None", "interestIncome": "None", "interestExpense": "7642000", "nonInterestIncome": "None", "otherNonOperatingIncome": "None", "depreciation": "None", "depreciationAndAmortization": "33342000", "incomeBeforeTax": "150350000", "incomeTaxExpense": "48541000", "interestAndDebtExpense": "None", "netIncomeFromContinuingOperations": "0", "comprehensiveIncomeNetOfTax": "None", "ebit": "159350000", "ebitda": "192692000", "netIncome": "99132000"}, {"fiscalDateEnding": "2010-09-30", "reportedCurrency": "USD", "grossProfit": "278884000", "totalRevenue": "287146000", "costOfRevenue": "8262000", "costofGoodsAndServicesSold": "8262000", "operatingIncome": "151558000", "sellingGeneralAndAdministrative": "88568000", "researchAndDevelopment": "0", "operatingExpenses": "120307000", "investmentIncomeNet": "None", "netInterestIncome": "None", "interestIncome": "None", "interestExpense": "7511000", "nonInterestIncome": "None", "otherNonOperatingIncome": "None", "depreciation": "None", "depreciationAndAmortization": "31739000", "incomeBeforeTax": "147241000", "incomeTaxExpense": "47328000", "interestAndDebtExpense": "None", "netIncomeFromContinuingOperations": "0", "comprehensiveIncomeNetOfTax": "None", "ebit": "154752000", "ebitda": "186491000", "netIncome": "96315000"}, {"fiscalDateEnding": "2010-06-30", "reportedCurrency": "USD", "grossProfit": "237285000", "totalRevenue": "296155000", "costOfRevenue": "58870000", "costofGoodsAndServicesSold": "58870000", "operatingIncome": "178295000", "sellingGeneralAndAdministrative": "29578000", "researchAndDevelopment": "0", "operatingExpenses": "57492000", "investmentIncomeNet": "None", "netInterestIncome": "None", "interestIncome": "None", "interestExpense": "7502000", "nonInterestIncome": "None", "otherNonOperatingIncome": "None", "depreciation": "None", "depreciationAndAmortization": "27914000", "incomeBeforeTax": "155816000", "incomeTaxExpense": "53289000", "interestAndDebtExpense": "None", "netIncomeFromContinuingOperations": "0", "comprehensiveIncomeNetOfTax": "None", "ebit": "163318000", "ebitda": "191232000", "netIncome": "101688000"}, {"fiscalDateEnding": "2010-03-31", "reportedCurrency": "USD", "grossProfit": "272526000", "totalRevenue": "281620000", "costOfRevenue": "9094000", "costofGoodsAndServicesSold": "9094000", "operatingIncome": "163815000", "sellingGeneralAndAdministrative": "80497000", "researchAndDevelopment": "0", "operatingExpenses": "108711000", "investmentIncomeNet": "None", "netInterestIncome": "None", "interestIncome": "None", "interestExpense": "7110000", "nonInterestIncome": "None", "otherNonOperatingIncome": "None", "depreciation": "None", "depreciationAndAmortization": "28214000", "incomeBeforeTax": "156735000", "incomeTaxExpense": "53217000", "interestAndDebtExpense": "None", "netIncomeFromContinuingOperations": "0", "comprehensiveIncomeNetOfTax": "None", "ebit": "163845000", "ebitda": "192059000", "netIncome": "101163000"}, {"fiscalDateEnding": "2009-12-31", "reportedCurrency": "USD", "grossProfit": "246905000", "totalRevenue": "256554000", "costOfRevenue": "9649000", "costofGoodsAndServicesSold": "9649000", "operatingIncome": "123870000", "sellingGeneralAndAdministrative": "94428000", "researchAndDevelopment": "0", "operatingExpenses": "123035000", "investmentIncomeNet": "None", "netInterestIncome": "None", "interestIncome": "None", "interestExpense": "6388000", "nonInterestIncome": "None", "otherNonOperatingIncome": "None", "depreciation": "None", "depreciationAndAmortization": "28607000", "incomeBeforeTax": "129401000", "incomeTaxExpense": "46409000", "interestAndDebtExpense": "None", "netIncomeFromContinuingOperations": "0", "comprehensiveIncomeNetOfTax": "None", "ebit": "124579000", "ebitda": "153186000", "netIncome": "84254000"}, {"fiscalDateEnding": "2009-09-30", "reportedCurrency": "USD", "grossProfit": "246398000", "totalRevenue": "256264000", "costOfRevenue": "9866000", "costofGoodsAndServicesSold": "9866000", "operatingIncome": "139989000", "sellingGeneralAndAdministrative": "78541000", "researchAndDevelopment": "0", "operatingExpenses": "106409000", "investmentIncomeNet": "None", "netInterestIncome": "None", "interestIncome": "None", "interestExpense": "4374000", "nonInterestIncome": "None", "otherNonOperatingIncome": "None", "depreciation": "None", "depreciationAndAmortization": "27868000", "incomeBeforeTax": "137406000", "incomeTaxExpense": "50524000", "interestAndDebtExpense": "None", "netIncomeFromContinuingOperations": "0", "comprehensiveIncomeNetOfTax": "None", "ebit": "141780000", "ebitda": "169648000", "netIncome": "87454000"}, {"fiscalDateEnding": "2009-06-30", "reportedCurrency": "USD", "grossProfit": "241075000", "totalRevenue": "250417000", "costOfRevenue": "9342000", "costofGoodsAndServicesSold": "9342000", "operatingIncome": "134961000", "sellingGeneralAndAdministrative": "78535000", "researchAndDevelopment": "0", "operatingExpenses": "106114000", "investmentIncomeNet": "None", "netInterestIncome": "None", "interestIncome": "None", "interestExpense": "6906000", "nonInterestIncome": "None", "otherNonOperatingIncome": "None", "depreciation": "None", "depreciationAndAmortization": "27579000", "incomeBeforeTax": "117822000", "incomeTaxExpense": "45764000", "interestAndDebtExpense": "None", "netIncomeFromContinuingOperations": "0", "comprehensiveIncomeNetOfTax": "None", "ebit": "135305000", "ebitda": "162884000", "netIncome": "72058000"}, {"fiscalDateEnding": "2009-03-31", "reportedCurrency": "USD", "grossProfit": "218714000", "totalRevenue": "231553000", "costOfRevenue": "12839000", "costofGoodsAndServicesSold": "12839000", "operatingIncome": "113799000", "sellingGeneralAndAdministrative": "77612000", "researchAndDevelopment": "0", "operatingExpenses": "104915000", "investmentIncomeNet": "None", "netInterestIncome": "None", "interestIncome": "None", "interestExpense": "5254000", "nonInterestIncome": "None", "otherNonOperatingIncome": "None", "depreciation": "None", "depreciationAndAmortization": "27303000", "incomeBeforeTax": "109076000", "incomeTaxExpense": "36854000", "interestAndDebtExpense": "None", "netIncomeFromContinuingOperations": "0", "comprehensiveIncomeNetOfTax": "None", "ebit": "114330000", "ebitda": "141633000", "netIncome": "72222000"}, {"fiscalDateEnding": "2008-12-31", "reportedCurrency": "USD", "grossProfit": "143540000", "totalRevenue": "207260000", "costOfRevenue": "63720000", "costofGoodsAndServicesSold": "63720000", "operatingIncome": "97327000", "sellingGeneralAndAdministrative": "26873000", "researchAndDevelopment": "0", "operatingExpenses": "46213000", "investmentIncomeNet": "None", "netInterestIncome": "None", "interestIncome": "None", "interestExpense": "5960000", "nonInterestIncome": "None", "otherNonOperatingIncome": "None", "depreciation": "None", "depreciationAndAmortization": "26821000", "incomeBeforeTax": "81156000", "incomeTaxExpense": "32301000", "interestAndDebtExpense": "None", "netIncomeFromContinuingOperations": "0", "comprehensiveIncomeNetOfTax": "None", "ebit": "97327000", "ebitda": "124148000", "netIncome": "48855000"}, {"fiscalDateEnding": "2008-09-30", "reportedCurrency": "USD", "grossProfit": "151169000", "totalRevenue": "201444000", "costOfRevenue": "50275000", "costofGoodsAndServicesSold": "50275000", "operatingIncome": "119142000", "sellingGeneralAndAdministrative": "26715000", "researchAndDevelopment": "0", "operatingExpenses": "32027000", "investmentIncomeNet": "None", "netInterestIncome": "None", "interestIncome": "None", "interestExpense": "4438000", "nonInterestIncome": "None", "otherNonOperatingIncome": "None", "depreciation": "None", "depreciationAndAmortization": "14920000", "incomeBeforeTax": "118282000", "incomeTaxExpense": "43319000", "interestAndDebtExpense": "None", "netIncomeFromContinuingOperations": "0", "comprehensiveIncomeNetOfTax": "None", "ebit": "118861000", "ebitda": "133781000", "netIncome": "74963000"}, {"fiscalDateEnding": "2008-06-30", "reportedCurrency": "USD", "grossProfit": "159309000", "totalRevenue": "197160000", "costOfRevenue": "37851000", "costofGoodsAndServicesSold": "37851000", "operatingIncome": "132785000", "sellingGeneralAndAdministrative": "22608000", "researchAndDevelopment": "0", "operatingExpenses": "26524000", "investmentIncomeNet": "None", "netInterestIncome": "None", "interestIncome": "None", "interestExpense": "4041000", "nonInterestIncome": "None", "otherNonOperatingIncome": "None", "depreciation": "None", "depreciationAndAmortization": "11027000", "incomeBeforeTax": "131639000", "incomeTaxExpense": "46775000", "interestAndDebtExpense": "None", "netIncomeFromContinuingOperations": "0", "comprehensiveIncomeNetOfTax": "None", "ebit": "132815000", "ebitda": "143842000", "netIncome": "84864000"}, {"fiscalDateEnding": "2008-03-31", "reportedCurrency": "USD", "grossProfit": "169563000", "totalRevenue": "207214000", "costOfRevenue": "37651000", "costofGoodsAndServicesSold": "37651000", "operatingIncome": "144280000", "sellingGeneralAndAdministrative": "21309000", "researchAndDevelopment": "0", "operatingExpenses": "25283000", "investmentIncomeNet": "None", "netInterestIncome": "None", "interestIncome": "None", "interestExpense": "5134000", "nonInterestIncome": "None", "otherNonOperatingIncome": "None", "depreciation": "None", "depreciationAndAmortization": "11123000", "incomeBeforeTax": "142419000", "incomeTaxExpense": "50129000", "interestAndDebtExpense": "None", "netIncomeFromContinuingOperations": "0", "comprehensiveIncomeNetOfTax": "None", "ebit": "143926000", "ebitda": "155049000", "netIncome": "92290000"}, {"fiscalDateEnding": "2007-12-31", "reportedCurrency": "USD", "grossProfit": "117858000", "totalRevenue": "159296000", "costOfRevenue": "41438000", "costofGoodsAndServicesSold": "41438000", "operatingIncome": "96527000", "sellingGeneralAndAdministrative": "18277000", "researchAndDevelopment": "0", "operatingExpenses": "21298000", "investmentIncomeNet": "None", "netInterestIncome": "None", "interestIncome": "None", "interestExpense": "5502000", "nonInterestIncome": "None", "otherNonOperatingIncome": "None", "depreciation": "None", "depreciationAndAmortization": "9785000", "incomeBeforeTax": "96089000", "incomeTaxExpense": "31437000", "interestAndDebtExpense": "None", "netIncomeFromContinuingOperations": "0", "comprehensiveIncomeNetOfTax": "None", "ebit": "96560000", "ebitda": "106345000", "netIncome": "64652000"}, {"fiscalDateEnding": "2007-09-30", "reportedCurrency": "USD", "grossProfit": "122076000", "totalRevenue": "151735000", "costOfRevenue": "29659000", "costofGoodsAndServicesSold": "29659000", "operatingIncome": "100864000", "sellingGeneralAndAdministrative": "18820000", "researchAndDevelopment": "0", "operatingExpenses": "21068000", "investmentIncomeNet": "None", "netInterestIncome": "None", "interestIncome": "None", "interestExpense": "5015000", "nonInterestIncome": "None", "otherNonOperatingIncome": "None", "depreciation": "None", "depreciationAndAmortization": "9065000", "incomeBeforeTax": "99274000", "incomeTaxExpense": "32593000", "interestAndDebtExpense": "None", "netIncomeFromContinuingOperations": "0", "comprehensiveIncomeNetOfTax": "None", "ebit": "100850000", "ebitda": "109915000", "netIncome": "66681000"}, {"fiscalDateEnding": "2007-06-30", "reportedCurrency": "USD", "grossProfit": "108223000", "totalRevenue": "136654000", "costOfRevenue": "28431000", "costofGoodsAndServicesSold": "28431000", "operatingIncome": "76529000", "sellingGeneralAndAdministrative": "19716000", "researchAndDevelopment": "0", "operatingExpenses": "20750000", "investmentIncomeNet": "None", "netInterestIncome": "None", "interestIncome": "None", "interestExpense": "4329000", "nonInterestIncome": "None", "otherNonOperatingIncome": "None", "depreciation": "None", "depreciationAndAmortization": "7902000", "incomeBeforeTax": "75207000", "incomeTaxExpense": "21514000", "interestAndDebtExpense": "None", "netIncomeFromContinuingOperations": "0", "comprehensiveIncomeNetOfTax": "None", "ebit": "87473000", "ebitda": "95375000", "netIncome": "53693000"}, {"fiscalDateEnding": "2007-03-31", "reportedCurrency": "USD", "grossProfit": "98282000", "totalRevenue": "126608000", "costOfRevenue": "28326000", "costofGoodsAndServicesSold": "28326000", "operatingIncome": "79643000", "sellingGeneralAndAdministrative": "16993000", "researchAndDevelopment": "0", "operatingExpenses": "18639000", "investmentIncomeNet": "None", "netInterestIncome": "None", "interestIncome": "None", "interestExpense": "3795000", "nonInterestIncome": "None", "otherNonOperatingIncome": "None", "depreciation": "None", "depreciationAndAmortization": "6647000", "incomeBeforeTax": "87864000", "incomeTaxExpense": "32278000", "interestAndDebtExpense": "None", "netIncomeFromContinuingOperations": "0", "comprehensiveIncomeNetOfTax": "None", "ebit": "79643000", "ebitda": "86290000", "netIncome": "55586000"}, {"fiscalDateEnding": "2006-12-31", "reportedCurrency": "USD", "grossProfit": "75702000", "totalRevenue": "95264000", "costOfRevenue": "19562000", "costofGoodsAndServicesSold": "19562000", "operatingIncome": "64185000", "sellingGeneralAndAdministrative": "10300000", "researchAndDevelopment": "0", "operatingExpenses": "11517000", "investmentIncomeNet": "None", "netInterestIncome": "None", "interestIncome": "None", "interestExpense": "56000", "nonInterestIncome": "None", "otherNonOperatingIncome": "None", "depreciation": "None", "depreciationAndAmortization": "3939000", "incomeBeforeTax": "67400000", "incomeTaxExpense": "18408000", "interestAndDebtExpense": "None", "netIncomeFromContinuingOperations": "0", "comprehensiveIncomeNetOfTax": "None", "ebit": "64185000", "ebitda": "68124000", "netIncome": "48992000"}, {"fiscalDateEnding": "2006-09-30", "reportedCurrency": "USD", "grossProfit": "75726000", "totalRevenue": "94662000", "costOfRevenue": "18936000", "costofGoodsAndServicesSold": "18936000", "operatingIncome": "65382000", "sellingGeneralAndAdministrative": "9815000", "researchAndDevelopment": "0", "operatingExpenses": "10344000", "investmentIncomeNet": "None", "netInterestIncome": "None", "interestIncome": "None", "interestExpense": "55000", "nonInterestIncome": "None", "otherNonOperatingIncome": "None", "depreciation": "None", "depreciationAndAmortization": "3351000", "incomeBeforeTax": "68113000", "incomeTaxExpense": "24467000", "interestAndDebtExpense": "None", "netIncomeFromContinuingOperations": "0", "comprehensiveIncomeNetOfTax": "None", "ebit": "65382000", "ebitda": "68733000", "netIncome": "43646000"}, {"fiscalDateEnding": "2006-06-30", "reportedCurrency": "USD", "grossProfit": "58424000", "totalRevenue": "73591000", "costOfRevenue": "15167000", "costofGoodsAndServicesSold": "15167000", "operatingIncome": "47416000", "sellingGeneralAndAdministrative": "8736000", "researchAndDevelopment": "0", "operatingExpenses": "11008000", "investmentIncomeNet": "None", "netInterestIncome": "None", "interestIncome": "None", "interestExpense": "57000", "nonInterestIncome": "None", "otherNonOperatingIncome": "None", "depreciation": "None", "depreciationAndAmortization": "3345000", "incomeBeforeTax": "48269000", "incomeTaxExpense": "17302000", "interestAndDebtExpense": "None", "netIncomeFromContinuingOperations": "0", "comprehensiveIncomeNetOfTax": "None", "ebit": "47416000", "ebitda": "50761000", "netIncome": "30967000"}, {"fiscalDateEnding": "2006-03-31", "reportedCurrency": "USD", "grossProfit": "50282000", "totalRevenue": "50282000", "costOfRevenue": "11631000", "costofGoodsAndServicesSold": "11631000", "operatingIncome": "27653000", "sellingGeneralAndAdministrative": "7810000", "researchAndDevelopment": "0", "operatingExpenses": "22629000", "investmentIncomeNet": "None", "netInterestIncome": "None", "interestIncome": "None", "interestExpense": "63000", "nonInterestIncome": "None", "otherNonOperatingIncome": "None", "depreciation": "None", "depreciationAndAmortization": "3226000", "incomeBeforeTax": "28761000", "incomeTaxExpense": "9097000", "interestAndDebtExpense": "None", "netIncomeFromContinuingOperations": "0", "comprehensiveIncomeNetOfTax": "None", "ebit": "27653000", "ebitda": "30879000", "netIncome": "19664000"}, {"fiscalDateEnding": "2005-12-31", "reportedCurrency": "USD", "grossProfit": "41262000", "totalRevenue": "41262000", "costOfRevenue": "10503000", "costofGoodsAndServicesSold": "10503000", "operatingIncome": "20908000", "sellingGeneralAndAdministrative": "6196000", "researchAndDevelopment": "0", "operatingExpenses": "21343000", "investmentIncomeNet": "None", "netInterestIncome": "None", "interestIncome": "None", "interestExpense": "126000", "nonInterestIncome": "None", "otherNonOperatingIncome": "None", "depreciation": "None", "depreciationAndAmortization": "4116000", "incomeBeforeTax": "21819000", "incomeTaxExpense": "6959000", "interestAndDebtExpense": "None", "netIncomeFromContinuingOperations": "0", "comprehensiveIncomeNetOfTax": "None", "ebit": "20908000", "ebitda": "25024000", "netIncome": "14860000"}, {"fiscalDateEnding": "2005-09-30", "reportedCurrency": "USD", "grossProfit": "37871000", "totalRevenue": "38201000", "costOfRevenue": "330000", "costofGoodsAndServicesSold": "330000", "operatingIncome": "11766000", "sellingGeneralAndAdministrative": "6692000", "researchAndDevelopment": "0", "operatingExpenses": "26105000", "investmentIncomeNet": "None", "netInterestIncome": "None", "interestIncome": "None", "interestExpense": "172000", "nonInterestIncome": "None", "otherNonOperatingIncome": "None", "depreciation": "None", "depreciationAndAmortization": "3809000", "incomeBeforeTax": "12725000", "incomeTaxExpense": "4209000", "interestAndDebtExpense": "None", "netIncomeFromContinuingOperations": "0", "comprehensiveIncomeNetOfTax": "None", "ebit": "24725000", "ebitda": "28534000", "netIncome": "8517000"}, {"fiscalDateEnding": "2005-06-30", "reportedCurrency": "USD", "grossProfit": "0", "totalRevenue": "37530000", "costOfRevenue": "8836000", "costofGoodsAndServicesSold": "8836000", "operatingIncome": "17842000", "sellingGeneralAndAdministrative": "7055000", "researchAndDevelopment": "0", "operatingExpenses": "0", "investmentIncomeNet": "None", "netInterestIncome": "None", "interestIncome": "None", "interestExpense": "152000", "nonInterestIncome": "None", "otherNonOperatingIncome": "None", "depreciation": "None", "depreciationAndAmortization": "None", "incomeBeforeTax": "-13400000", "incomeTaxExpense": "-4530000", "interestAndDebtExpense": "None", "netIncomeFromContinuingOperations": "0", "comprehensiveIncomeNetOfTax": "None", "ebit": "0", "ebitda": "None", "netIncome": "-8870000"}, {"fiscalDateEnding": "2005-03-31", "reportedCurrency": "USD", "grossProfit": "0", "totalRevenue": "31828000", "costOfRevenue": "7886000", "costofGoodsAndServicesSold": "7886000", "operatingIncome": "12408000", "sellingGeneralAndAdministrative": "7576000", "researchAndDevelopment": "0", "operatingExpenses": "0", "investmentIncomeNet": "None", "netInterestIncome": "None", "interestIncome": "None", "interestExpense": "163000", "nonInterestIncome": "None", "otherNonOperatingIncome": "None", "depreciation": "None", "depreciationAndAmortization": "None", "incomeBeforeTax": "13400000", "incomeTaxExpense": "4530000", "interestAndDebtExpense": "None", "netIncomeFromContinuingOperations": "0", "comprehensiveIncomeNetOfTax": "None", "ebit": "0", "ebitda": "None", "netIncome": "8870000"}, {"fiscalDateEnding": "2004-12-31", "reportedCurrency": "USD", "grossProfit": "75037000", "totalRevenue": "28496000", "costOfRevenue": "8620000", "costofGoodsAndServicesSold": "8620000", "operatingIncome": "8054000", "sellingGeneralAndAdministrative": "7046000", "researchAndDevelopment": "0", "operatingExpenses": "0", "investmentIncomeNet": "None", "netInterestIncome": "None", "interestIncome": "None", "interestExpense": "137000", "nonInterestIncome": "None", "otherNonOperatingIncome": "None", "depreciation": "None", "depreciationAndAmortization": "None", "incomeBeforeTax": "7465000", "incomeTaxExpense": "2626000", "interestAndDebtExpense": "None", "netIncomeFromContinuingOperations": "0", "comprehensiveIncomeNetOfTax": "None", "ebit": "0", "ebitda": "None", "netIncome": "4839000"}]}