{"symbol": "VRTX", "annualReports": [{"fiscalDateEnding": "2024-12-31", "reportedCurrency": "USD", "grossProfit": "9489600000", "totalRevenue": "11020100000", "costOfRevenue": "1530500000", "costofGoodsAndServicesSold": "1530500000", "operatingIncome": "-232900000", "sellingGeneralAndAdministrative": "1464300000", "researchAndDevelopment": "3630300000", "operatingExpenses": "9722500000", "investmentIncomeNet": "None", "netInterestIncome": "567500000", "interestIncome": "598100000", "interestExpense": "30600000", "nonInterestIncome": "None", "otherNonOperatingIncome": "None", "depreciation": "None", "depreciationAndAmortization": "207200000", "incomeBeforeTax": "248500000", "incomeTaxExpense": "784100000", "interestAndDebtExpense": "None", "netIncomeFromContinuingOperations": "-535600000", "comprehensiveIncomeNetOfTax": "None", "ebit": "279100000", "ebitda": "486300000", "netIncome": "-535600000"}, {"fiscalDateEnding": "2023-12-31", "reportedCurrency": "USD", "grossProfit": "8607000000", "totalRevenue": "9869200000", "costOfRevenue": "1262200000", "costofGoodsAndServicesSold": "1262200000", "operatingIncome": "4307500000", "sellingGeneralAndAdministrative": "1136600000", "researchAndDevelopment": "3162900000", "operatingExpenses": "4775000000", "investmentIncomeNet": "None", "netInterestIncome": "570600000", "interestIncome": "614700000", "interestExpense": "44100000", "nonInterestIncome": "None", "otherNonOperatingIncome": "None", "depreciation": "None", "depreciationAndAmortization": "181300000", "incomeBeforeTax": "4379800000", "incomeTaxExpense": "760200000", "interestAndDebtExpense": "None", "netIncomeFromContinuingOperations": "3619600000", "comprehensiveIncomeNetOfTax": "None", "ebit": "4423900000", "ebitda": "4605200000", "netIncome": "3619600000"}, {"fiscalDateEnding": "2022-12-31", "reportedCurrency": "USD", "grossProfit": "7850400000", "totalRevenue": "8930700000", "costOfRevenue": "1080300000", "costofGoodsAndServicesSold": "1080300000", "operatingIncome": "4307400000", "sellingGeneralAndAdministrative": "887200000", "researchAndDevelopment": "2540300000", "operatingExpenses": "3485000000", "investmentIncomeNet": "None", "netInterestIncome": "89800000", "interestIncome": "144600000", "interestExpense": "54800000", "nonInterestIncome": "None", "otherNonOperatingIncome": "-20200000", "depreciation": "None", "depreciationAndAmortization": "148300000", "incomeBeforeTax": "4232400000", "incomeTaxExpense": "910400000", "interestAndDebtExpense": "None", "netIncomeFromContinuingOperations": "3322000000", "comprehensiveIncomeNetOfTax": "None", "ebit": "4287200000", "ebitda": "4435500000", "netIncome": "3322000000"}, {"fiscalDateEnding": "2021-12-31", "reportedCurrency": "USD", "grossProfit": "6670200000", "totalRevenue": "7574400000", "costOfRevenue": "904200000", "costofGoodsAndServicesSold": "904200000", "operatingIncome": "2782100000", "sellingGeneralAndAdministrative": "840100000", "researchAndDevelopment": "3051100000", "operatingExpenses": "3891200000", "investmentIncomeNet": "None", "netInterestIncome": "-56600000", "interestIncome": "4900000", "interestExpense": "61500000", "nonInterestIncome": "None", "otherNonOperatingIncome": "9800000", "depreciation": "None", "depreciationAndAmortization": "125600000", "incomeBeforeTax": "2730400000", "incomeTaxExpense": "388300000", "interestAndDebtExpense": "None", "netIncomeFromContinuingOperations": "2342100000", "comprehensiveIncomeNetOfTax": "None", "ebit": "2791900000", "ebitda": "2917500000", "netIncome": "2342100000"}, {"fiscalDateEnding": "2020-12-31", "reportedCurrency": "USD", "grossProfit": "5469383000", "totalRevenue": "6205683000", "costOfRevenue": "736300000", "costofGoodsAndServicesSold": "736300000", "operatingIncome": "2856290000", "sellingGeneralAndAdministrative": "770456000", "researchAndDevelopment": "1829537000", "operatingExpenses": "2599993000", "investmentIncomeNet": "None", "netInterestIncome": "-35912000", "interestIncome": "22239000", "interestExpense": "58151000", "nonInterestIncome": "None", "otherNonOperatingIncome": "318659000", "depreciation": "None", "depreciationAndAmortization": "109515000", "incomeBeforeTax": "3116798000", "incomeTaxExpense": "405151000", "interestAndDebtExpense": "None", "netIncomeFromContinuingOperations": "2711647000", "comprehensiveIncomeNetOfTax": "None", "ebit": "3174949000", "ebitda": "3284464000", "netIncome": "2711700000"}, {"fiscalDateEnding": "2019-12-31", "reportedCurrency": "USD", "grossProfit": "3615063000", "totalRevenue": "4162821000", "costOfRevenue": "547758000", "costofGoodsAndServicesSold": "547758000", "operatingIncome": "1197566000", "sellingGeneralAndAdministrative": "658498000", "researchAndDevelopment": "1754540000", "operatingExpenses": "2413038000", "investmentIncomeNet": "None", "netInterestIncome": "5176000", "interestIncome": "63678000", "interestExpense": "58502000", "nonInterestIncome": "None", "otherNonOperatingIncome": "255855000", "depreciation": "None", "depreciationAndAmortization": "106941000", "incomeBeforeTax": "1394919000", "incomeTaxExpense": "218109000", "interestAndDebtExpense": "None", "netIncomeFromContinuingOperations": "1176810000", "comprehensiveIncomeNetOfTax": "None", "ebit": "1453421000", "ebitda": "1560362000", "netIncome": "1176810000"}, {"fiscalDateEnding": "2018-12-31", "reportedCurrency": "USD", "grossProfit": "2638058000", "totalRevenue": "3047597000", "costOfRevenue": "409539000", "costofGoodsAndServicesSold": "409539000", "operatingIncome": "635150000", "sellingGeneralAndAdministrative": "557616000", "researchAndDevelopment": "1416476000", "operatingExpenses": "1974092000", "investmentIncomeNet": "None", "netInterestIncome": "-34119000", "interestIncome": "33496000", "interestExpense": "34119000", "nonInterestIncome": "None", "otherNonOperatingIncome": "-790000", "depreciation": "None", "depreciationAndAmortization": "72420000", "incomeBeforeTax": "600241000", "incomeTaxExpense": "-1486862000", "interestAndDebtExpense": "None", "netIncomeFromContinuingOperations": "2087103000", "comprehensiveIncomeNetOfTax": "None", "ebit": "634360000", "ebitda": "706780000", "netIncome": "2096896000"}, {"fiscalDateEnding": "2017-12-31", "reportedCurrency": "USD", "grossProfit": "2213533000", "totalRevenue": "2488652000", "costOfRevenue": "275119000", "costofGoodsAndServicesSold": "275119000", "operatingIncome": "123243000", "sellingGeneralAndAdministrative": "496079000", "researchAndDevelopment": "1324625000", "operatingExpenses": "1820704000", "investmentIncomeNet": "None", "netInterestIncome": "-57550000", "interestIncome": "57550000", "interestExpense": "57550000", "nonInterestIncome": "None", "otherNonOperatingIncome": "-81382000", "depreciation": "None", "depreciationAndAmortization": "61397000", "incomeBeforeTax": "-15689000", "incomeTaxExpense": "-107324000", "interestAndDebtExpense": "None", "netIncomeFromContinuingOperations": "91635000", "comprehensiveIncomeNetOfTax": "None", "ebit": "41861000", "ebitda": "103258000", "netIncome": "263484000"}, {"fiscalDateEnding": "2016-12-31", "reportedCurrency": "USD", "grossProfit": "1491717000", "totalRevenue": "1702177000", "costOfRevenue": "210460000", "costofGoodsAndServicesSold": "210460000", "operatingIncome": "9936000", "sellingGeneralAndAdministrative": "401429000", "researchAndDevelopment": "1047690000", "operatingExpenses": "1480519000", "investmentIncomeNet": "None", "netInterestIncome": "-81432000", "interestIncome": "81432000", "interestExpense": "81432000", "nonInterestIncome": "None", "otherNonOperatingIncome": "4130000", "depreciation": "None", "depreciationAndAmortization": "61398000", "incomeBeforeTax": "-67366000", "incomeTaxExpense": "16665000", "interestAndDebtExpense": "None", "netIncomeFromContinuingOperations": "-84031000", "comprehensiveIncomeNetOfTax": "None", "ebit": "14066000", "ebitda": "75464000", "netIncome": "-112052000"}, {"fiscalDateEnding": "2015-12-31", "reportedCurrency": "USD", "grossProfit": "906794000", "totalRevenue": "1032336000", "costOfRevenue": "125542000", "costofGoodsAndServicesSold": "125542000", "operatingIncome": "-468662000", "sellingGeneralAndAdministrative": "352580000", "researchAndDevelopment": "996170000", "operatingExpenses": "1373250000", "investmentIncomeNet": "None", "netInterestIncome": "None", "interestIncome": "84206000", "interestExpense": "84206000", "nonInterestIncome": "None", "otherNonOperatingIncome": "-6715000", "depreciation": "None", "depreciationAndAmortization": "62343000", "incomeBeforeTax": "-559581000", "incomeTaxExpense": "30381000", "interestAndDebtExpense": "None", "netIncomeFromContinuingOperations": "-588181000", "comprehensiveIncomeNetOfTax": "None", "ebit": "-473594000", "ebitda": "-411251000", "netIncome": "-558115000"}, {"fiscalDateEnding": "2014-12-31", "reportedCurrency": "USD", "grossProfit": "519428000", "totalRevenue": "580415000", "costOfRevenue": "60987000", "costofGoodsAndServicesSold": "60987000", "operatingIncome": "-692412000", "sellingGeneralAndAdministrative": "289209000", "researchAndDevelopment": "855506000", "operatingExpenses": "1160915000", "investmentIncomeNet": "None", "netInterestIncome": "None", "interestIncome": "None", "interestExpense": "72863000", "nonInterestIncome": "None", "otherNonOperatingIncome": "30400000", "depreciation": "None", "depreciationAndAmortization": "63257000", "incomeBeforeTax": "-734875000", "incomeTaxExpense": "6958000", "interestAndDebtExpense": "None", "netIncomeFromContinuingOperations": "-741833000", "comprehensiveIncomeNetOfTax": "None", "ebit": "-662012000", "ebitda": "-598755000", "netIncome": "-738555000"}, {"fiscalDateEnding": "2013-12-31", "reportedCurrency": "USD", "grossProfit": "1081698000", "totalRevenue": "1211975000", "costOfRevenue": "130277000", "costofGoodsAndServicesSold": "130277000", "operatingIncome": "-903448000", "sellingGeneralAndAdministrative": "342742000", "researchAndDevelopment": "918783000", "operatingExpenses": "1281125000", "investmentIncomeNet": "None", "netInterestIncome": "None", "interestIncome": "None", "interestExpense": "22730000", "nonInterestIncome": "None", "otherNonOperatingIncome": "-49939000", "depreciation": "None", "depreciationAndAmortization": "48365000", "incomeBeforeTax": "-976117000", "incomeTaxExpense": "-288567000", "interestAndDebtExpense": "None", "netIncomeFromContinuingOperations": "-687550000", "comprehensiveIncomeNetOfTax": "None", "ebit": "-603118000", "ebitda": "-554753000", "netIncome": "-445028000"}, {"fiscalDateEnding": "2012-12-31", "reportedCurrency": "USD", "grossProfit": "1247157000", "totalRevenue": "1527042000", "costOfRevenue": "279885000", "costofGoodsAndServicesSold": "279885000", "operatingIncome": "2332000", "sellingGeneralAndAdministrative": "378196000", "researchAndDevelopment": "806185000", "operatingExpenses": "1242981000", "investmentIncomeNet": "None", "netInterestIncome": "None", "interestIncome": "None", "interestExpense": "14713000", "nonInterestIncome": "None", "otherNonOperatingIncome": "1940000", "depreciation": "None", "depreciationAndAmortization": "38191000", "incomeBeforeTax": "-12381000", "incomeTaxExpense": "38754000", "interestAndDebtExpense": "None", "netIncomeFromContinuingOperations": "-51135000", "comprehensiveIncomeNetOfTax": "None", "ebit": "4272000", "ebitda": "42463000", "netIncome": "-107032000"}, {"fiscalDateEnding": "2011-12-31", "reportedCurrency": "USD", "grossProfit": "1330121000", "totalRevenue": "1410626000", "costOfRevenue": "80505000", "costofGoodsAndServicesSold": "80505000", "operatingIncome": "113820000", "sellingGeneralAndAdministrative": "400721000", "researchAndDevelopment": "707706000", "operatingExpenses": "1108427000", "investmentIncomeNet": "None", "netInterestIncome": "None", "interestIncome": "None", "interestExpense": "36574000", "nonInterestIncome": "None", "otherNonOperatingIncome": "-14923000", "depreciation": "None", "depreciationAndAmortization": "35041000", "incomeBeforeTax": "60445000", "incomeTaxExpense": "19266000", "interestAndDebtExpense": "None", "netIncomeFromContinuingOperations": "41179000", "comprehensiveIncomeNetOfTax": "None", "ebit": "98897000", "ebitda": "133938000", "netIncome": "29574000"}, {"fiscalDateEnding": "2010-12-31", "reportedCurrency": "USD", "grossProfit": "130640000", "totalRevenue": "143370000", "costOfRevenue": "12730000", "costofGoodsAndServicesSold": "12730000", "operatingIncome": "-696077000", "sellingGeneralAndAdministrative": "187800000", "researchAndDevelopment": "637416000", "operatingExpenses": "825216000", "investmentIncomeNet": "None", "netInterestIncome": "None", "interestIncome": "None", "interestExpense": "19275000", "nonInterestIncome": "None", "otherNonOperatingIncome": "-39274000", "depreciation": "None", "depreciationAndAmortization": "30459000", "incomeBeforeTax": "-754626000", "incomeTaxExpense": "19275000", "interestAndDebtExpense": "None", "netIncomeFromContinuingOperations": "-754626000", "comprehensiveIncomeNetOfTax": "None", "ebit": "-735351000", "ebitda": "-704892000", "netIncome": "-754626000"}, {"fiscalDateEnding": "2009-12-31", "reportedCurrency": "USD", "grossProfit": "87847000", "totalRevenue": "102049000", "costOfRevenue": "14202000", "costofGoodsAndServicesSold": "14202000", "operatingIncome": "-613412000", "sellingGeneralAndAdministrative": "130192000", "researchAndDevelopment": "550685000", "operatingExpenses": "679982000", "investmentIncomeNet": "None", "netInterestIncome": "None", "interestIncome": "None", "interestExpense": "13192000", "nonInterestIncome": "None", "otherNonOperatingIncome": "None", "depreciation": "None", "depreciationAndAmortization": "30107000", "incomeBeforeTax": "-642178000", "incomeTaxExpense": "19336000", "interestAndDebtExpense": "None", "netIncomeFromContinuingOperations": "None", "comprehensiveIncomeNetOfTax": "None", "ebit": "-628986000", "ebitda": "-598879000", "netIncome": "-641578000"}, {"fiscalDateEnding": "2008-12-31", "reportedCurrency": "USD", "grossProfit": "159818000", "totalRevenue": "175504000", "costOfRevenue": "15686000", "costofGoodsAndServicesSold": "15686000", "operatingIncome": "-462708000", "sellingGeneralAndAdministrative": "101910000", "researchAndDevelopment": "516292000", "operatingExpenses": "618202000", "investmentIncomeNet": "None", "netInterestIncome": "None", "interestIncome": "None", "interestExpense": "13471000", "nonInterestIncome": "None", "otherNonOperatingIncome": "None", "depreciation": "None", "depreciationAndAmortization": "32196000", "incomeBeforeTax": "-464175000", "incomeTaxExpense": "-30729000", "interestAndDebtExpense": "None", "netIncomeFromContinuingOperations": "None", "comprehensiveIncomeNetOfTax": "None", "ebit": "-458384000", "ebitda": "-426188000", "netIncome": "-459851000"}, {"fiscalDateEnding": "2007-12-31", "reportedCurrency": "USD", "grossProfit": "185108000", "totalRevenue": "199012000", "costOfRevenue": "13904000", "costofGoodsAndServicesSold": "13904000", "operatingIncome": "-419792000", "sellingGeneralAndAdministrative": "84727000", "researchAndDevelopment": "513054000", "operatingExpenses": "597781000", "investmentIncomeNet": "None", "netInterestIncome": "None", "interestIncome": "None", "interestExpense": "0", "nonInterestIncome": "None", "otherNonOperatingIncome": "None", "depreciation": "None", "depreciationAndAmortization": "27459000", "incomeBeforeTax": "-426911000", "incomeTaxExpense": "-21394000", "interestAndDebtExpense": "None", "netIncomeFromContinuingOperations": "None", "comprehensiveIncomeNetOfTax": "None", "ebit": "-412673000", "ebitda": "-385214000", "netIncome": "-391279000"}, {"fiscalDateEnding": "2006-12-31", "reportedCurrency": "USD", "grossProfit": "204186000", "totalRevenue": "216356000", "costOfRevenue": "12170000", "costofGoodsAndServicesSold": "12170000", "operatingIncome": "-229038000", "sellingGeneralAndAdministrative": "57860000", "researchAndDevelopment": "371713000", "operatingExpenses": "429573000", "investmentIncomeNet": "None", "netInterestIncome": "None", "interestIncome": "None", "interestExpense": "7955000", "nonInterestIncome": "None", "otherNonOperatingIncome": "None", "depreciation": "None", "depreciationAndAmortization": "25868000", "incomeBeforeTax": "-206891000", "incomeTaxExpense": "-18496000", "interestAndDebtExpense": "None", "netIncomeFromContinuingOperations": "None", "comprehensiveIncomeNetOfTax": "None", "ebit": "-225387000", "ebitda": "-199519000", "netIncome": "-206891000"}, {"fiscalDateEnding": "2005-12-31", "reportedCurrency": "USD", "grossProfit": "150792000", "totalRevenue": "160890000", "costOfRevenue": "10098000", "costofGoodsAndServicesSold": "10098000", "operatingIncome": "-149872000", "sellingGeneralAndAdministrative": "43990000", "researchAndDevelopment": "248540000", "operatingExpenses": "292530000", "investmentIncomeNet": "None", "netInterestIncome": "None", "interestIncome": "None", "interestExpense": "0", "nonInterestIncome": "None", "otherNonOperatingIncome": "None", "depreciation": "None", "depreciationAndAmortization": "27289000", "incomeBeforeTax": "-173390000", "incomeTaxExpense": "61679000", "interestAndDebtExpense": "None", "netIncomeFromContinuingOperations": "None", "comprehensiveIncomeNetOfTax": "None", "ebit": "-141738000", "ebitda": "-114449000", "netIncome": "-203417000"}], "quarterlyReports": [{"fiscalDateEnding": "2024-12-31", "reportedCurrency": "USD", "grossProfit": "2488600000", "totalRevenue": "2912000000", "costOfRevenue": "423400000", "costofGoodsAndServicesSold": "423400000", "operatingIncome": "1026000000", "sellingGeneralAndAdministrative": "377600000", "researchAndDevelopment": "998700000", "operatingExpenses": "1462600000", "investmentIncomeNet": "None", "netInterestIncome": "125400000", "interestIncome": "128200000", "interestExpense": "2800000", "nonInterestIncome": "None", "otherNonOperatingIncome": "None", "depreciation": "None", "depreciationAndAmortization": "46500000", "incomeBeforeTax": "1136500000", "incomeTaxExpense": "223500000", "interestAndDebtExpense": "None", "netIncomeFromContinuingOperations": "913000000", "comprehensiveIncomeNetOfTax": "None", "ebit": "1139300000", "ebitda": "1185800000", "netIncome": "913000000"}, {"fiscalDateEnding": "2024-09-30", "reportedCurrency": "USD", "grossProfit": "2379300000", "totalRevenue": "2771900000", "costOfRevenue": "392600000", "costofGoodsAndServicesSold": "392600000", "operatingIncome": "1116300000", "sellingGeneralAndAdministrative": "371800000", "researchAndDevelopment": "875900000", "operatingExpenses": "1263000000", "investmentIncomeNet": "None", "netInterestIncome": "124700000", "interestIncome": "132200000", "interestExpense": "7500000", "nonInterestIncome": "None", "otherNonOperatingIncome": "None", "depreciation": "None", "depreciationAndAmortization": "53200000", "incomeBeforeTax": "1224100000", "incomeTaxExpense": "178700000", "interestAndDebtExpense": "None", "netIncomeFromContinuingOperations": "1045400000", "comprehensiveIncomeNetOfTax": "None", "ebit": "1231600000", "ebitda": "1284800000", "netIncome": "1045400000"}, {"fiscalDateEnding": "2024-06-30", "reportedCurrency": "USD", "grossProfit": "2262800000", "totalRevenue": "2634700000", "costOfRevenue": "371900000", "costofGoodsAndServicesSold": "371900000", "operatingIncome": "-3525100000", "sellingGeneralAndAdministrative": "372200000", "researchAndDevelopment": "5415700000", "operatingExpenses": "5787900000", "investmentIncomeNet": "None", "netInterestIncome": "146600000", "interestIncome": "156500000", "interestExpense": "9900000", "nonInterestIncome": "None", "otherNonOperatingIncome": "None", "depreciation": "None", "depreciationAndAmortization": "54000000", "incomeBeforeTax": "-3391200000", "incomeTaxExpense": "202400000", "interestAndDebtExpense": "None", "netIncomeFromContinuingOperations": "-3593600000", "comprehensiveIncomeNetOfTax": "None", "ebit": "-3381300000", "ebitda": "-3327300000", "netIncome": "-3593600000"}, {"fiscalDateEnding": "2024-03-31", "reportedCurrency": "USD", "grossProfit": "2344600000", "totalRevenue": "2687200000", "costOfRevenue": "342600000", "costofGoodsAndServicesSold": "342600000", "operatingIncome": "1136000000", "sellingGeneralAndAdministrative": "342700000", "researchAndDevelopment": "865900000", "operatingExpenses": "1208600000", "investmentIncomeNet": "None", "netInterestIncome": "170800000", "interestIncome": "181200000", "interestExpense": "10400000", "nonInterestIncome": "None", "otherNonOperatingIncome": "None", "depreciation": "None", "depreciationAndAmortization": "53500000", "incomeBeforeTax": "1279100000", "incomeTaxExpense": "179500000", "interestAndDebtExpense": "None", "netIncomeFromContinuingOperations": "1099600000", "comprehensiveIncomeNetOfTax": "None", "ebit": "1289500000", "ebitda": "1343000000", "netIncome": "1099600000"}, {"fiscalDateEnding": "2023-12-31", "reportedCurrency": "USD", "grossProfit": "2149700000", "totalRevenue": "2517700000", "costOfRevenue": "368000000", "costofGoodsAndServicesSold": "368000000", "operatingIncome": "958800000", "sellingGeneralAndAdministrative": "369100000", "researchAndDevelopment": "821800000", "operatingExpenses": "1190900000", "investmentIncomeNet": "None", "netInterestIncome": "168900000", "interestIncome": "179500000", "interestExpense": "10600000", "nonInterestIncome": "None", "otherNonOperatingIncome": "None", "depreciation": "None", "depreciationAndAmortization": "59000000", "incomeBeforeTax": "1147600000", "incomeTaxExpense": "178800000", "interestAndDebtExpense": "None", "netIncomeFromContinuingOperations": "968800000", "comprehensiveIncomeNetOfTax": "None", "ebit": "1158200000", "ebitda": "1217200000", "netIncome": "968800000"}, {"fiscalDateEnding": "2023-09-30", "reportedCurrency": "USD", "grossProfit": "2164800000", "totalRevenue": "2483500000", "costOfRevenue": "318700000", "costofGoodsAndServicesSold": "318700000", "operatingIncome": "1038100000", "sellingGeneralAndAdministrative": "263800000", "researchAndDevelopment": "810000000", "operatingExpenses": "1073800000", "investmentIncomeNet": "None", "netInterestIncome": "157000000", "interestIncome": "167900000", "interestExpense": "10900000", "nonInterestIncome": "None", "otherNonOperatingIncome": "None", "depreciation": "None", "depreciationAndAmortization": "42100000", "incomeBeforeTax": "1179200000", "incomeTaxExpense": "143900000", "interestAndDebtExpense": "None", "netIncomeFromContinuingOperations": "1035300000", "comprehensiveIncomeNetOfTax": "None", "ebit": "1190100000", "ebitda": "1232200000", "netIncome": "1035300000"}, {"fiscalDateEnding": "2023-06-30", "reportedCurrency": "USD", "grossProfit": "2184600000", "totalRevenue": "2493200000", "costOfRevenue": "308600000", "costofGoodsAndServicesSold": "308600000", "operatingIncome": "1026400000", "sellingGeneralAndAdministrative": "262000000", "researchAndDevelopment": "785700000", "operatingExpenses": "1048300000", "investmentIncomeNet": "None", "netInterestIncome": "133500000", "interestIncome": "144700000", "interestExpense": "11200000", "nonInterestIncome": "None", "otherNonOperatingIncome": "146300000", "depreciation": "None", "depreciationAndAmortization": "41400000", "incomeBeforeTax": "1161500000", "incomeTaxExpense": "245800000", "interestAndDebtExpense": "None", "netIncomeFromContinuingOperations": "915700000", "comprehensiveIncomeNetOfTax": "None", "ebit": "1172700000", "ebitda": "1214100000", "netIncome": "915700000"}, {"fiscalDateEnding": "2023-03-31", "reportedCurrency": "USD", "grossProfit": "2107900000", "totalRevenue": "2374800000", "costOfRevenue": "266900000", "costofGoodsAndServicesSold": "266900000", "operatingIncome": "779000000", "sellingGeneralAndAdministrative": "239200000", "researchAndDevelopment": "742600000", "operatingExpenses": "1328900000", "investmentIncomeNet": "None", "netInterestIncome": "111200000", "interestIncome": "122600000", "interestExpense": "11400000", "nonInterestIncome": "None", "otherNonOperatingIncome": "123900000", "depreciation": "None", "depreciationAndAmortization": "38800000", "incomeBeforeTax": "891500000", "incomeTaxExpense": "191700000", "interestAndDebtExpense": "None", "netIncomeFromContinuingOperations": "699800000", "comprehensiveIncomeNetOfTax": "None", "ebit": "1124200000", "ebitda": "1163000000", "netIncome": "699800000"}, {"fiscalDateEnding": "2022-12-31", "reportedCurrency": "USD", "grossProfit": "2019400000", "totalRevenue": "2302700000", "costOfRevenue": "283300000", "costofGoodsAndServicesSold": "283300000", "operatingIncome": "1033500000", "sellingGeneralAndAdministrative": "269200000", "researchAndDevelopment": "694100000", "operatingExpenses": "985900000", "investmentIncomeNet": "None", "netInterestIncome": "74400000", "interestIncome": "86000000", "interestExpense": "11600000", "nonInterestIncome": "None", "otherNonOperatingIncome": "54900000", "depreciation": "None", "depreciationAndAmortization": "38400000", "incomeBeforeTax": "1076800000", "incomeTaxExpense": "257900000", "interestAndDebtExpense": "None", "netIncomeFromContinuingOperations": "818900000", "comprehensiveIncomeNetOfTax": "None", "ebit": "1057900000", "ebitda": "1096300000", "netIncome": "818900000"}, {"fiscalDateEnding": "2022-09-30", "reportedCurrency": "USD", "grossProfit": "2044900000", "totalRevenue": "2334300000", "costOfRevenue": "289400000", "costofGoodsAndServicesSold": "289400000", "operatingIncome": "1126700000", "sellingGeneralAndAdministrative": "244200000", "researchAndDevelopment": "645000000", "operatingExpenses": "891800000", "investmentIncomeNet": "None", "netInterestIncome": "32500000", "interestIncome": "46200000", "interestExpense": "13700000", "nonInterestIncome": "None", "otherNonOperatingIncome": "63400000", "depreciation": "None", "depreciationAndAmortization": "36700000", "incomeBeforeTax": "1176400000", "incomeTaxExpense": "245900000", "interestAndDebtExpense": "None", "netIncomeFromContinuingOperations": "930500000", "comprehensiveIncomeNetOfTax": "None", "ebit": "1190100000", "ebitda": "1226800000", "netIncome": "930500000"}, {"fiscalDateEnding": "2022-06-30", "reportedCurrency": "USD", "grossProfit": "1934400000", "totalRevenue": "2196200000", "costOfRevenue": "261800000", "costofGoodsAndServicesSold": "261800000", "operatingIncome": "1106300000", "sellingGeneralAndAdministrative": "166100000", "researchAndDevelopment": "600100000", "operatingExpenses": "815400000", "investmentIncomeNet": "None", "netInterestIncome": "-3800000", "interestIncome": "10800000", "interestExpense": "14600000", "nonInterestIncome": "None", "otherNonOperatingIncome": "-67300000", "depreciation": "None", "depreciationAndAmortization": "-54600000", "incomeBeforeTax": "1024400000", "incomeTaxExpense": "213900000", "interestAndDebtExpense": "None", "netIncomeFromContinuingOperations": "810500000", "comprehensiveIncomeNetOfTax": "None", "ebit": "1130900000", "ebitda": "1076300000", "netIncome": "810500000"}, {"fiscalDateEnding": "2022-03-31", "reportedCurrency": "USD", "grossProfit": "1851700000", "totalRevenue": "2097500000", "costOfRevenue": "245800000", "costofGoodsAndServicesSold": "245800000", "operatingIncome": "1040900000", "sellingGeneralAndAdministrative": "207700000", "researchAndDevelopment": "603100000", "operatingExpenses": "818300000", "investmentIncomeNet": "None", "netInterestIncome": "-13300000", "interestIncome": "1600000", "interestExpense": "14900000", "nonInterestIncome": "None", "otherNonOperatingIncome": "-71200000", "depreciation": "None", "depreciationAndAmortization": "-78700000", "incomeBeforeTax": "954800000", "incomeTaxExpense": "192700000", "interestAndDebtExpense": "None", "netIncomeFromContinuingOperations": "762100000", "comprehensiveIncomeNetOfTax": "None", "ebit": "1084300000", "ebitda": "1005600000", "netIncome": "762100000"}, {"fiscalDateEnding": "2021-12-31", "reportedCurrency": "USD", "grossProfit": "1825200000", "totalRevenue": "2072600000", "costOfRevenue": "247400000", "costofGoodsAndServicesSold": "247400000", "operatingIncome": "877700000", "sellingGeneralAndAdministrative": "255200000", "researchAndDevelopment": "694300000", "operatingExpenses": "949500000", "investmentIncomeNet": "None", "netInterestIncome": "-13900000", "interestIncome": "1200000", "interestExpense": "15100000", "nonInterestIncome": "None", "otherNonOperatingIncome": "8320000", "depreciation": "None", "depreciationAndAmortization": "33832000", "incomeBeforeTax": "870900000", "incomeTaxExpense": "100800000", "interestAndDebtExpense": "None", "netIncomeFromContinuingOperations": "770100000", "comprehensiveIncomeNetOfTax": "None", "ebit": "886000000", "ebitda": "919832000", "netIncome": "770100000"}, {"fiscalDateEnding": "2021-09-30", "reportedCurrency": "USD", "grossProfit": "1747652000", "totalRevenue": "1984164000", "costOfRevenue": "236512000", "costofGoodsAndServicesSold": "236512000", "operatingIncome": "1054512000", "sellingGeneralAndAdministrative": "199389000", "researchAndDevelopment": "493751000", "operatingExpenses": "691940000", "investmentIncomeNet": "None", "netInterestIncome": "-14139000", "interestIncome": "1116000", "interestExpense": "15255000", "nonInterestIncome": "None", "otherNonOperatingIncome": "43484000", "depreciation": "None", "depreciationAndAmortization": "31696000", "incomeBeforeTax": "1082741000", "incomeTaxExpense": "230813000", "interestAndDebtExpense": "None", "netIncomeFromContinuingOperations": "851928000", "comprehensiveIncomeNetOfTax": "None", "ebit": "1097996000", "ebitda": "1129692000", "netIncome": "851928000"}, {"fiscalDateEnding": "2021-06-30", "reportedCurrency": "USD", "grossProfit": "1565398000", "totalRevenue": "1793370000", "costOfRevenue": "227972000", "costofGoodsAndServicesSold": "227972000", "operatingIncome": "-37961000", "sellingGeneralAndAdministrative": "194669000", "researchAndDevelopment": "1407090000", "operatingExpenses": "1601759000", "investmentIncomeNet": "None", "netInterestIncome": "-14345000", "interestIncome": "1133000", "interestExpense": "15478000", "nonInterestIncome": "None", "otherNonOperatingIncome": "9184000", "depreciation": "None", "depreciationAndAmortization": "31238000", "incomeBeforeTax": "-44255000", "incomeTaxExpense": "-111179000", "interestAndDebtExpense": "None", "netIncomeFromContinuingOperations": "66924000", "comprehensiveIncomeNetOfTax": "None", "ebit": "-28777000", "ebitda": "2461000", "netIncome": "66924000"}, {"fiscalDateEnding": "2021-03-31", "reportedCurrency": "USD", "grossProfit": "1531976000", "totalRevenue": "1724305000", "costOfRevenue": "192329000", "costofGoodsAndServicesSold": "192329000", "operatingIncome": "887826000", "sellingGeneralAndAdministrative": "192077000", "researchAndDevelopment": "455973000", "operatingExpenses": "648050000", "investmentIncomeNet": "None", "netInterestIncome": "-14213000", "interestIncome": "1465000", "interestExpense": "15678000", "nonInterestIncome": "None", "otherNonOperatingIncome": "-51188000", "depreciation": "None", "depreciationAndAmortization": "28834000", "incomeBeforeTax": "820960000", "incomeTaxExpense": "167822000", "interestAndDebtExpense": "None", "netIncomeFromContinuingOperations": "653138000", "comprehensiveIncomeNetOfTax": "None", "ebit": "836638000", "ebitda": "865472000", "netIncome": "653138000"}, {"fiscalDateEnding": "2020-12-31", "reportedCurrency": "USD", "grossProfit": "1424719000", "totalRevenue": "1627820000", "costOfRevenue": "203101000", "costofGoodsAndServicesSold": "203101000", "operatingIncome": "745792000", "sellingGeneralAndAdministrative": "211843000", "researchAndDevelopment": "466584000", "operatingExpenses": "678427000", "investmentIncomeNet": "None", "netInterestIncome": "-13968000", "interestIncome": "2320000", "interestExpense": "16288000", "nonInterestIncome": "None", "otherNonOperatingIncome": "159119000", "depreciation": "None", "depreciationAndAmortization": "29355000", "incomeBeforeTax": "888623000", "incomeTaxExpense": "284433000", "interestAndDebtExpense": "None", "netIncomeFromContinuingOperations": "604190000", "comprehensiveIncomeNetOfTax": "None", "ebit": "904911000", "ebitda": "934266000", "netIncome": "604190000"}, {"fiscalDateEnding": "2020-09-30", "reportedCurrency": "USD", "grossProfit": "1352089000", "totalRevenue": "1538271000", "costOfRevenue": "186182000", "costofGoodsAndServicesSold": "186182000", "operatingIncome": "672241000", "sellingGeneralAndAdministrative": "184551000", "researchAndDevelopment": "493497000", "operatingExpenses": "678048000", "investmentIncomeNet": "None", "netInterestIncome": "-10756000", "interestIncome": "3100000", "interestExpense": "13856000", "nonInterestIncome": "None", "otherNonOperatingIncome": "87486000", "depreciation": "None", "depreciationAndAmortization": "26642000", "incomeBeforeTax": "745871000", "incomeTaxExpense": "78437000", "interestAndDebtExpense": "None", "netIncomeFromContinuingOperations": "667434000", "comprehensiveIncomeNetOfTax": "None", "ebit": "759727000", "ebitda": "786369000", "netIncome": "667434000"}, {"fiscalDateEnding": "2020-06-30", "reportedCurrency": "USD", "grossProfit": "1339965000", "totalRevenue": "1524485000", "costOfRevenue": "184520000", "costofGoodsAndServicesSold": "184520000", "operatingIncome": "718033000", "sellingGeneralAndAdministrative": "191804000", "researchAndDevelopment": "420928000", "operatingExpenses": "612732000", "investmentIncomeNet": "None", "netInterestIncome": "-9628000", "interestIncome": "4243000", "interestExpense": "13871000", "nonInterestIncome": "None", "otherNonOperatingIncome": "120608000", "depreciation": "None", "depreciationAndAmortization": "26697000", "incomeBeforeTax": "824770000", "incomeTaxExpense": "-12500000", "interestAndDebtExpense": "None", "netIncomeFromContinuingOperations": "837270000", "comprehensiveIncomeNetOfTax": "None", "ebit": "838641000", "ebitda": "865338000", "netIncome": "837270000"}, {"fiscalDateEnding": "2020-03-31", "reportedCurrency": "USD", "grossProfit": "1352610000", "totalRevenue": "1515107000", "costOfRevenue": "162497000", "costofGoodsAndServicesSold": "162497000", "operatingIncome": "720224000", "sellingGeneralAndAdministrative": "182258000", "researchAndDevelopment": "448528000", "operatingExpenses": "630786000", "investmentIncomeNet": "None", "netInterestIncome": "-1560000", "interestIncome": "12576000", "interestExpense": "14136000", "nonInterestIncome": "None", "otherNonOperatingIncome": "-48554000", "depreciation": "None", "depreciationAndAmortization": "26821000", "incomeBeforeTax": "657534000", "incomeTaxExpense": "54781000", "interestAndDebtExpense": "None", "netIncomeFromContinuingOperations": "602753000", "comprehensiveIncomeNetOfTax": "None", "ebit": "671670000", "ebitda": "698491000", "netIncome": "602753000"}, {"fiscalDateEnding": "2019-12-31", "reportedCurrency": "USD", "grossProfit": "1228253000", "totalRevenue": "1413265000", "costOfRevenue": "185012000", "costofGoodsAndServicesSold": "185012000", "operatingIncome": "551465000", "sellingGeneralAndAdministrative": "195277000", "researchAndDevelopment": "480011000", "operatingExpenses": "675288000", "investmentIncomeNet": "None", "netInterestIncome": "-1890000", "interestIncome": "12359000", "interestExpense": "14249000", "nonInterestIncome": "None", "otherNonOperatingIncome": "139734000", "depreciation": "None", "depreciationAndAmortization": "26256000", "incomeBeforeTax": "676950000", "incomeTaxExpense": "93716000", "interestAndDebtExpense": "None", "netIncomeFromContinuingOperations": "583234000", "comprehensiveIncomeNetOfTax": "None", "ebit": "691199000", "ebitda": "717455000", "netIncome": "583234000"}, {"fiscalDateEnding": "2019-09-30", "reportedCurrency": "USD", "grossProfit": "817914000", "totalRevenue": "949828000", "costOfRevenue": "131914000", "costofGoodsAndServicesSold": "131914000", "operatingIncome": "99333000", "sellingGeneralAndAdministrative": "159674000", "researchAndDevelopment": "555948000", "operatingExpenses": "715622000", "investmentIncomeNet": "None", "netInterestIncome": "3080000", "interestIncome": "17628000", "interestExpense": "14548000", "nonInterestIncome": "None", "otherNonOperatingIncome": "-14119000", "depreciation": "None", "depreciationAndAmortization": "25847000", "incomeBeforeTax": "70666000", "incomeTaxExpense": "13148000", "interestAndDebtExpense": "None", "netIncomeFromContinuingOperations": "57518000", "comprehensiveIncomeNetOfTax": "None", "ebit": "85214000", "ebitda": "111061000", "netIncome": "57518000"}, {"fiscalDateEnding": "2019-06-30", "reportedCurrency": "USD", "grossProfit": "805553000", "totalRevenue": "941293000", "costOfRevenue": "135740000", "costofGoodsAndServicesSold": "135740000", "operatingIncome": "269960000", "sellingGeneralAndAdministrative": "156502000", "researchAndDevelopment": "379091000", "operatingExpenses": "535593000", "investmentIncomeNet": "None", "netInterestIncome": "3239000", "interestIncome": "18076000", "interestExpense": "14837000", "nonInterestIncome": "None", "otherNonOperatingIncome": "72015000", "depreciation": "None", "depreciationAndAmortization": "27698000", "incomeBeforeTax": "327138000", "incomeTaxExpense": "59711000", "interestAndDebtExpense": "None", "netIncomeFromContinuingOperations": "267427000", "comprehensiveIncomeNetOfTax": "None", "ebit": "341975000", "ebitda": "369673000", "netIncome": "267427000"}, {"fiscalDateEnding": "2019-03-31", "reportedCurrency": "USD", "grossProfit": "763343000", "totalRevenue": "858435000", "costOfRevenue": "95092000", "costofGoodsAndServicesSold": "95092000", "operatingIncome": "276808000", "sellingGeneralAndAdministrative": "147045000", "researchAndDevelopment": "339490000", "operatingExpenses": "486535000", "investmentIncomeNet": "None", "netInterestIncome": "747000", "interestIncome": "3898000", "interestExpense": "14868000", "nonInterestIncome": "None", "otherNonOperatingIncome": "58225000", "depreciation": "None", "depreciationAndAmortization": "27140000", "incomeBeforeTax": "320165000", "incomeTaxExpense": "51534000", "interestAndDebtExpense": "None", "netIncomeFromContinuingOperations": "268631000", "comprehensiveIncomeNetOfTax": "None", "ebit": "335033000", "ebitda": "362173000", "netIncome": "268631000"}, {"fiscalDateEnding": "2018-12-31", "reportedCurrency": "USD", "grossProfit": "747817000", "totalRevenue": "870106000", "costOfRevenue": "122289000", "costofGoodsAndServicesSold": "122289000", "operatingIncome": "127722000", "sellingGeneralAndAdministrative": "153210000", "researchAndDevelopment": "437881000", "operatingExpenses": "591091000", "investmentIncomeNet": "None", "netInterestIncome": "None", "interestIncome": "None", "interestExpense": "4773000", "nonInterestIncome": "None", "otherNonOperatingIncome": "-90452000", "depreciation": "None", "depreciationAndAmortization": "18826000", "incomeBeforeTax": "32497000", "incomeTaxExpense": "-1492599000", "interestAndDebtExpense": "None", "netIncomeFromContinuingOperations": "1525059000", "comprehensiveIncomeNetOfTax": "None", "ebit": "37270000", "ebitda": "56096000", "netIncome": "1550527000"}, {"fiscalDateEnding": "2018-09-30", "reportedCurrency": "USD", "grossProfit": "673280000", "totalRevenue": "784535000", "costOfRevenue": "111255000", "costofGoodsAndServicesSold": "111255000", "operatingIncome": "205649000", "sellingGeneralAndAdministrative": "137295000", "researchAndDevelopment": "330510000", "operatingExpenses": "467805000", "investmentIncomeNet": "None", "netInterestIncome": "None", "interestIncome": "None", "interestExpense": "8143000", "nonInterestIncome": "None", "otherNonOperatingIncome": "-60995000", "depreciation": "None", "depreciationAndAmortization": "19192000", "incomeBeforeTax": "136511000", "incomeTaxExpense": "8055000", "interestAndDebtExpense": "None", "netIncomeFromContinuingOperations": "128411000", "comprehensiveIncomeNetOfTax": "None", "ebit": "144654000", "ebitda": "163846000", "netIncome": "128746000"}, {"fiscalDateEnding": "2018-06-30", "reportedCurrency": "USD", "grossProfit": "647775000", "totalRevenue": "752157000", "costOfRevenue": "104382000", "costofGoodsAndServicesSold": "104382000", "operatingIncome": "172878000", "sellingGeneralAndAdministrative": "137303000", "researchAndDevelopment": "337532000", "operatingExpenses": "474835000", "investmentIncomeNet": "None", "netInterestIncome": "None", "interestIncome": "None", "interestExpense": "10106000", "nonInterestIncome": "None", "otherNonOperatingIncome": "53819000", "depreciation": "None", "depreciationAndAmortization": "18059000", "incomeBeforeTax": "216591000", "incomeTaxExpense": "10341000", "interestAndDebtExpense": "None", "netIncomeFromContinuingOperations": "206291000", "comprehensiveIncomeNetOfTax": "None", "ebit": "226697000", "ebitda": "244756000", "netIncome": "207360000"}, {"fiscalDateEnding": "2018-03-31", "reportedCurrency": "USD", "grossProfit": "569186000", "totalRevenue": "640799000", "costOfRevenue": "71613000", "costofGoodsAndServicesSold": "71613000", "operatingIncome": "128901000", "sellingGeneralAndAdministrative": "129808000", "researchAndDevelopment": "310553000", "operatingExpenses": "440361000", "investmentIncomeNet": "None", "netInterestIncome": "None", "interestIncome": "None", "interestExpense": "11097000", "nonInterestIncome": "None", "otherNonOperatingIncome": "96838000", "depreciation": "None", "depreciationAndAmortization": "16343000", "incomeBeforeTax": "214642000", "incomeTaxExpense": "-12659000", "interestAndDebtExpense": "None", "netIncomeFromContinuingOperations": "227342000", "comprehensiveIncomeNetOfTax": "None", "ebit": "225739000", "ebitda": "242082000", "netIncome": "210263000"}, {"fiscalDateEnding": "2017-12-31", "reportedCurrency": "USD", "grossProfit": "567582000", "totalRevenue": "651634000", "costOfRevenue": "84052000", "costofGoodsAndServicesSold": "84052000", "operatingIncome": "125737000", "sellingGeneralAndAdministrative": "134794000", "researchAndDevelopment": "306664000", "operatingExpenses": "441458000", "investmentIncomeNet": "None", "netInterestIncome": "None", "interestIncome": "None", "interestExpense": "12547000", "nonInterestIncome": "None", "otherNonOperatingIncome": "-748000", "depreciation": "None", "depreciationAndAmortization": "16432000", "incomeBeforeTax": "112442000", "incomeTaxExpense": "10257000", "interestAndDebtExpense": "None", "netIncomeFromContinuingOperations": "102148000", "comprehensiveIncomeNetOfTax": "None", "ebit": "124989000", "ebitda": "141421000", "netIncome": "100684000"}, {"fiscalDateEnding": "2017-09-30", "reportedCurrency": "USD", "grossProfit": "505291000", "totalRevenue": "578165000", "costOfRevenue": "72874000", "costofGoodsAndServicesSold": "72874000", "operatingIncome": "-326043000", "sellingGeneralAndAdministrative": "120710000", "researchAndDevelopment": "454947000", "operatingExpenses": "575657000", "investmentIncomeNet": "None", "netInterestIncome": "None", "interestIncome": "None", "interestExpense": "13574000", "nonInterestIncome": "None", "otherNonOperatingIncome": "-77553000", "depreciation": "None", "depreciationAndAmortization": "15225000", "incomeBeforeTax": "-417170000", "incomeTaxExpense": "-125903000", "interestAndDebtExpense": "None", "netIncomeFromContinuingOperations": "-291267000", "comprehensiveIncomeNetOfTax": "None", "ebit": "-403596000", "ebitda": "-388371000", "netIncome": "-102952000"}, {"fiscalDateEnding": "2017-06-30", "reportedCurrency": "USD", "grossProfit": "472930000", "totalRevenue": "544135000", "costOfRevenue": "71205000", "costofGoodsAndServicesSold": "71205000", "operatingIncome": "52707000", "sellingGeneralAndAdministrative": "127249000", "researchAndDevelopment": "289451000", "operatingExpenses": "416700000", "investmentIncomeNet": "None", "netInterestIncome": "None", "interestIncome": "None", "interestExpense": "14664000", "nonInterestIncome": "None", "otherNonOperatingIncome": "-2537000", "depreciation": "None", "depreciationAndAmortization": "14890000", "incomeBeforeTax": "35506000", "incomeTaxExpense": "4337000", "interestAndDebtExpense": "None", "netIncomeFromContinuingOperations": "31206000", "comprehensiveIncomeNetOfTax": "None", "ebit": "50170000", "ebitda": "65060000", "netIncome": "17996000"}, {"fiscalDateEnding": "2017-03-31", "reportedCurrency": "USD", "grossProfit": "667730000", "totalRevenue": "714718000", "costOfRevenue": "46988000", "costofGoodsAndServicesSold": "46988000", "operatingIncome": "270842000", "sellingGeneralAndAdministrative": "113326000", "researchAndDevelopment": "273563000", "operatingExpenses": "386889000", "investmentIncomeNet": "None", "netInterestIncome": "None", "interestIncome": "None", "interestExpense": "16765000", "nonInterestIncome": "None", "otherNonOperatingIncome": "-544000", "depreciation": "None", "depreciationAndAmortization": "14850000", "incomeBeforeTax": "253533000", "incomeTaxExpense": "3985000", "interestAndDebtExpense": "None", "netIncomeFromContinuingOperations": "249548000", "comprehensiveIncomeNetOfTax": "None", "ebit": "270298000", "ebitda": "285148000", "netIncome": "247756000"}, {"fiscalDateEnding": "2016-12-31", "reportedCurrency": "USD", "grossProfit": "398224000", "totalRevenue": "458706000", "costOfRevenue": "60482000", "costofGoodsAndServicesSold": "60482000", "operatingIncome": "39640000", "sellingGeneralAndAdministrative": "109908000", "researchAndDevelopment": "248452000", "operatingExpenses": "358360000", "investmentIncomeNet": "None", "netInterestIncome": "None", "interestIncome": "None", "interestExpense": "20439000", "nonInterestIncome": "None", "otherNonOperatingIncome": "1105000", "depreciation": "None", "depreciationAndAmortization": "15451000", "incomeBeforeTax": "20306000", "incomeTaxExpense": "-7453000", "interestAndDebtExpense": "None", "netIncomeFromContinuingOperations": "27759000", "comprehensiveIncomeNetOfTax": "None", "ebit": "40745000", "ebitda": "56196000", "netIncome": "32945000"}, {"fiscalDateEnding": "2016-09-30", "reportedCurrency": "USD", "grossProfit": "359706000", "totalRevenue": "413783000", "costOfRevenue": "54077000", "costofGoodsAndServicesSold": "54077000", "operatingIncome": "-21727000", "sellingGeneralAndAdministrative": "106055000", "researchAndDevelopment": "275370000", "operatingExpenses": "381425000", "investmentIncomeNet": "None", "netInterestIncome": "None", "interestIncome": "None", "interestExpense": "20140000", "nonInterestIncome": "None", "otherNonOperatingIncome": "-167000", "depreciation": "None", "depreciationAndAmortization": "14569000", "incomeBeforeTax": "-42034000", "incomeTaxExpense": "503000", "interestAndDebtExpense": "None", "netIncomeFromContinuingOperations": "-39537000", "comprehensiveIncomeNetOfTax": "None", "ebit": "-18894000", "ebitda": "-4325000", "netIncome": "-41841000"}, {"fiscalDateEnding": "2016-06-30", "reportedCurrency": "USD", "grossProfit": "386356000", "totalRevenue": "431608000", "costOfRevenue": "45252000", "costofGoodsAndServicesSold": "45252000", "operatingIncome": "3353000", "sellingGeneralAndAdministrative": "111652000", "researchAndDevelopment": "271008000", "operatingExpenses": "382660000", "investmentIncomeNet": "None", "netInterestIncome": "None", "interestIncome": "None", "interestExpense": "20155000", "nonInterestIncome": "None", "otherNonOperatingIncome": "-1219000", "depreciation": "None", "depreciationAndAmortization": "14963000", "incomeBeforeTax": "-18021000", "incomeTaxExpense": "18130000", "interestAndDebtExpense": "None", "netIncomeFromContinuingOperations": "-36151000", "comprehensiveIncomeNetOfTax": "None", "ebit": "2134000", "ebitda": "17097000", "netIncome": "-64525000"}, {"fiscalDateEnding": "2016-03-31", "reportedCurrency": "USD", "grossProfit": "347431000", "totalRevenue": "398080000", "costOfRevenue": "50649000", "costofGoodsAndServicesSold": "50649000", "operatingIncome": "-14330000", "sellingGeneralAndAdministrative": "105214000", "researchAndDevelopment": "255860000", "operatingExpenses": "361074000", "investmentIncomeNet": "None", "netInterestIncome": "None", "interestIncome": "None", "interestExpense": "20698000", "nonInterestIncome": "None", "otherNonOperatingIncome": "4411000", "depreciation": "None", "depreciationAndAmortization": "16415000", "incomeBeforeTax": "-30617000", "incomeTaxExpense": "5485000", "interestAndDebtExpense": "None", "netIncomeFromContinuingOperations": "-36102000", "comprehensiveIncomeNetOfTax": "None", "ebit": "-13643000", "ebitda": "2772000", "netIncome": "-41631000"}, {"fiscalDateEnding": "2015-12-31", "reportedCurrency": "USD", "grossProfit": "353520000", "totalRevenue": "417935000", "costOfRevenue": "64415000", "costofGoodsAndServicesSold": "64415000", "operatingIncome": "-55487000", "sellingGeneralAndAdministrative": "96549000", "researchAndDevelopment": "310429000", "operatingExpenses": "407483000", "investmentIncomeNet": "None", "netInterestIncome": "None", "interestIncome": "None", "interestExpense": "20654000", "nonInterestIncome": "None", "otherNonOperatingIncome": "-1690000", "depreciation": "None", "depreciationAndAmortization": "15747000", "incomeBeforeTax": "-77829000", "incomeTaxExpense": "-1379000", "interestAndDebtExpense": "None", "netIncomeFromContinuingOperations": "-74669000", "comprehensiveIncomeNetOfTax": "None", "ebit": "-55394000", "ebitda": "-39647000", "netIncome": "-75512000"}, {"fiscalDateEnding": "2015-09-30", "reportedCurrency": "USD", "grossProfit": "277856000", "totalRevenue": "309816000", "costOfRevenue": "31960000", "costofGoodsAndServicesSold": "31960000", "operatingIncome": "-70026000", "sellingGeneralAndAdministrative": "99772000", "researchAndDevelopment": "246284000", "operatingExpenses": "346056000", "investmentIncomeNet": "None", "netInterestIncome": "None", "interestIncome": "None", "interestExpense": "21134000", "nonInterestIncome": "None", "otherNonOperatingIncome": "-1326000", "depreciation": "None", "depreciationAndAmortization": "16168000", "incomeBeforeTax": "-92486000", "incomeTaxExpense": "1330000", "interestAndDebtExpense": "None", "netIncomeFromContinuingOperations": "-93816000", "comprehensiveIncomeNetOfTax": "None", "ebit": "-71352000", "ebitda": "-55184000", "netIncome": "-95149000"}, {"fiscalDateEnding": "2015-06-30", "reportedCurrency": "USD", "grossProfit": "149216000", "totalRevenue": "166076000", "costOfRevenue": "16860000", "costofGoodsAndServicesSold": "16860000", "operatingIncome": "-171164000", "sellingGeneralAndAdministrative": "94394000", "researchAndDevelopment": "223858000", "operatingExpenses": "318252000", "investmentIncomeNet": "None", "netInterestIncome": "None", "interestIncome": "None", "interestExpense": "21111000", "nonInterestIncome": "None", "otherNonOperatingIncome": "1414000", "depreciation": "None", "depreciationAndAmortization": "14065000", "incomeBeforeTax": "-190861000", "incomeTaxExpense": "30131000", "interestAndDebtExpense": "None", "netIncomeFromContinuingOperations": "-220992000", "comprehensiveIncomeNetOfTax": "None", "ebit": "-169036000", "ebitda": "-154971000", "netIncome": "-188848000"}, {"fiscalDateEnding": "2015-03-31", "reportedCurrency": "USD", "grossProfit": "126202000", "totalRevenue": "138509000", "costOfRevenue": "12307000", "costofGoodsAndServicesSold": "12307000", "operatingIncome": "-171985000", "sellingGeneralAndAdministrative": "85860000", "researchAndDevelopment": "215599000", "operatingExpenses": "301459000", "investmentIncomeNet": "None", "netInterestIncome": "None", "interestIncome": "None", "interestExpense": "21307000", "nonInterestIncome": "None", "otherNonOperatingIncome": "-5113000", "depreciation": "None", "depreciationAndAmortization": "16363000", "incomeBeforeTax": "-198405000", "incomeTaxExpense": "299000", "interestAndDebtExpense": "None", "netIncomeFromContinuingOperations": "-198704000", "comprehensiveIncomeNetOfTax": "None", "ebit": "-175257000", "ebitda": "-158894000", "netIncome": "-198606000"}, {"fiscalDateEnding": "2014-12-31", "reportedCurrency": "USD", "grossProfit": "130529000", "totalRevenue": "144556000", "costOfRevenue": "14027000", "costofGoodsAndServicesSold": "14027000", "operatingIncome": "-153625000", "sellingGeneralAndAdministrative": "78527000", "researchAndDevelopment": "201463000", "operatingExpenses": "279990000", "investmentIncomeNet": "None", "netInterestIncome": "None", "interestIncome": "None", "interestExpense": "21177000", "nonInterestIncome": "None", "otherNonOperatingIncome": "-3792000", "depreciation": "None", "depreciationAndAmortization": "16336000", "incomeBeforeTax": "-178594000", "incomeTaxExpense": "2043000", "interestAndDebtExpense": "None", "netIncomeFromContinuingOperations": "-179998000", "comprehensiveIncomeNetOfTax": "None", "ebit": "-157417000", "ebitda": "-141081000", "netIncome": "-176656000"}, {"fiscalDateEnding": "2014-09-30", "reportedCurrency": "USD", "grossProfit": "164803000", "totalRevenue": "178987000", "costOfRevenue": "14184000", "costofGoodsAndServicesSold": "14184000", "operatingIncome": "-142203000", "sellingGeneralAndAdministrative": "75224000", "researchAndDevelopment": "190939000", "operatingExpenses": "266163000", "investmentIncomeNet": "None", "netInterestIncome": "None", "interestIncome": "None", "interestExpense": "20384000", "nonInterestIncome": "None", "otherNonOperatingIncome": "-3990000", "depreciation": "None", "depreciationAndAmortization": "16961000", "incomeBeforeTax": "-166577000", "incomeTaxExpense": "3419000", "interestAndDebtExpense": "None", "netIncomeFromContinuingOperations": "-169996000", "comprehensiveIncomeNetOfTax": "None", "ebit": "-146193000", "ebitda": "-129232000", "netIncome": "-170060000"}, {"fiscalDateEnding": "2014-06-30", "reportedCurrency": "USD", "grossProfit": "121121000", "totalRevenue": "138421000", "costOfRevenue": "17300000", "costofGoodsAndServicesSold": "17300000", "operatingIncome": "-180835000", "sellingGeneralAndAdministrative": "77446000", "researchAndDevelopment": "224780000", "operatingExpenses": "302226000", "investmentIncomeNet": "None", "netInterestIncome": "None", "interestIncome": "None", "interestExpense": "15585000", "nonInterestIncome": "None", "otherNonOperatingIncome": "37731000", "depreciation": "None", "depreciationAndAmortization": "14172000", "incomeBeforeTax": "-158689000", "incomeTaxExpense": "693000", "interestAndDebtExpense": "None", "netIncomeFromContinuingOperations": "-159382000", "comprehensiveIncomeNetOfTax": "None", "ebit": "-195007000", "ebitda": "-180835000", "netIncome": "-159382000"}, {"fiscalDateEnding": "2014-03-31", "reportedCurrency": "USD", "grossProfit": "102975000", "totalRevenue": "118451000", "costOfRevenue": "15476000", "costofGoodsAndServicesSold": "15476000", "operatingIncome": "-216388000", "sellingGeneralAndAdministrative": "74212000", "researchAndDevelopment": "238963000", "operatingExpenses": "313175000", "investmentIncomeNet": "None", "netInterestIncome": "None", "interestIncome": "None", "interestExpense": "15717000", "nonInterestIncome": "None", "otherNonOperatingIncome": "451000", "depreciation": "None", "depreciationAndAmortization": "15788000", "incomeBeforeTax": "-231654000", "incomeTaxExpense": "803000", "interestAndDebtExpense": "None", "netIncomeFromContinuingOperations": "-232457000", "comprehensiveIncomeNetOfTax": "None", "ebit": "-215591000", "ebitda": "-199803000", "netIncome": "-232457000"}, {"fiscalDateEnding": "2013-12-31", "reportedCurrency": "USD", "grossProfit": "328893000", "totalRevenue": "351157000", "costOfRevenue": "22264000", "costofGoodsAndServicesSold": "22264000", "operatingIncome": "-274162000", "sellingGeneralAndAdministrative": "75188000", "researchAndDevelopment": "249609000", "operatingExpenses": "324797000", "investmentIncomeNet": "None", "netInterestIncome": "None", "interestIncome": "None", "interestExpense": "26730000", "nonInterestIncome": "None", "otherNonOperatingIncome": "-43361000", "depreciation": "None", "depreciationAndAmortization": "17631000", "incomeBeforeTax": "-340253000", "incomeTaxExpense": "-155704000", "interestAndDebtExpense": "None", "netIncomeFromContinuingOperations": "-184549000", "comprehensiveIncomeNetOfTax": "None", "ebit": "-429036000", "ebitda": "-411405000", "netIncome": "44285000"}, {"fiscalDateEnding": "2013-09-30", "reportedCurrency": "USD", "grossProfit": "194361000", "totalRevenue": "221700000", "costOfRevenue": "27339000", "costofGoodsAndServicesSold": "27339000", "operatingIncome": "-134058000", "sellingGeneralAndAdministrative": "87754000", "researchAndDevelopment": "228567000", "operatingExpenses": "316371000", "investmentIncomeNet": "None", "netInterestIncome": "None", "interestIncome": "None", "interestExpense": "286000", "nonInterestIncome": "None", "otherNonOperatingIncome": "4652000", "depreciation": "None", "depreciationAndAmortization": "9489000", "incomeBeforeTax": "-129406000", "incomeTaxExpense": "-751000", "interestAndDebtExpense": "None", "netIncomeFromContinuingOperations": "-128662000", "comprehensiveIncomeNetOfTax": "None", "ebit": "-118805000", "ebitda": "-109316000", "netIncome": "-124125000"}, {"fiscalDateEnding": "2013-06-30", "reportedCurrency": "USD", "grossProfit": "272819000", "totalRevenue": "310750000", "costOfRevenue": "37931000", "costofGoodsAndServicesSold": "37931000", "operatingIncome": "-56933000", "sellingGeneralAndAdministrative": "106521000", "researchAndDevelopment": "222455000", "operatingExpenses": "328976000", "investmentIncomeNet": "None", "netInterestIncome": "None", "interestIncome": "None", "interestExpense": "6549000", "nonInterestIncome": "None", "otherNonOperatingIncome": "-6578000", "depreciation": "None", "depreciationAndAmortization": "10554000", "incomeBeforeTax": "-63511000", "incomeTaxExpense": "-1799000", "interestAndDebtExpense": "None", "netIncomeFromContinuingOperations": "-61712000", "comprehensiveIncomeNetOfTax": "None", "ebit": "-56960000", "ebitda": "-46406000", "netIncome": "-57165000"}, {"fiscalDateEnding": "2013-03-31", "reportedCurrency": "USD", "grossProfit": "285625000", "totalRevenue": "328368000", "costOfRevenue": "42743000", "costofGoodsAndServicesSold": "42743000", "operatingIncome": "-438288000", "sellingGeneralAndAdministrative": "92879000", "researchAndDevelopment": "218095000", "operatingExpenses": "310974000", "investmentIncomeNet": "None", "netInterestIncome": "None", "interestIncome": "None", "interestExpense": "4000000", "nonInterestIncome": "None", "otherNonOperatingIncome": "-4652000", "depreciation": "None", "depreciationAndAmortization": "10691000", "incomeBeforeTax": "-442940000", "incomeTaxExpense": "-130313000", "interestAndDebtExpense": "None", "netIncomeFromContinuingOperations": "-312627000", "comprehensiveIncomeNetOfTax": "None", "ebit": "-439475000", "ebitda": "-428784000", "netIncome": "-308016000"}, {"fiscalDateEnding": "2012-12-31", "reportedCurrency": "USD", "grossProfit": "246279000", "totalRevenue": "333994000", "costOfRevenue": "87715000", "costofGoodsAndServicesSold": "87715000", "operatingIncome": "-77476000", "sellingGeneralAndAdministrative": "110452000", "researchAndDevelopment": "213109000", "operatingExpenses": "323561000", "investmentIncomeNet": "None", "netInterestIncome": "None", "interestIncome": "None", "interestExpense": "3296000", "nonInterestIncome": "None", "otherNonOperatingIncome": "497000", "depreciation": "None", "depreciationAndAmortization": "12373000", "incomeBeforeTax": "-80772000", "incomeTaxExpense": "-2696000", "interestAndDebtExpense": "None", "netIncomeFromContinuingOperations": "-78076000", "comprehensiveIncomeNetOfTax": "None", "ebit": "-77282000", "ebitda": "-64909000", "netIncome": "-76148000"}, {"fiscalDateEnding": "2012-09-30", "reportedCurrency": "USD", "grossProfit": "297470000", "totalRevenue": "336006000", "costOfRevenue": "38536000", "costofGoodsAndServicesSold": "38536000", "operatingIncome": "-1071000", "sellingGeneralAndAdministrative": "97684000", "researchAndDevelopment": "200161000", "operatingExpenses": "297845000", "investmentIncomeNet": "None", "netInterestIncome": "None", "interestIncome": "None", "interestExpense": "4041000", "nonInterestIncome": "None", "otherNonOperatingIncome": "519000", "depreciation": "None", "depreciationAndAmortization": "8593000", "incomeBeforeTax": "-5112000", "incomeTaxExpense": "21355000", "interestAndDebtExpense": "None", "netIncomeFromContinuingOperations": "-26467000", "comprehensiveIncomeNetOfTax": "None", "ebit": "-375000", "ebitda": "8218000", "netIncome": "-57543000"}, {"fiscalDateEnding": "2012-06-30", "reportedCurrency": "USD", "grossProfit": "303882000", "totalRevenue": "418305000", "costOfRevenue": "114423000", "costofGoodsAndServicesSold": "114423000", "operatingIncome": "-10770000", "sellingGeneralAndAdministrative": "117514000", "researchAndDevelopment": "196544000", "operatingExpenses": "314058000", "investmentIncomeNet": "None", "netInterestIncome": "None", "interestIncome": "None", "interestExpense": "3635000", "nonInterestIncome": "None", "otherNonOperatingIncome": "560000", "depreciation": "None", "depreciationAndAmortization": "8665000", "incomeBeforeTax": "-14405000", "incomeTaxExpense": "20063000", "interestAndDebtExpense": "None", "netIncomeFromContinuingOperations": "-34468000", "comprehensiveIncomeNetOfTax": "None", "ebit": "-10176000", "ebitda": "-1511000", "netIncome": "-64931000"}, {"fiscalDateEnding": "2012-03-31", "reportedCurrency": "USD", "grossProfit": "399526000", "totalRevenue": "438737000", "costOfRevenue": "39211000", "costofGoodsAndServicesSold": "39211000", "operatingIncome": "91649000", "sellingGeneralAndAdministrative": "111146000", "researchAndDevelopment": "196371000", "operatingExpenses": "307517000", "investmentIncomeNet": "None", "netInterestIncome": "None", "interestIncome": "None", "interestExpense": "3741000", "nonInterestIncome": "None", "otherNonOperatingIncome": "364000", "depreciation": "None", "depreciationAndAmortization": "8560000", "incomeBeforeTax": "87908000", "incomeTaxExpense": "32000", "interestAndDebtExpense": "None", "netIncomeFromContinuingOperations": "87876000", "comprehensiveIncomeNetOfTax": "None", "ebit": "92008000", "ebitda": "100568000", "netIncome": "91590000"}, {"fiscalDateEnding": "2011-12-31", "reportedCurrency": "USD", "grossProfit": "533213000", "totalRevenue": "563340000", "costOfRevenue": "30127000", "costofGoodsAndServicesSold": "30127000", "operatingIncome": "223902000", "sellingGeneralAndAdministrative": "121881000", "researchAndDevelopment": "186438000", "operatingExpenses": "308319000", "investmentIncomeNet": "None", "netInterestIncome": "None", "interestIncome": "None", "interestExpense": "12430000", "nonInterestIncome": "None", "otherNonOperatingIncome": "-671000", "depreciation": "None", "depreciationAndAmortization": "9724000", "incomeBeforeTax": "210801000", "incomeTaxExpense": "22660000", "interestAndDebtExpense": "None", "netIncomeFromContinuingOperations": "188141000", "comprehensiveIncomeNetOfTax": "None", "ebit": "223231000", "ebitda": "232955000", "netIncome": "158629000"}, {"fiscalDateEnding": "2011-09-30", "reportedCurrency": "USD", "grossProfit": "620794000", "totalRevenue": "659200000", "costOfRevenue": "38406000", "costofGoodsAndServicesSold": "38406000", "operatingIncome": "215707000", "sellingGeneralAndAdministrative": "110654000", "researchAndDevelopment": "189052000", "operatingExpenses": "299706000", "investmentIncomeNet": "None", "netInterestIncome": "None", "interestIncome": "None", "interestExpense": "6982000", "nonInterestIncome": "None", "otherNonOperatingIncome": "-8038000", "depreciation": "None", "depreciationAndAmortization": "7750000", "incomeBeforeTax": "200610000", "incomeTaxExpense": "-27842000", "interestAndDebtExpense": "None", "netIncomeFromContinuingOperations": "228452000", "comprehensiveIncomeNetOfTax": "None", "ebit": "207669000", "ebitda": "215419000", "netIncome": "221110000"}, {"fiscalDateEnding": "2011-06-30", "reportedCurrency": "USD", "grossProfit": "105118000", "totalRevenue": "114424000", "costOfRevenue": "9306000", "costofGoodsAndServicesSold": "9306000", "operatingIncome": "-165890000", "sellingGeneralAndAdministrative": "96663000", "researchAndDevelopment": "172796000", "operatingExpenses": "270267000", "investmentIncomeNet": "None", "netInterestIncome": "None", "interestIncome": "None", "interestExpense": "6962000", "nonInterestIncome": "None", "otherNonOperatingIncome": "-2018000", "depreciation": "None", "depreciationAndAmortization": "8709000", "incomeBeforeTax": "-174870000", "incomeTaxExpense": "24448000", "interestAndDebtExpense": "None", "netIncomeFromContinuingOperations": "-199318000", "comprehensiveIncomeNetOfTax": "None", "ebit": "-174599000", "ebitda": "-165890000", "netIncome": "-174069000"}, {"fiscalDateEnding": "2011-03-31", "reportedCurrency": "USD", "grossProfit": "70996000", "totalRevenue": "73662000", "costOfRevenue": "2666000", "costofGoodsAndServicesSold": "2666000", "operatingIncome": "-159899000", "sellingGeneralAndAdministrative": "71523000", "researchAndDevelopment": "158612000", "operatingExpenses": "230135000", "investmentIncomeNet": "None", "netInterestIncome": "None", "interestIncome": "None", "interestExpense": "10599000", "nonInterestIncome": "None", "otherNonOperatingIncome": "-4196000", "depreciation": "None", "depreciationAndAmortization": "8858000", "incomeBeforeTax": "-176096000", "incomeTaxExpense": "8099000", "interestAndDebtExpense": "None", "netIncomeFromContinuingOperations": "-176096000", "comprehensiveIncomeNetOfTax": "None", "ebit": "-164095000", "ebitda": "-155237000", "netIncome": "-176096000"}, {"fiscalDateEnding": "2010-12-31", "reportedCurrency": "USD", "grossProfit": "62475000", "totalRevenue": "65524000", "costOfRevenue": "3049000", "costofGoodsAndServicesSold": "3049000", "operatingIncome": "-166634000", "sellingGeneralAndAdministrative": "62478000", "researchAndDevelopment": "168888000", "operatingExpenses": "231366000", "investmentIncomeNet": "None", "netInterestIncome": "None", "interestIncome": "None", "interestExpense": "7686000", "nonInterestIncome": "None", "otherNonOperatingIncome": "-6072000", "depreciation": "None", "depreciationAndAmortization": "8205000", "incomeBeforeTax": "-170972000", "incomeTaxExpense": "-29274000", "interestAndDebtExpense": "None", "netIncomeFromContinuingOperations": "-180392000", "comprehensiveIncomeNetOfTax": "None", "ebit": "-209666000", "ebitda": "-201461000", "netIncome": "-180392000"}, {"fiscalDateEnding": "2010-09-30", "reportedCurrency": "USD", "grossProfit": "20567000", "totalRevenue": "23795000", "costOfRevenue": "3228000", "costofGoodsAndServicesSold": "3228000", "operatingIncome": "-199588000", "sellingGeneralAndAdministrative": "48855000", "researchAndDevelopment": "170434000", "operatingExpenses": "219289000", "investmentIncomeNet": "None", "netInterestIncome": "None", "interestIncome": "None", "interestExpense": "3458000", "nonInterestIncome": "None", "otherNonOperatingIncome": "-5418000", "depreciation": "None", "depreciationAndAmortization": "6758000", "incomeBeforeTax": "-208957000", "incomeTaxExpense": "3477000", "interestAndDebtExpense": "None", "netIncomeFromContinuingOperations": "-208957000", "comprehensiveIncomeNetOfTax": "None", "ebit": "-206346000", "ebitda": "-199588000", "netIncome": "-208957000"}, {"fiscalDateEnding": "2010-06-30", "reportedCurrency": "USD", "grossProfit": "28536000", "totalRevenue": "31622000", "costOfRevenue": "3086000", "costofGoodsAndServicesSold": "3086000", "operatingIncome": "-169573000", "sellingGeneralAndAdministrative": "40915000", "researchAndDevelopment": "155082000", "operatingExpenses": "195997000", "investmentIncomeNet": "None", "netInterestIncome": "None", "interestIncome": "None", "interestExpense": "3199000", "nonInterestIncome": "None", "otherNonOperatingIncome": "-26750000", "depreciation": "None", "depreciationAndAmortization": "7912000", "incomeBeforeTax": "-200006000", "incomeTaxExpense": "24633000", "interestAndDebtExpense": "None", "netIncomeFromContinuingOperations": "-200006000", "comprehensiveIncomeNetOfTax": "None", "ebit": "-177485000", "ebitda": "-169573000", "netIncome": "-200006000"}, {"fiscalDateEnding": "2010-03-31", "reportedCurrency": "USD", "grossProfit": "19062000", "totalRevenue": "22429000", "costOfRevenue": "3367000", "costofGoodsAndServicesSold": "3367000", "operatingIncome": "-160282000", "sellingGeneralAndAdministrative": "35552000", "researchAndDevelopment": "143012000", "operatingExpenses": "178564000", "investmentIncomeNet": "None", "netInterestIncome": "None", "interestIncome": "None", "interestExpense": "3500000", "nonInterestIncome": "None", "otherNonOperatingIncome": "-1034000", "depreciation": "None", "depreciationAndAmortization": "7584000", "incomeBeforeTax": "-165271000", "incomeTaxExpense": "-1815000", "interestAndDebtExpense": "None", "netIncomeFromContinuingOperations": "-165271000", "comprehensiveIncomeNetOfTax": "None", "ebit": "-159502000", "ebitda": "-151918000", "netIncome": "-165271000"}, {"fiscalDateEnding": "2009-12-31", "reportedCurrency": "USD", "grossProfit": "30242000", "totalRevenue": "33889000", "costOfRevenue": "3647000", "costofGoodsAndServicesSold": "3647000", "operatingIncome": "-146719000", "sellingGeneralAndAdministrative": "32574000", "researchAndDevelopment": "135230000", "operatingExpenses": "167804000", "investmentIncomeNet": "None", "netInterestIncome": "None", "interestIncome": "None", "interestExpense": "4562000", "nonInterestIncome": "None", "otherNonOperatingIncome": "None", "depreciation": "None", "depreciationAndAmortization": "8383000", "incomeBeforeTax": "-642178000", "incomeTaxExpense": "-483534000", "interestAndDebtExpense": "None", "netIncomeFromContinuingOperations": "0", "comprehensiveIncomeNetOfTax": "None", "ebit": "-137562000", "ebitda": "-129179000", "netIncome": "-158644000"}, {"fiscalDateEnding": "2009-09-30", "reportedCurrency": "USD", "grossProfit": "21245000", "totalRevenue": "24957000", "costOfRevenue": "3712000", "costofGoodsAndServicesSold": "3712000", "operatingIncome": "-148233000", "sellingGeneralAndAdministrative": "36572000", "researchAndDevelopment": "132132000", "operatingExpenses": "168704000", "investmentIncomeNet": "None", "netInterestIncome": "None", "interestIncome": "None", "interestExpense": "1927000", "nonInterestIncome": "None", "otherNonOperatingIncome": "None", "depreciation": "None", "depreciationAndAmortization": "6815000", "incomeBeforeTax": "-149565000", "incomeTaxExpense": "-4709000", "interestAndDebtExpense": "None", "netIncomeFromContinuingOperations": "0", "comprehensiveIncomeNetOfTax": "None", "ebit": "-147459000", "ebitda": "-140644000", "netIncome": "-149565000"}, {"fiscalDateEnding": "2009-06-30", "reportedCurrency": "USD", "grossProfit": "15797000", "totalRevenue": "19064000", "costOfRevenue": "3267000", "costofGoodsAndServicesSold": "3267000", "operatingIncome": "-157167000", "sellingGeneralAndAdministrative": "32526000", "researchAndDevelopment": "139331000", "operatingExpenses": "171857000", "investmentIncomeNet": "None", "netInterestIncome": "None", "interestIncome": "None", "interestExpense": "3325000", "nonInterestIncome": "None", "otherNonOperatingIncome": "None", "depreciation": "None", "depreciationAndAmortization": "7745000", "incomeBeforeTax": "-171297000", "incomeTaxExpense": "7492000", "interestAndDebtExpense": "None", "netIncomeFromContinuingOperations": "0", "comprehensiveIncomeNetOfTax": "None", "ebit": "-156060000", "ebitda": "-148315000", "netIncome": "-171297000"}, {"fiscalDateEnding": "2009-03-31", "reportedCurrency": "USD", "grossProfit": "20403000", "totalRevenue": "23979000", "costOfRevenue": "3576000", "costofGoodsAndServicesSold": "3576000", "operatingIncome": "-161893000", "sellingGeneralAndAdministrative": "28520000", "researchAndDevelopment": "143581000", "operatingExpenses": "172101000", "investmentIncomeNet": "None", "netInterestIncome": "None", "interestIncome": "None", "interestExpense": "3378000", "nonInterestIncome": "None", "otherNonOperatingIncome": "None", "depreciation": "None", "depreciationAndAmortization": "7164000", "incomeBeforeTax": "-162672000", "incomeTaxExpense": "10974000", "interestAndDebtExpense": "None", "netIncomeFromContinuingOperations": "0", "comprehensiveIncomeNetOfTax": "None", "ebit": "-169057000", "ebitda": "-161893000", "netIncome": "-162672000"}, {"fiscalDateEnding": "2008-12-31", "reportedCurrency": "USD", "grossProfit": "28596000", "totalRevenue": "32811000", "costOfRevenue": "4215000", "costofGoodsAndServicesSold": "4215000", "operatingIncome": "-141863000", "sellingGeneralAndAdministrative": "24208000", "researchAndDevelopment": "144610000", "operatingExpenses": "168818000", "investmentIncomeNet": "None", "netInterestIncome": "None", "interestIncome": "None", "interestExpense": "3912000", "nonInterestIncome": "None", "otherNonOperatingIncome": "None", "depreciation": "None", "depreciationAndAmortization": "8575000", "incomeBeforeTax": "-143504000", "incomeTaxExpense": "2110000", "interestAndDebtExpense": "None", "netIncomeFromContinuingOperations": "0", "comprehensiveIncomeNetOfTax": "None", "ebit": "-140222000", "ebitda": "-131647000", "netIncome": "-142332000"}, {"fiscalDateEnding": "2008-09-30", "reportedCurrency": "USD", "grossProfit": "27415000", "totalRevenue": "31609000", "costOfRevenue": "4194000", "costofGoodsAndServicesSold": "4194000", "operatingIncome": "-130628000", "sellingGeneralAndAdministrative": "27190000", "researchAndDevelopment": "129968000", "operatingExpenses": "157158000", "investmentIncomeNet": "None", "netInterestIncome": "None", "interestIncome": "None", "interestExpense": "3812000", "nonInterestIncome": "None", "otherNonOperatingIncome": "None", "depreciation": "None", "depreciationAndAmortization": "7953000", "incomeBeforeTax": "-130044000", "incomeTaxExpense": "301000", "interestAndDebtExpense": "None", "netIncomeFromContinuingOperations": "0", "comprehensiveIncomeNetOfTax": "None", "ebit": "-129743000", "ebitda": "-121790000", "netIncome": "-130044000"}, {"fiscalDateEnding": "2008-06-30", "reportedCurrency": "USD", "grossProfit": "65708000", "totalRevenue": "69409000", "costOfRevenue": "3701000", "costofGoodsAndServicesSold": "3701000", "operatingIncome": "-91481000", "sellingGeneralAndAdministrative": "28889000", "researchAndDevelopment": "127132000", "operatingExpenses": "156021000", "investmentIncomeNet": "None", "netInterestIncome": "None", "interestIncome": "None", "interestExpense": "3833000", "nonInterestIncome": "None", "otherNonOperatingIncome": "None", "depreciation": "None", "depreciationAndAmortization": "8170000", "incomeBeforeTax": "-91321000", "incomeTaxExpense": "1008000", "interestAndDebtExpense": "None", "netIncomeFromContinuingOperations": "0", "comprehensiveIncomeNetOfTax": "None", "ebit": "-90313000", "ebitda": "-82143000", "netIncome": "-91321000"}, {"fiscalDateEnding": "2008-03-31", "reportedCurrency": "USD", "grossProfit": "38099000", "totalRevenue": "41675000", "costOfRevenue": "3576000", "costofGoodsAndServicesSold": "3576000", "operatingIncome": "-98736000", "sellingGeneralAndAdministrative": "21623000", "researchAndDevelopment": "114582000", "operatingExpenses": "136205000", "investmentIncomeNet": "None", "netInterestIncome": "None", "interestIncome": "None", "interestExpense": "1914000", "nonInterestIncome": "None", "otherNonOperatingIncome": "None", "depreciation": "None", "depreciationAndAmortization": "7498000", "incomeBeforeTax": "-96154000", "incomeTaxExpense": "-1952000", "interestAndDebtExpense": "None", "netIncomeFromContinuingOperations": "0", "comprehensiveIncomeNetOfTax": "None", "ebit": "-98106000", "ebitda": "-90608000", "netIncome": "-96154000"}, {"fiscalDateEnding": "2007-12-31", "reportedCurrency": "USD", "grossProfit": "47320000", "totalRevenue": "50992000", "costOfRevenue": "3672000", "costofGoodsAndServicesSold": "3672000", "operatingIncome": "-91748000", "sellingGeneralAndAdministrative": "23452000", "researchAndDevelopment": "115340000", "operatingExpenses": "138792000", "investmentIncomeNet": "None", "netInterestIncome": "None", "interestIncome": "None", "interestExpense": "1791000", "nonInterestIncome": "None", "otherNonOperatingIncome": "None", "depreciation": "None", "depreciationAndAmortization": "7451000", "incomeBeforeTax": "-92024000", "incomeTaxExpense": "-5721000", "interestAndDebtExpense": "None", "netIncomeFromContinuingOperations": "0", "comprehensiveIncomeNetOfTax": "None", "ebit": "-91472000", "ebitda": "-84021000", "netIncome": "-85751000"}, {"fiscalDateEnding": "2007-09-30", "reportedCurrency": "USD", "grossProfit": "37452000", "totalRevenue": "41014000", "costOfRevenue": "3562000", "costofGoodsAndServicesSold": "3562000", "operatingIncome": "-113795000", "sellingGeneralAndAdministrative": "21416000", "researchAndDevelopment": "128949000", "operatingExpenses": "150365000", "investmentIncomeNet": "None", "netInterestIncome": "None", "interestIncome": "None", "interestExpense": "494000", "nonInterestIncome": "None", "otherNonOperatingIncome": "None", "depreciation": "None", "depreciationAndAmortization": "6835000", "incomeBeforeTax": "-107033000", "incomeTaxExpense": "-5880000", "interestAndDebtExpense": "None", "netIncomeFromContinuingOperations": "0", "comprehensiveIncomeNetOfTax": "None", "ebit": "-112913000", "ebitda": "-106078000", "netIncome": "-107033000"}, {"fiscalDateEnding": "2007-06-30", "reportedCurrency": "USD", "grossProfit": "34795000", "totalRevenue": "38196000", "costOfRevenue": "3401000", "costofGoodsAndServicesSold": "3401000", "operatingIncome": "-125620000", "sellingGeneralAndAdministrative": "23322000", "researchAndDevelopment": "136187000", "operatingExpenses": "159509000", "investmentIncomeNet": "None", "netInterestIncome": "None", "interestIncome": "None", "interestExpense": "570000", "nonInterestIncome": "None", "otherNonOperatingIncome": "None", "depreciation": "None", "depreciationAndAmortization": "6852000", "incomeBeforeTax": "-117767000", "incomeTaxExpense": "-6947000", "interestAndDebtExpense": "None", "netIncomeFromContinuingOperations": "0", "comprehensiveIncomeNetOfTax": "None", "ebit": "-124714000", "ebitda": "-117862000", "netIncome": "-117767000"}, {"fiscalDateEnding": "2007-03-31", "reportedCurrency": "USD", "grossProfit": "65541000", "totalRevenue": "68810000", "costOfRevenue": "3269000", "costofGoodsAndServicesSold": "3269000", "operatingIncome": "-88629000", "sellingGeneralAndAdministrative": "16537000", "researchAndDevelopment": "132578000", "operatingExpenses": "149115000", "investmentIncomeNet": "None", "netInterestIncome": "None", "interestIncome": "None", "interestExpense": "1221000", "nonInterestIncome": "None", "otherNonOperatingIncome": "None", "depreciation": "None", "depreciationAndAmortization": "6321000", "incomeBeforeTax": "-80728000", "incomeTaxExpense": "-2846000", "interestAndDebtExpense": "None", "netIncomeFromContinuingOperations": "0", "comprehensiveIncomeNetOfTax": "None", "ebit": "-83574000", "ebitda": "-77253000", "netIncome": "-80728000"}, {"fiscalDateEnding": "2006-12-31", "reportedCurrency": "USD", "grossProfit": "91077000", "totalRevenue": "94254000", "costOfRevenue": "3177000", "costofGoodsAndServicesSold": "3177000", "operatingIncome": "-34933000", "sellingGeneralAndAdministrative": "15838000", "researchAndDevelopment": "109146000", "operatingExpenses": "124984000", "investmentIncomeNet": "None", "netInterestIncome": "None", "interestIncome": "None", "interestExpense": "7955000", "nonInterestIncome": "None", "otherNonOperatingIncome": "None", "depreciation": "None", "depreciationAndAmortization": "6875000", "incomeBeforeTax": "-206891000", "incomeTaxExpense": "-179547000", "interestAndDebtExpense": "None", "netIncomeFromContinuingOperations": "0", "comprehensiveIncomeNetOfTax": "None", "ebit": "-33907000", "ebitda": "-27032000", "netIncome": "-27344000"}, {"fiscalDateEnding": "2006-09-30", "reportedCurrency": "USD", "grossProfit": "50176000", "totalRevenue": "53289000", "costOfRevenue": "3113000", "costofGoodsAndServicesSold": "3113000", "operatingIncome": "-62127000", "sellingGeneralAndAdministrative": "14773000", "researchAndDevelopment": "96115000", "operatingExpenses": "110888000", "investmentIncomeNet": "None", "netInterestIncome": "None", "interestIncome": "None", "interestExpense": "1767000", "nonInterestIncome": "None", "otherNonOperatingIncome": "None", "depreciation": "None", "depreciationAndAmortization": "5934000", "incomeBeforeTax": "-51802000", "incomeTaxExpense": "-8910000", "interestAndDebtExpense": "None", "netIncomeFromContinuingOperations": "0", "comprehensiveIncomeNetOfTax": "None", "ebit": "-60712000", "ebitda": "-54778000", "netIncome": "-51802000"}, {"fiscalDateEnding": "2006-06-30", "reportedCurrency": "USD", "grossProfit": "26841000", "totalRevenue": "29726000", "costOfRevenue": "2885000", "costofGoodsAndServicesSold": "2885000", "operatingIncome": "-79222000", "sellingGeneralAndAdministrative": "14370000", "researchAndDevelopment": "91250000", "operatingExpenses": "105620000", "investmentIncomeNet": "None", "netInterestIncome": "None", "interestIncome": "None", "interestExpense": "2357000", "nonInterestIncome": "None", "otherNonOperatingIncome": "None", "depreciation": "None", "depreciationAndAmortization": "6809000", "incomeBeforeTax": "-77658000", "incomeTaxExpense": "-1121000", "interestAndDebtExpense": "None", "netIncomeFromContinuingOperations": "0", "comprehensiveIncomeNetOfTax": "None", "ebit": "-78779000", "ebitda": "-71970000", "netIncome": "-77658000"}, {"fiscalDateEnding": "2006-03-31", "reportedCurrency": "USD", "grossProfit": "36092000", "totalRevenue": "39087000", "costOfRevenue": "2995000", "costofGoodsAndServicesSold": "2995000", "operatingIncome": "-52756000", "sellingGeneralAndAdministrative": "12879000", "researchAndDevelopment": "75202000", "operatingExpenses": "88081000", "investmentIncomeNet": "None", "netInterestIncome": "None", "interestIncome": "None", "interestExpense": "2357000", "nonInterestIncome": "None", "otherNonOperatingIncome": "None", "depreciation": "None", "depreciationAndAmortization": "6250000", "incomeBeforeTax": "-50087000", "incomeTaxExpense": "-1902000", "interestAndDebtExpense": "None", "netIncomeFromContinuingOperations": "0", "comprehensiveIncomeNetOfTax": "None", "ebit": "-51989000", "ebitda": "-45739000", "netIncome": "-50087000"}, {"fiscalDateEnding": "2005-12-31", "reportedCurrency": "USD", "grossProfit": "60973000", "totalRevenue": "63756000", "costOfRevenue": "2783000", "costofGoodsAndServicesSold": "2783000", "operatingIncome": "-26394000", "sellingGeneralAndAdministrative": "12811000", "researchAndDevelopment": "68158000", "operatingExpenses": "80969000", "investmentIncomeNet": "None", "netInterestIncome": "None", "interestIncome": "None", "interestExpense": "3543000", "nonInterestIncome": "None", "otherNonOperatingIncome": "None", "depreciation": "None", "depreciationAndAmortization": "6889000", "incomeBeforeTax": "165286000", "incomeTaxExpense": "18135000", "interestAndDebtExpense": "None", "netIncomeFromContinuingOperations": "0", "comprehensiveIncomeNetOfTax": "None", "ebit": "-19996000", "ebitda": "-13107000", "netIncome": "-38131000"}, {"fiscalDateEnding": "2005-09-30", "reportedCurrency": "USD", "grossProfit": "33411000", "totalRevenue": "36207000", "costOfRevenue": "2796000", "costofGoodsAndServicesSold": "2796000", "operatingIncome": "-42482000", "sellingGeneralAndAdministrative": "10738000", "researchAndDevelopment": "63590000", "operatingExpenses": "74328000", "investmentIncomeNet": "None", "netInterestIncome": "None", "interestIncome": "None", "interestExpense": "4505000", "nonInterestIncome": "None", "otherNonOperatingIncome": "None", "depreciation": "None", "depreciationAndAmortization": "7029000", "incomeBeforeTax": "-79578000", "incomeTaxExpense": "38661000", "interestAndDebtExpense": "None", "netIncomeFromContinuingOperations": "0", "comprehensiveIncomeNetOfTax": "None", "ebit": "-40917000", "ebitda": "-33888000", "netIncome": "-79578000"}, {"fiscalDateEnding": "2005-06-30", "reportedCurrency": "USD", "grossProfit": "29832000", "totalRevenue": "32321000", "costOfRevenue": "2489000", "costofGoodsAndServicesSold": "2489000", "operatingIncome": "-38596000", "sellingGeneralAndAdministrative": "10814000", "researchAndDevelopment": "59357000", "operatingExpenses": "70171000", "investmentIncomeNet": "None", "netInterestIncome": "None", "interestIncome": "None", "interestExpense": "4639000", "nonInterestIncome": "None", "otherNonOperatingIncome": "None", "depreciation": "None", "depreciationAndAmortization": "6531000", "incomeBeforeTax": "-40988000", "incomeTaxExpense": "649000", "interestAndDebtExpense": "None", "netIncomeFromContinuingOperations": "0", "comprehensiveIncomeNetOfTax": "None", "ebit": "-45127000", "ebitda": "-38596000", "netIncome": "-40988000"}, {"fiscalDateEnding": "2005-03-31", "reportedCurrency": "USD", "grossProfit": "26576000", "totalRevenue": "28606000", "costOfRevenue": "2030000", "costofGoodsAndServicesSold": "2030000", "operatingIncome": "-42400000", "sellingGeneralAndAdministrative": "9627000", "researchAndDevelopment": "57435000", "operatingExpenses": "67062000", "investmentIncomeNet": "None", "netInterestIncome": "None", "interestIncome": "None", "interestExpense": "4639000", "nonInterestIncome": "None", "otherNonOperatingIncome": "None", "depreciation": "None", "depreciationAndAmortization": "6840000", "incomeBeforeTax": "-44720000", "incomeTaxExpense": "4234000", "interestAndDebtExpense": "None", "netIncomeFromContinuingOperations": "0", "comprehensiveIncomeNetOfTax": "None", "ebit": "-40486000", "ebitda": "-33646000", "netIncome": "-44720000"}, {"fiscalDateEnding": "2004-12-31", "reportedCurrency": "USD", "grossProfit": "37826000", "totalRevenue": "39835000", "costOfRevenue": "2009000", "costofGoodsAndServicesSold": "2009000", "operatingIncome": "-40436000", "sellingGeneralAndAdministrative": "11657000", "researchAndDevelopment": "54247000", "operatingExpenses": "65904000", "investmentIncomeNet": "None", "netInterestIncome": "None", "interestIncome": "None", "interestExpense": "4675000", "nonInterestIncome": "None", "otherNonOperatingIncome": "None", "depreciation": "None", "depreciationAndAmortization": "8023000", "incomeBeforeTax": "-35472000", "incomeTaxExpense": "14691000", "interestAndDebtExpense": "None", "netIncomeFromContinuingOperations": "0", "comprehensiveIncomeNetOfTax": "None", "ebit": "-28078000", "ebitda": "-20055000", "netIncome": "-42769000"}]}