{"symbol": "SWKS", "annualReports": [{"fiscalDateEnding": "2024-09-30", "reportedCurrency": "USD", "grossProfit": "1720800000", "totalRevenue": "4178000000", "costOfRevenue": "2457200000", "costofGoodsAndServicesSold": "2457200000", "operatingIncome": "637400000", "sellingGeneralAndAdministrative": "300800000", "researchAndDevelopment": "631700000", "operatingExpenses": "1083400000", "investmentIncomeNet": "None", "netInterestIncome": "-30700000", "interestIncome": "None", "interestExpense": "30700000", "nonInterestIncome": "None", "otherNonOperatingIncome": "None", "depreciation": "None", "depreciationAndAmortization": "451300000", "incomeBeforeTax": "636400000", "incomeTaxExpense": "40400000", "interestAndDebtExpense": "None", "netIncomeFromContinuingOperations": "596000000", "comprehensiveIncomeNetOfTax": "None", "ebit": "667100000", "ebitda": "1118400000", "netIncome": "596000000"}, {"fiscalDateEnding": "2023-09-30", "reportedCurrency": "USD", "grossProfit": "2107300000", "totalRevenue": "4772400000", "costOfRevenue": "2665100000", "costofGoodsAndServicesSold": "2665100000", "operatingIncome": "1125000000", "sellingGeneralAndAdministrative": "314000000", "researchAndDevelopment": "606800000", "operatingExpenses": "954000000", "investmentIncomeNet": "None", "netInterestIncome": "-64400000", "interestIncome": "None", "interestExpense": "64400000", "nonInterestIncome": "None", "otherNonOperatingIncome": "None", "depreciation": "None", "depreciationAndAmortization": "613700000", "incomeBeforeTax": "1078800000", "incomeTaxExpense": "96000000", "interestAndDebtExpense": "None", "netIncomeFromContinuingOperations": "982800000", "comprehensiveIncomeNetOfTax": "None", "ebit": "1143200000", "ebitda": "1756900000", "netIncome": "982800000"}, {"fiscalDateEnding": "2022-09-30", "reportedCurrency": "USD", "grossProfit": "2604300000", "totalRevenue": "5485500000", "costOfRevenue": "2881200000", "costofGoodsAndServicesSold": "2881200000", "operatingIncome": "1527000000", "sellingGeneralAndAdministrative": "329800000", "researchAndDevelopment": "617900000", "operatingExpenses": "1046600000", "investmentIncomeNet": "None", "netInterestIncome": "-47900000", "interestIncome": "None", "interestExpense": "47900000", "nonInterestIncome": "None", "otherNonOperatingIncome": "-2500000", "depreciation": "None", "depreciationAndAmortization": "690100000", "incomeBeforeTax": "1476600000", "incomeTaxExpense": "201400000", "interestAndDebtExpense": "None", "netIncomeFromContinuingOperations": "1275200000", "comprehensiveIncomeNetOfTax": "None", "ebit": "1524500000", "ebitda": "2214600000", "netIncome": "1275200000"}, {"fiscalDateEnding": "2021-09-30", "reportedCurrency": "USD", "grossProfit": "2512400000", "totalRevenue": "5109100000", "costOfRevenue": "2596700000", "costofGoodsAndServicesSold": "2596700000", "operatingIncome": "1612700000", "sellingGeneralAndAdministrative": "322500000", "researchAndDevelopment": "532300000", "operatingExpenses": "890800000", "investmentIncomeNet": "None", "netInterestIncome": "-13400000", "interestIncome": "1200000", "interestExpense": "13400000", "nonInterestIncome": "None", "otherNonOperatingIncome": "-600000", "depreciation": "None", "depreciationAndAmortization": "436700000", "incomeBeforeTax": "1598700000", "incomeTaxExpense": "100400000", "interestAndDebtExpense": "None", "netIncomeFromContinuingOperations": "1498300000", "comprehensiveIncomeNetOfTax": "None", "ebit": "1612100000", "ebitda": "2048800000", "netIncome": "1498300000"}, {"fiscalDateEnding": "2020-09-30", "reportedCurrency": "USD", "grossProfit": "1612900000", "totalRevenue": "3355700000", "costOfRevenue": "1742800000", "costofGoodsAndServicesSold": "1742800000", "operatingIncome": "891800000", "sellingGeneralAndAdministrative": "231000000", "researchAndDevelopment": "464100000", "operatingExpenses": "707300000", "investmentIncomeNet": "None", "netInterestIncome": "0", "interestIncome": "9600000", "interestExpense": "27700000", "nonInterestIncome": "None", "otherNonOperatingIncome": "-100000", "depreciation": "None", "depreciationAndAmortization": "364300000", "incomeBeforeTax": "891700000", "incomeTaxExpense": "76900000", "interestAndDebtExpense": "None", "netIncomeFromContinuingOperations": "814800000", "comprehensiveIncomeNetOfTax": "None", "ebit": "919400000", "ebitda": "1283700000", "netIncome": "814800000"}, {"fiscalDateEnding": "2019-09-30", "reportedCurrency": "USD", "grossProfit": "1603800000", "totalRevenue": "3376800000", "costOfRevenue": "1773000000", "costofGoodsAndServicesSold": "1773000000", "operatingIncome": "952000000", "sellingGeneralAndAdministrative": "198300000", "researchAndDevelopment": "424100000", "operatingExpenses": "645000000", "investmentIncomeNet": "None", "netInterestIncome": "None", "interestIncome": "18800000", "interestExpense": "4600000", "nonInterestIncome": "None", "otherNonOperatingIncome": "9000000", "depreciation": "None", "depreciationAndAmortization": "171860", "incomeBeforeTax": "961000000", "incomeTaxExpense": "107400000", "interestAndDebtExpense": "None", "netIncomeFromContinuingOperations": "853600000", "comprehensiveIncomeNetOfTax": "None", "ebit": "1337028140", "ebitda": "1337200000", "netIncome": "853600000"}, {"fiscalDateEnding": "2018-09-30", "reportedCurrency": "USD", "grossProfit": "1950700000", "totalRevenue": "3868000000", "costOfRevenue": "1917300000", "costofGoodsAndServicesSold": "1917300000", "operatingIncome": "1319300000", "sellingGeneralAndAdministrative": "207800000", "researchAndDevelopment": "404500000", "operatingExpenses": "630600000", "investmentIncomeNet": "None", "netInterestIncome": "None", "interestIncome": "None", "interestExpense": "11200000", "nonInterestIncome": "None", "otherNonOperatingIncome": "12800000", "depreciation": "None", "depreciationAndAmortization": "161141", "incomeBeforeTax": "1332100000", "incomeTaxExpense": "413700000", "interestAndDebtExpense": "None", "netIncomeFromContinuingOperations": "918400000", "comprehensiveIncomeNetOfTax": "None", "ebit": "1619938859", "ebitda": "1620100000", "netIncome": "918400000"}, {"fiscalDateEnding": "2017-09-30", "reportedCurrency": "USD", "grossProfit": "1841800000", "totalRevenue": "3651400000", "costOfRevenue": "1809600000", "costofGoodsAndServicesSold": "1809600000", "operatingIncome": "1253800000", "sellingGeneralAndAdministrative": "204600000", "researchAndDevelopment": "355200000", "operatingExpenses": "587400000", "investmentIncomeNet": "None", "netInterestIncome": "None", "interestIncome": "None", "interestExpense": "2000000", "nonInterestIncome": "None", "otherNonOperatingIncome": "3200000", "depreciation": "None", "depreciationAndAmortization": "52516", "incomeBeforeTax": "1257000000", "incomeTaxExpense": "246800000", "interestAndDebtExpense": "None", "netIncomeFromContinuingOperations": "1010200000", "comprehensiveIncomeNetOfTax": "None", "ebit": "1509747484", "ebitda": "1509800000", "netIncome": "1010200000"}, {"fiscalDateEnding": "2016-09-30", "reportedCurrency": "USD", "grossProfit": "1665200000", "totalRevenue": "3289000000", "costOfRevenue": "1623800000", "costofGoodsAndServicesSold": "1623800000", "operatingIncome": "1118700000", "sellingGeneralAndAdministrative": "195900000", "researchAndDevelopment": "312400000", "operatingExpenses": "541700000", "investmentIncomeNet": "None", "netInterestIncome": "None", "interestIncome": "None", "interestExpense": "160800000", "nonInterestIncome": "None", "otherNonOperatingIncome": "-6600000", "depreciation": "None", "depreciationAndAmortization": "22816", "incomeBeforeTax": "1200600000", "incomeTaxExpense": "205400000", "interestAndDebtExpense": "None", "netIncomeFromContinuingOperations": "995200000", "comprehensiveIncomeNetOfTax": "None", "ebit": "1287577184", "ebitda": "1287600000", "netIncome": "995200000"}, {"fiscalDateEnding": "2015-09-30", "reportedCurrency": "USD", "grossProfit": "1554500000", "totalRevenue": "3258400000", "costOfRevenue": "1703900000", "costofGoodsAndServicesSold": "1703900000", "operatingIncome": "1023100000", "sellingGeneralAndAdministrative": "191300000", "researchAndDevelopment": "303200000", "operatingExpenses": "528000000", "investmentIncomeNet": "None", "netInterestIncome": "None", "interestIncome": "None", "interestExpense": "6300000", "nonInterestIncome": "None", "otherNonOperatingIncome": "500000", "depreciation": "None", "depreciationAndAmortization": "33500000", "incomeBeforeTax": "1023600000", "incomeTaxExpense": "225300000", "interestAndDebtExpense": "None", "netIncomeFromContinuingOperations": "798300000", "comprehensiveIncomeNetOfTax": "None", "ebit": "1029900000", "ebitda": "1063400000", "netIncome": "798300000"}, {"fiscalDateEnding": "2014-09-30", "reportedCurrency": "USD", "grossProfit": "1022700000", "totalRevenue": "2291500000", "costOfRevenue": "1268800000", "costofGoodsAndServicesSold": "1268800000", "operatingIncome": "565200000", "sellingGeneralAndAdministrative": "171800000", "researchAndDevelopment": "252200000", "operatingExpenses": "457200000", "investmentIncomeNet": "None", "netInterestIncome": "None", "interestIncome": "None", "interestExpense": "600000", "nonInterestIncome": "None", "otherNonOperatingIncome": "None", "depreciation": "None", "depreciationAndAmortization": "25900000", "incomeBeforeTax": "565200000", "incomeTaxExpense": "107500000", "interestAndDebtExpense": "None", "netIncomeFromContinuingOperations": "457700000", "comprehensiveIncomeNetOfTax": "None", "ebit": "565800000", "ebitda": "591700000", "netIncome": "457700000"}, {"fiscalDateEnding": "2013-09-30", "reportedCurrency": "USD", "grossProfit": "766600000", "totalRevenue": "1792000000", "costOfRevenue": "1025400000", "costofGoodsAndServicesSold": "1025400000", "operatingIncome": "345100000", "sellingGeneralAndAdministrative": "159700000", "researchAndDevelopment": "226300000", "operatingExpenses": "415100000", "investmentIncomeNet": "None", "netInterestIncome": "None", "interestIncome": "None", "interestExpense": "6400000", "nonInterestIncome": "None", "otherNonOperatingIncome": "-600000", "depreciation": "None", "depreciationAndAmortization": "29100000", "incomeBeforeTax": "344500000", "incomeTaxExpense": "66400000", "interestAndDebtExpense": "None", "netIncomeFromContinuingOperations": "278100000", "comprehensiveIncomeNetOfTax": "None", "ebit": "350900000", "ebitda": "380000000", "netIncome": "278100000"}, {"fiscalDateEnding": "2012-09-30", "reportedCurrency": "USD", "grossProfit": "667097000", "totalRevenue": "1568581000", "costOfRevenue": "901484000", "costofGoodsAndServicesSold": "901484000", "operatingIncome": "255634000", "sellingGeneralAndAdministrative": "136300000", "researchAndDevelopment": "212534000", "operatingExpenses": "403711000", "investmentIncomeNet": "None", "netInterestIncome": "None", "interestIncome": "None", "interestExpense": "667000", "nonInterestIncome": "None", "otherNonOperatingIncome": "9000", "depreciation": "None", "depreciationAndAmortization": "32744000", "incomeBeforeTax": "254976000", "incomeTaxExpense": "52898000", "interestAndDebtExpense": "None", "netIncomeFromContinuingOperations": "202078000", "comprehensiveIncomeNetOfTax": "None", "ebit": "263256000", "ebitda": "296000000", "netIncome": "202078000"}, {"fiscalDateEnding": "2011-09-30", "reportedCurrency": "USD", "grossProfit": "620304000", "totalRevenue": "1418922000", "costOfRevenue": "798618000", "costofGoodsAndServicesSold": "798618000", "operatingIncome": "295324000", "sellingGeneralAndAdministrative": "137238000", "researchAndDevelopment": "168637000", "operatingExpenses": "322617000", "investmentIncomeNet": "None", "netInterestIncome": "None", "interestIncome": "None", "interestExpense": "1936000", "nonInterestIncome": "None", "otherNonOperatingIncome": "498000", "depreciation": "None", "depreciationAndAmortization": "16742000", "incomeBeforeTax": "293886000", "incomeTaxExpense": "67301000", "interestAndDebtExpense": "None", "netIncomeFromContinuingOperations": "226585000", "comprehensiveIncomeNetOfTax": "None", "ebit": "297687000", "ebitda": "314429000", "netIncome": "226585000"}, {"fiscalDateEnding": "2010-09-30", "reportedCurrency": "USD", "grossProfit": "456833000", "totalRevenue": "1071849000", "costOfRevenue": "615016000", "costofGoodsAndServicesSold": "615016000", "operatingIncome": "199744000", "sellingGeneralAndAdministrative": "117900000", "researchAndDevelopment": "134140000", "operatingExpenses": "258129000", "investmentIncomeNet": "None", "netInterestIncome": "None", "interestIncome": "None", "interestExpense": "4246000", "nonInterestIncome": "None", "otherNonOperatingIncome": "-424000", "depreciation": "None", "depreciationAndAmortization": "6136000", "incomeBeforeTax": "195074000", "incomeTaxExpense": "57780000", "interestAndDebtExpense": "None", "netIncomeFromContinuingOperations": "137294000", "comprehensiveIncomeNetOfTax": "None", "ebit": "198704000", "ebitda": "204840000", "netIncome": "137294000"}, {"fiscalDateEnding": "2009-09-30", "reportedCurrency": "USD", "grossProfit": "318220000", "totalRevenue": "802577000", "costOfRevenue": "484357000", "costofGoodsAndServicesSold": "484357000", "operatingIncome": "71703000", "sellingGeneralAndAdministrative": "100400000", "researchAndDevelopment": "123996000", "operatingExpenses": "230535000", "investmentIncomeNet": "None", "netInterestIncome": "None", "interestIncome": "None", "interestExpense": "3644000", "nonInterestIncome": "None", "otherNonOperatingIncome": "None", "depreciation": "None", "depreciationAndAmortization": "50531000", "incomeBeforeTax": "65746000", "incomeTaxExpense": "-27543000", "interestAndDebtExpense": "None", "netIncomeFromContinuingOperations": "None", "comprehensiveIncomeNetOfTax": "None", "ebit": "87685000", "ebitda": "138216000", "netIncome": "93289000"}, {"fiscalDateEnding": "2008-09-30", "reportedCurrency": "USD", "grossProfit": "342963000", "totalRevenue": "860017000", "costOfRevenue": "517054000", "costofGoodsAndServicesSold": "517054000", "operatingIncome": "90371000", "sellingGeneralAndAdministrative": "100000000", "researchAndDevelopment": "146013000", "operatingExpenses": "252025000", "investmentIncomeNet": "None", "netInterestIncome": "None", "interestIncome": "None", "interestExpense": "10170000", "nonInterestIncome": "None", "otherNonOperatingIncome": "None", "depreciation": "None", "depreciationAndAmortization": "53398000", "incomeBeforeTax": "82188000", "incomeTaxExpense": "-28818000", "interestAndDebtExpense": "None", "netIncomeFromContinuingOperations": "None", "comprehensiveIncomeNetOfTax": "None", "ebit": "92358000", "ebitda": "145756000", "netIncome": "111006000"}, {"fiscalDateEnding": "2007-09-30", "reportedCurrency": "USD", "grossProfit": "287385000", "totalRevenue": "741744000", "costOfRevenue": "454359000", "costofGoodsAndServicesSold": "454359000", "operatingIncome": "58486000", "sellingGeneralAndAdministrative": "95000000", "researchAndDevelopment": "126075000", "operatingExpenses": "223169000", "investmentIncomeNet": "None", "netInterestIncome": "None", "interestIncome": "None", "interestExpense": "2302000", "nonInterestIncome": "None", "otherNonOperatingIncome": "None", "depreciation": "None", "depreciationAndAmortization": "43692000", "incomeBeforeTax": "56770000", "incomeTaxExpense": "-880000", "interestAndDebtExpense": "None", "netIncomeFromContinuingOperations": "None", "comprehensiveIncomeNetOfTax": "None", "ebit": "59072000", "ebitda": "102764000", "netIncome": "57650000"}, {"fiscalDateEnding": "2006-09-30", "reportedCurrency": "USD", "grossProfit": "262679000", "totalRevenue": "773750000", "costOfRevenue": "511071000", "costofGoodsAndServicesSold": "511071000", "operatingIncome": "-66327000", "sellingGeneralAndAdministrative": "135800000", "researchAndDevelopment": "164106000", "operatingExpenses": "302051000", "investmentIncomeNet": "None", "netInterestIncome": "None", "interestIncome": "None", "interestExpense": "52007000", "nonInterestIncome": "None", "otherNonOperatingIncome": "None", "depreciation": "None", "depreciationAndAmortization": "42353000", "incomeBeforeTax": "-72774000", "incomeTaxExpense": "15378000", "interestAndDebtExpense": "None", "netIncomeFromContinuingOperations": "None", "comprehensiveIncomeNetOfTax": "None", "ebit": "-20767000", "ebitda": "21586000", "netIncome": "-88152000"}, {"fiscalDateEnding": "2005-09-30", "reportedCurrency": "USD", "grossProfit": "307772000", "totalRevenue": "792371000", "costOfRevenue": "484599000", "costofGoodsAndServicesSold": "484599000", "operatingIncome": "50133000", "sellingGeneralAndAdministrative": "103070000", "researchAndDevelopment": "152215000", "operatingExpenses": "257639000", "investmentIncomeNet": "None", "netInterestIncome": "None", "interestIncome": "None", "interestExpense": "3691000", "nonInterestIncome": "None", "otherNonOperatingIncome": "None", "depreciation": "None", "depreciationAndAmortization": "41227000", "incomeBeforeTax": "40989000", "incomeTaxExpense": "15378000", "interestAndDebtExpense": "None", "netIncomeFromContinuingOperations": "None", "comprehensiveIncomeNetOfTax": "None", "ebit": "44680000", "ebitda": "85907000", "netIncome": "25611000"}], "quarterlyReports": [{"fiscalDateEnding": "2024-12-31", "reportedCurrency": "USD", "grossProfit": "441900000", "totalRevenue": "1068500000", "costOfRevenue": "626600000", "costofGoodsAndServicesSold": "626600000", "operatingIncome": "181100000", "sellingGeneralAndAdministrative": "82600000", "researchAndDevelopment": "176400000", "operatingExpenses": "260800000", "investmentIncomeNet": "None", "netInterestIncome": "-6800000", "interestIncome": "None", "interestExpense": "6800000", "nonInterestIncome": "None", "otherNonOperatingIncome": "None", "depreciation": "None", "depreciationAndAmortization": "-2500000", "incomeBeforeTax": "190400000", "incomeTaxExpense": "28400000", "interestAndDebtExpense": "None", "netIncomeFromContinuingOperations": "162000000", "comprehensiveIncomeNetOfTax": "None", "ebit": "183600000", "ebitda": "181100000", "netIncome": "162000000"}, {"fiscalDateEnding": "2024-09-30", "reportedCurrency": "USD", "grossProfit": "429799999", "totalRevenue": "1024900000", "costOfRevenue": "595100000", "costofGoodsAndServicesSold": "595100000", "operatingIncome": "59500000", "sellingGeneralAndAdministrative": "74100000", "researchAndDevelopment": "163600000", "operatingExpenses": "370400000", "investmentIncomeNet": "None", "netInterestIncome": "-6900000", "interestIncome": "None", "interestExpense": "6900000", "nonInterestIncome": "None", "otherNonOperatingIncome": "None", "depreciation": "None", "depreciationAndAmortization": "115400000", "incomeBeforeTax": "58400000", "incomeTaxExpense": "-2100000", "interestAndDebtExpense": "None", "netIncomeFromContinuingOperations": "60500000", "comprehensiveIncomeNetOfTax": "None", "ebit": "65300000", "ebitda": "180700000", "netIncome": "60500000"}, {"fiscalDateEnding": "2024-06-30", "reportedCurrency": "USD", "grossProfit": "364100000", "totalRevenue": "905500000", "costOfRevenue": "541400000", "costofGoodsAndServicesSold": "541400000", "operatingIncome": "132000000", "sellingGeneralAndAdministrative": "71200000", "researchAndDevelopment": "160700000", "operatingExpenses": "231900000", "investmentIncomeNet": "None", "netInterestIncome": "-6600000", "interestIncome": "None", "interestExpense": "6600000", "nonInterestIncome": "None", "otherNonOperatingIncome": "None", "depreciation": "None", "depreciationAndAmortization": "112300000", "incomeBeforeTax": "133400000", "incomeTaxExpense": "12500000", "interestAndDebtExpense": "None", "netIncomeFromContinuingOperations": "120900000", "comprehensiveIncomeNetOfTax": "None", "ebit": "140000000", "ebitda": "252300000", "netIncome": "120900000"}, {"fiscalDateEnding": "2024-03-31", "reportedCurrency": "USD", "grossProfit": "420100000", "totalRevenue": "1046000000", "costOfRevenue": "625900000", "costofGoodsAndServicesSold": "625900000", "operatingIncome": "188900000", "sellingGeneralAndAdministrative": "76800000", "researchAndDevelopment": "154400000", "operatingExpenses": "231200000", "investmentIncomeNet": "None", "netInterestIncome": "-7100000", "interestIncome": "None", "interestExpense": "7100000", "nonInterestIncome": "None", "otherNonOperatingIncome": "None", "depreciation": "None", "depreciationAndAmortization": "110800000", "incomeBeforeTax": "192900000", "incomeTaxExpense": "9600000", "interestAndDebtExpense": "None", "netIncomeFromContinuingOperations": "183300000", "comprehensiveIncomeNetOfTax": "None", "ebit": "200000000", "ebitda": "310800000", "netIncome": "183300000"}, {"fiscalDateEnding": "2023-12-31", "reportedCurrency": "USD", "grossProfit": "506600000", "totalRevenue": "1201500000", "costOfRevenue": "694900000", "costofGoodsAndServicesSold": "694900000", "operatingIncome": "258300000", "sellingGeneralAndAdministrative": "77200000", "researchAndDevelopment": "153100000", "operatingExpenses": "232100000", "investmentIncomeNet": "None", "netInterestIncome": "-10000000", "interestIncome": "None", "interestExpense": "10000000", "nonInterestIncome": "None", "otherNonOperatingIncome": "None", "depreciation": "None", "depreciationAndAmortization": "112800000", "incomeBeforeTax": "251700000", "incomeTaxExpense": "20400000", "interestAndDebtExpense": "None", "netIncomeFromContinuingOperations": "231300000", "comprehensiveIncomeNetOfTax": "None", "ebit": "261700000", "ebitda": "374500000", "netIncome": "231300000"}, {"fiscalDateEnding": "2023-09-30", "reportedCurrency": "USD", "grossProfit": "478200000", "totalRevenue": "1218800000", "costOfRevenue": "740600000", "costofGoodsAndServicesSold": "740600000", "operatingIncome": "254000000", "sellingGeneralAndAdministrative": "77200000", "researchAndDevelopment": "146700000", "operatingExpenses": "223900000", "investmentIncomeNet": "None", "netInterestIncome": "-12400000", "interestIncome": "None", "interestExpense": "12400000", "nonInterestIncome": "None", "otherNonOperatingIncome": "None", "depreciation": "None", "depreciationAndAmortization": "43812", "incomeBeforeTax": "246200000", "incomeTaxExpense": "1400000", "interestAndDebtExpense": "None", "netIncomeFromContinuingOperations": "244800000", "comprehensiveIncomeNetOfTax": "None", "ebit": "402056188", "ebitda": "402100000", "netIncome": "244800000"}, {"fiscalDateEnding": "2023-06-30", "reportedCurrency": "USD", "grossProfit": "464100000", "totalRevenue": "1071200000", "costOfRevenue": "607100000", "costofGoodsAndServicesSold": "607100000", "operatingIncome": "230700000", "sellingGeneralAndAdministrative": "77200000", "researchAndDevelopment": "148000000", "operatingExpenses": "229000000", "investmentIncomeNet": "None", "netInterestIncome": "-16200000", "interestIncome": "None", "interestExpense": "16200000", "nonInterestIncome": "None", "otherNonOperatingIncome": "7600000", "depreciation": "None", "depreciationAndAmortization": "-39586", "incomeBeforeTax": "222100000", "incomeTaxExpense": "26300000", "interestAndDebtExpense": "None", "netIncomeFromContinuingOperations": "195800000", "comprehensiveIncomeNetOfTax": "None", "ebit": "391439586", "ebitda": "391400000", "netIncome": "195800000"}, {"fiscalDateEnding": "2023-03-31", "reportedCurrency": "USD", "grossProfit": "527400000", "totalRevenue": "1153100000", "costOfRevenue": "625700000", "costofGoodsAndServicesSold": "625700000", "operatingIncome": "273300000", "sellingGeneralAndAdministrative": "79000000", "researchAndDevelopment": "148200000", "operatingExpenses": "231000000", "investmentIncomeNet": "None", "netInterestIncome": "-18900000", "interestIncome": "None", "interestExpense": "18900000", "nonInterestIncome": "None", "otherNonOperatingIncome": "5400000", "depreciation": "None", "depreciationAndAmortization": "122085", "incomeBeforeTax": "259800000", "incomeTaxExpense": "27000000", "interestAndDebtExpense": "None", "netIncomeFromContinuingOperations": "232800000", "comprehensiveIncomeNetOfTax": "None", "ebit": "452177915", "ebitda": "452300000", "netIncome": "232800000"}, {"fiscalDateEnding": "2022-12-31", "reportedCurrency": "USD", "grossProfit": "637700000", "totalRevenue": "1329300000", "costOfRevenue": "691600000", "costofGoodsAndServicesSold": "691600000", "operatingIncome": "367000000", "sellingGeneralAndAdministrative": "84500000", "researchAndDevelopment": "163900000", "operatingExpenses": "270300000", "investmentIncomeNet": "None", "netInterestIncome": "-16900000", "interestIncome": "None", "interestExpense": "16900000", "nonInterestIncome": "None", "otherNonOperatingIncome": "600000", "depreciation": "None", "depreciationAndAmortization": "41584", "incomeBeforeTax": "350700000", "incomeTaxExpense": "41300000", "interestAndDebtExpense": "None", "netIncomeFromContinuingOperations": "309400000", "comprehensiveIncomeNetOfTax": "None", "ebit": "539358416", "ebitda": "539400000", "netIncome": "309400000"}, {"fiscalDateEnding": "2022-09-30", "reportedCurrency": "USD", "grossProfit": "668600000", "totalRevenue": "1407000000", "costOfRevenue": "738400000", "costofGoodsAndServicesSold": "738400000", "operatingIncome": "388000000", "sellingGeneralAndAdministrative": "87700000", "researchAndDevelopment": "149500000", "operatingExpenses": "259100000", "investmentIncomeNet": "None", "netInterestIncome": "-14300000", "interestIncome": "None", "interestExpense": "14300000", "nonInterestIncome": "None", "otherNonOperatingIncome": "-1500000", "depreciation": "None", "depreciationAndAmortization": "54880", "incomeBeforeTax": "372200000", "incomeTaxExpense": "70000000", "interestAndDebtExpense": "None", "netIncomeFromContinuingOperations": "302200000", "comprehensiveIncomeNetOfTax": "None", "ebit": "589345120", "ebitda": "589400000", "netIncome": "302200000"}, {"fiscalDateEnding": "2022-06-30", "reportedCurrency": "USD", "grossProfit": "583300000", "totalRevenue": "1232600000", "costOfRevenue": "649300000", "costofGoodsAndServicesSold": "649300000", "operatingIncome": "325800000", "sellingGeneralAndAdministrative": "77000000", "researchAndDevelopment": "156500000", "operatingExpenses": "255400000", "investmentIncomeNet": "None", "netInterestIncome": "-11300000", "interestIncome": "None", "interestExpense": "11300000", "nonInterestIncome": "None", "otherNonOperatingIncome": "-400000", "depreciation": "None", "depreciationAndAmortization": "27081", "incomeBeforeTax": "314100000", "incomeTaxExpense": "46800000", "interestAndDebtExpense": "None", "netIncomeFromContinuingOperations": "267300000", "comprehensiveIncomeNetOfTax": "None", "ebit": "490372919", "ebitda": "490400000", "netIncome": "267300000"}, {"fiscalDateEnding": "2022-03-31", "reportedCurrency": "USD", "grossProfit": "637600000", "totalRevenue": "1335600000", "costOfRevenue": "698000000", "costofGoodsAndServicesSold": "698000000", "operatingIncome": "367300000", "sellingGeneralAndAdministrative": "83000000", "researchAndDevelopment": "160700000", "operatingExpenses": "265600000", "investmentIncomeNet": "None", "netInterestIncome": "-11400000", "interestIncome": "None", "interestExpense": "11400000", "nonInterestIncome": "None", "otherNonOperatingIncome": "-1800000", "depreciation": "None", "depreciationAndAmortization": "86065", "incomeBeforeTax": "354100000", "incomeTaxExpense": "48300000", "interestAndDebtExpense": "None", "netIncomeFromContinuingOperations": "305800000", "comprehensiveIncomeNetOfTax": "None", "ebit": "534513935", "ebitda": "534600000", "netIncome": "305800000"}, {"fiscalDateEnding": "2021-12-31", "reportedCurrency": "USD", "grossProfit": "714700000", "totalRevenue": "1510400000", "costOfRevenue": "795700000", "costofGoodsAndServicesSold": "795700000", "operatingIncome": "445900000", "sellingGeneralAndAdministrative": "82000000", "researchAndDevelopment": "151100000", "operatingExpenses": "266400000", "investmentIncomeNet": "None", "netInterestIncome": "-11000000", "interestIncome": "None", "interestExpense": "11000000", "nonInterestIncome": "None", "otherNonOperatingIncome": "1200000", "depreciation": "None", "depreciationAndAmortization": "60459", "incomeBeforeTax": "436100000", "incomeTaxExpense": "36200000", "interestAndDebtExpense": "None", "netIncomeFromContinuingOperations": "399900000", "comprehensiveIncomeNetOfTax": "None", "ebit": "630939541", "ebitda": "631000000", "netIncome": "399900000"}, {"fiscalDateEnding": "2021-09-30", "reportedCurrency": "USD", "grossProfit": "613700000", "totalRevenue": "1310900000", "costOfRevenue": "697200000", "costofGoodsAndServicesSold": "697200000", "operatingIncome": "327500000", "sellingGeneralAndAdministrative": "100500000", "researchAndDevelopment": "149200000", "operatingExpenses": "277800000", "investmentIncomeNet": "None", "netInterestIncome": "-10800000", "interestIncome": "100000", "interestExpense": "10800000", "nonInterestIncome": "None", "otherNonOperatingIncome": "-600000", "depreciation": "None", "depreciationAndAmortization": "71391", "incomeBeforeTax": "316200000", "incomeTaxExpense": "-10100000", "interestAndDebtExpense": "None", "netIncomeFromContinuingOperations": "326300000", "comprehensiveIncomeNetOfTax": "None", "ebit": "505228609", "ebitda": "505300000", "netIncome": "326300000"}, {"fiscalDateEnding": "2021-06-30", "reportedCurrency": "USD", "grossProfit": "558600000", "totalRevenue": "1116400000", "costOfRevenue": "557800000", "costofGoodsAndServicesSold": "557800000", "operatingIncome": "339800000", "sellingGeneralAndAdministrative": "85100000", "researchAndDevelopment": "130800000", "operatingExpenses": "218300000", "investmentIncomeNet": "None", "netInterestIncome": "-2600000", "interestIncome": "300000", "interestExpense": "2600000", "nonInterestIncome": "None", "otherNonOperatingIncome": "-1000000", "depreciation": "None", "depreciationAndAmortization": "54000", "incomeBeforeTax": "336200000", "incomeTaxExpense": "-1600000", "interestAndDebtExpense": "None", "netIncomeFromContinuingOperations": "337800000", "comprehensiveIncomeNetOfTax": "None", "ebit": "430246000", "ebitda": "430300000", "netIncome": "337800000"}, {"fiscalDateEnding": "2021-03-31", "reportedCurrency": "USD", "grossProfit": "578400000", "totalRevenue": "1171800000", "costOfRevenue": "593400000", "costofGoodsAndServicesSold": "593400000", "operatingIncome": "374700000", "sellingGeneralAndAdministrative": "70000000", "researchAndDevelopment": "130700000", "operatingExpenses": "203700000", "investmentIncomeNet": "None", "netInterestIncome": "None", "interestIncome": "None", "interestExpense": "800000", "nonInterestIncome": "None", "otherNonOperatingIncome": "800000", "depreciation": "None", "depreciationAndAmortization": "55806", "incomeBeforeTax": "375500000", "incomeTaxExpense": "50500000", "interestAndDebtExpense": "None", "netIncomeFromContinuingOperations": "325000000", "comprehensiveIncomeNetOfTax": "None", "ebit": "463944194", "ebitda": "464000000", "netIncome": "325000000"}, {"fiscalDateEnding": "2020-12-31", "reportedCurrency": "USD", "grossProfit": "761700000", "totalRevenue": "1510000000", "costOfRevenue": "748300000", "costofGoodsAndServicesSold": "748300000", "operatingIncome": "570700000", "sellingGeneralAndAdministrative": "66000000", "researchAndDevelopment": "121600000", "operatingExpenses": "191000000", "investmentIncomeNet": "None", "netInterestIncome": "None", "interestIncome": "None", "interestExpense": "200000", "nonInterestIncome": "None", "otherNonOperatingIncome": "200000", "depreciation": "None", "depreciationAndAmortization": "55213", "incomeBeforeTax": "570900000", "incomeTaxExpense": "61600000", "interestAndDebtExpense": "None", "netIncomeFromContinuingOperations": "509300000", "comprehensiveIncomeNetOfTax": "None", "ebit": "657044787", "ebitda": "657100000", "netIncome": "509300000"}, {"fiscalDateEnding": "2020-09-30", "reportedCurrency": "USD", "grossProfit": "458900000", "totalRevenue": "956800000", "costOfRevenue": "497900000", "costofGoodsAndServicesSold": "497900000", "operatingIncome": "267600000", "sellingGeneralAndAdministrative": "176000000", "researchAndDevelopment": "126300000", "operatingExpenses": "191300000", "investmentIncomeNet": "None", "netInterestIncome": "None", "interestIncome": "None", "interestExpense": "1500000", "nonInterestIncome": "None", "otherNonOperatingIncome": "-1500000", "depreciation": "None", "depreciationAndAmortization": "55131", "incomeBeforeTax": "266100000", "incomeTaxExpense": "19200000", "interestAndDebtExpense": "None", "netIncomeFromContinuingOperations": "246900000", "comprehensiveIncomeNetOfTax": "None", "ebit": "358344869", "ebitda": "358400000", "netIncome": "246900000"}, {"fiscalDateEnding": "2020-06-30", "reportedCurrency": "USD", "grossProfit": "334100000", "totalRevenue": "736800000", "costOfRevenue": "402700000", "costofGoodsAndServicesSold": "402700000", "operatingIncome": "147500000", "sellingGeneralAndAdministrative": "55000000", "researchAndDevelopment": "117000000", "operatingExpenses": "174800000", "investmentIncomeNet": "None", "netInterestIncome": "None", "interestIncome": "None", "interestExpense": "27100000", "nonInterestIncome": "None", "otherNonOperatingIncome": "-3500000", "depreciation": "None", "depreciationAndAmortization": "52750", "incomeBeforeTax": "144000000", "incomeTaxExpense": "14300000", "interestAndDebtExpense": "None", "netIncomeFromContinuingOperations": "129700000", "comprehensiveIncomeNetOfTax": "None", "ebit": "261647250", "ebitda": "261700000", "netIncome": "129700000"}, {"fiscalDateEnding": "2020-03-31", "reportedCurrency": "USD", "grossProfit": "375600000", "totalRevenue": "766100000", "costOfRevenue": "390500000", "costofGoodsAndServicesSold": "390500000", "operatingIncome": "199500000", "sellingGeneralAndAdministrative": "58600000", "researchAndDevelopment": "113200000", "operatingExpenses": "174900000", "investmentIncomeNet": "None", "netInterestIncome": "None", "interestIncome": "None", "interestExpense": "1100000", "nonInterestIncome": "None", "otherNonOperatingIncome": "3500000", "depreciation": "None", "depreciationAndAmortization": "51116", "incomeBeforeTax": "203000000", "incomeTaxExpense": "21900000", "interestAndDebtExpense": "None", "netIncomeFromContinuingOperations": "181100000", "comprehensiveIncomeNetOfTax": "None", "ebit": "293648884", "ebitda": "293700000", "netIncome": "181100000"}, {"fiscalDateEnding": "2019-12-31", "reportedCurrency": "USD", "grossProfit": "444300000", "totalRevenue": "896100000", "costOfRevenue": "451800000", "costofGoodsAndServicesSold": "451800000", "operatingIncome": "277300000", "sellingGeneralAndAdministrative": "55400000", "researchAndDevelopment": "107700000", "operatingExpenses": "166200000", "investmentIncomeNet": "None", "netInterestIncome": "None", "interestIncome": "None", "interestExpense": "200000", "nonInterestIncome": "None", "otherNonOperatingIncome": "1400000", "depreciation": "None", "depreciationAndAmortization": "47300", "incomeBeforeTax": "278700000", "incomeTaxExpense": "21600000", "interestAndDebtExpense": "None", "netIncomeFromContinuingOperations": "257100000", "comprehensiveIncomeNetOfTax": "None", "ebit": "370052700", "ebitda": "370100000", "netIncome": "257100000"}, {"fiscalDateEnding": "2019-09-30", "reportedCurrency": "USD", "grossProfit": "406000000", "totalRevenue": "827400000", "costOfRevenue": "421400000", "costofGoodsAndServicesSold": "421400000", "operatingIncome": "233900000", "sellingGeneralAndAdministrative": "55800000", "researchAndDevelopment": "106800000", "operatingExpenses": "166600000", "investmentIncomeNet": "None", "netInterestIncome": "None", "interestIncome": "None", "interestExpense": "10900000", "nonInterestIncome": "None", "otherNonOperatingIncome": "100000", "depreciation": "None", "depreciationAndAmortization": "46467", "incomeBeforeTax": "234000000", "incomeTaxExpense": "23400000", "interestAndDebtExpense": "None", "netIncomeFromContinuingOperations": "210600000", "comprehensiveIncomeNetOfTax": "None", "ebit": "337753533", "ebitda": "337800000", "netIncome": "210600000"}, {"fiscalDateEnding": "2019-06-30", "reportedCurrency": "USD", "grossProfit": "312500000", "totalRevenue": "767000000", "costOfRevenue": "454500000", "costofGoodsAndServicesSold": "454500000", "operatingIncome": "159600000", "sellingGeneralAndAdministrative": "46800000", "researchAndDevelopment": "100600000", "operatingExpenses": "152900000", "investmentIncomeNet": "None", "netInterestIncome": "None", "interestIncome": "None", "interestExpense": "2300000", "nonInterestIncome": "None", "otherNonOperatingIncome": "2300000", "depreciation": "None", "depreciationAndAmortization": "44646", "incomeBeforeTax": "161900000", "incomeTaxExpense": "17800000", "interestAndDebtExpense": "None", "netIncomeFromContinuingOperations": "144100000", "comprehensiveIncomeNetOfTax": "None", "ebit": "253255354", "ebitda": "253300000", "netIncome": "144100000"}, {"fiscalDateEnding": "2019-03-31", "reportedCurrency": "USD", "grossProfit": "400200000", "totalRevenue": "810400000", "costOfRevenue": "410200000", "costofGoodsAndServicesSold": "410200000", "operatingIncome": "237600000", "sellingGeneralAndAdministrative": "47900000", "researchAndDevelopment": "107500000", "operatingExpenses": "161100000", "investmentIncomeNet": "None", "netInterestIncome": "None", "interestIncome": "None", "interestExpense": "700000", "nonInterestIncome": "None", "otherNonOperatingIncome": "3700000", "depreciation": "None", "depreciationAndAmortization": "40963", "incomeBeforeTax": "241300000", "incomeTaxExpense": "27300000", "interestAndDebtExpense": "None", "netIncomeFromContinuingOperations": "214000000", "comprehensiveIncomeNetOfTax": "None", "ebit": "332559037", "ebitda": "332600000", "netIncome": "214000000"}, {"fiscalDateEnding": "2018-12-31", "reportedCurrency": "USD", "grossProfit": "485100000", "totalRevenue": "972000000", "costOfRevenue": "486900000", "costofGoodsAndServicesSold": "486900000", "operatingIncome": "320900000", "sellingGeneralAndAdministrative": "47800000", "researchAndDevelopment": "109200000", "operatingExpenses": "164400000", "investmentIncomeNet": "None", "netInterestIncome": "None", "interestIncome": "None", "interestExpense": "3300000", "nonInterestIncome": "None", "otherNonOperatingIncome": "2900000", "depreciation": "None", "depreciationAndAmortization": "40374", "incomeBeforeTax": "323800000", "incomeTaxExpense": "38900000", "interestAndDebtExpense": "None", "netIncomeFromContinuingOperations": "284900000", "comprehensiveIncomeNetOfTax": "None", "ebit": "413459626", "ebitda": "413500000", "netIncome": "284900000"}, {"fiscalDateEnding": "2018-09-30", "reportedCurrency": "USD", "grossProfit": "503600000", "totalRevenue": "1008400000", "costOfRevenue": "504800000", "costofGoodsAndServicesSold": "504800000", "operatingIncome": "340100000", "sellingGeneralAndAdministrative": "54400000", "researchAndDevelopment": "103000000", "operatingExpenses": "163700000", "investmentIncomeNet": "None", "netInterestIncome": "None", "interestIncome": "None", "interestExpense": "3700000", "nonInterestIncome": "None", "otherNonOperatingIncome": "3300000", "depreciation": "None", "depreciationAndAmortization": "83800000", "incomeBeforeTax": "343400000", "incomeTaxExpense": "57900000", "interestAndDebtExpense": "None", "netIncomeFromContinuingOperations": "285500000", "comprehensiveIncomeNetOfTax": "None", "ebit": "339700000", "ebitda": "423500000", "netIncome": "285500000"}, {"fiscalDateEnding": "2018-06-30", "reportedCurrency": "USD", "grossProfit": "451600000", "totalRevenue": "894300000", "costOfRevenue": "442700000", "costofGoodsAndServicesSold": "442700000", "operatingIncome": "306300000", "sellingGeneralAndAdministrative": "44600000", "researchAndDevelopment": "96800000", "operatingExpenses": "145300000", "investmentIncomeNet": "None", "netInterestIncome": "None", "interestIncome": "None", "interestExpense": "4500000", "nonInterestIncome": "None", "otherNonOperatingIncome": "4500000", "depreciation": "None", "depreciationAndAmortization": "74700000", "incomeBeforeTax": "310800000", "incomeTaxExpense": "24300000", "interestAndDebtExpense": "None", "netIncomeFromContinuingOperations": "286500000", "comprehensiveIncomeNetOfTax": "None", "ebit": "306300000", "ebitda": "381000000", "netIncome": "286500000"}, {"fiscalDateEnding": "2018-03-31", "reportedCurrency": "USD", "grossProfit": "458700000", "totalRevenue": "913400000", "costOfRevenue": "454700000", "costofGoodsAndServicesSold": "454700000", "operatingIncome": "289400000", "sellingGeneralAndAdministrative": "57500000", "researchAndDevelopment": "106700000", "operatingExpenses": "168300000", "investmentIncomeNet": "None", "netInterestIncome": "None", "interestIncome": "None", "interestExpense": "900000", "nonInterestIncome": "None", "otherNonOperatingIncome": "2900000", "depreciation": "None", "depreciationAndAmortization": "71600000", "incomeBeforeTax": "292300000", "incomeTaxExpense": "16300000", "interestAndDebtExpense": "None", "netIncomeFromContinuingOperations": "276000000", "comprehensiveIncomeNetOfTax": "None", "ebit": "291400000", "ebitda": "363000000", "netIncome": "276000000"}, {"fiscalDateEnding": "2017-12-31", "reportedCurrency": "USD", "grossProfit": "536800000", "totalRevenue": "1051900000", "costOfRevenue": "515100000", "costofGoodsAndServicesSold": "515100000", "operatingIncome": "383500000", "sellingGeneralAndAdministrative": "51300000", "researchAndDevelopment": "98000000", "operatingExpenses": "153300000", "investmentIncomeNet": "None", "netInterestIncome": "None", "interestIncome": "None", "interestExpense": "2100000", "nonInterestIncome": "None", "otherNonOperatingIncome": "2100000", "depreciation": "None", "depreciationAndAmortization": "69100000", "incomeBeforeTax": "385600000", "incomeTaxExpense": "315200000", "interestAndDebtExpense": "None", "netIncomeFromContinuingOperations": "70400000", "comprehensiveIncomeNetOfTax": "None", "ebit": "383500000", "ebitda": "452600000", "netIncome": "70400000"}, {"fiscalDateEnding": "2017-09-30", "reportedCurrency": "USD", "grossProfit": "498900000", "totalRevenue": "984600000", "costOfRevenue": "485700000", "costofGoodsAndServicesSold": "485700000", "operatingIncome": "345900000", "sellingGeneralAndAdministrative": "56400000", "researchAndDevelopment": "91800000", "operatingExpenses": "153200000", "investmentIncomeNet": "None", "netInterestIncome": "None", "interestIncome": "None", "interestExpense": "2200000", "nonInterestIncome": "None", "otherNonOperatingIncome": "1800000", "depreciation": "None", "depreciationAndAmortization": "65400000", "incomeBeforeTax": "347700000", "incomeTaxExpense": "66400000", "interestAndDebtExpense": "None", "netIncomeFromContinuingOperations": "281300000", "comprehensiveIncomeNetOfTax": "None", "ebit": "345500000", "ebitda": "410900000", "netIncome": "281300000"}, {"fiscalDateEnding": "2017-06-30", "reportedCurrency": "USD", "grossProfit": "453600000", "totalRevenue": "900800000", "costOfRevenue": "447200000", "costofGoodsAndServicesSold": "447200000", "operatingIncome": "304800000", "sellingGeneralAndAdministrative": "49500000", "researchAndDevelopment": "92000000", "operatingExpenses": "148600000", "investmentIncomeNet": "None", "netInterestIncome": "None", "interestIncome": "None", "interestExpense": "1600000", "nonInterestIncome": "None", "otherNonOperatingIncome": "2000000", "depreciation": "None", "depreciationAndAmortization": "62700000", "incomeBeforeTax": "306800000", "incomeTaxExpense": "60600000", "interestAndDebtExpense": "None", "netIncomeFromContinuingOperations": "246200000", "comprehensiveIncomeNetOfTax": "None", "ebit": "305200000", "ebitda": "367900000", "netIncome": "246200000"}, {"fiscalDateEnding": "2017-03-31", "reportedCurrency": "USD", "grossProfit": "425400000", "totalRevenue": "851700000", "costOfRevenue": "426300000", "costofGoodsAndServicesSold": "426300000", "operatingIncome": "281200000", "sellingGeneralAndAdministrative": "47800000", "researchAndDevelopment": "89400000", "operatingExpenses": "144200000", "investmentIncomeNet": "None", "netInterestIncome": "None", "interestIncome": "None", "interestExpense": "200000", "nonInterestIncome": "None", "otherNonOperatingIncome": "200000", "depreciation": "None", "depreciationAndAmortization": "62900000", "incomeBeforeTax": "281400000", "incomeTaxExpense": "56500000", "interestAndDebtExpense": "None", "netIncomeFromContinuingOperations": "224900000", "comprehensiveIncomeNetOfTax": "None", "ebit": "281200000", "ebitda": "344100000", "netIncome": "224900000"}, {"fiscalDateEnding": "2016-12-31", "reportedCurrency": "USD", "grossProfit": "463900000", "totalRevenue": "914300000", "costOfRevenue": "450400000", "costofGoodsAndServicesSold": "450400000", "operatingIncome": "321900000", "sellingGeneralAndAdministrative": "50900000", "researchAndDevelopment": "82000000", "operatingExpenses": "141400000", "investmentIncomeNet": "None", "netInterestIncome": "None", "interestIncome": "None", "interestExpense": "2000000", "nonInterestIncome": "None", "otherNonOperatingIncome": "-800000", "depreciation": "None", "depreciationAndAmortization": "63800000", "incomeBeforeTax": "321100000", "incomeTaxExpense": "63300000", "interestAndDebtExpense": "None", "netIncomeFromContinuingOperations": "257800000", "comprehensiveIncomeNetOfTax": "None", "ebit": "323100000", "ebitda": "386900000", "netIncome": "257800000"}, {"fiscalDateEnding": "2016-09-30", "reportedCurrency": "USD", "grossProfit": "424400000", "totalRevenue": "835400000", "costOfRevenue": "411000000", "costofGoodsAndServicesSold": "411000000", "operatingIncome": "291900000", "sellingGeneralAndAdministrative": "53300000", "researchAndDevelopment": "73200000", "operatingExpenses": "132900000", "investmentIncomeNet": "None", "netInterestIncome": "None", "interestIncome": "None", "interestExpense": "800000", "nonInterestIncome": "None", "otherNonOperatingIncome": "-800000", "depreciation": "None", "depreciationAndAmortization": "61200000", "incomeBeforeTax": "291100000", "incomeTaxExpense": "44300000", "interestAndDebtExpense": "None", "netIncomeFromContinuingOperations": "246800000", "comprehensiveIncomeNetOfTax": "None", "ebit": "291100000", "ebitda": "352300000", "netIncome": "246800000"}, {"fiscalDateEnding": "2016-06-30", "reportedCurrency": "USD", "grossProfit": "378300000", "totalRevenue": "751700000", "costOfRevenue": "373400000", "costofGoodsAndServicesSold": "373400000", "operatingIncome": "238600000", "sellingGeneralAndAdministrative": "46900000", "researchAndDevelopment": "77900000", "operatingExpenses": "134800000", "investmentIncomeNet": "None", "netInterestIncome": "None", "interestIncome": "None", "interestExpense": "12200000", "nonInterestIncome": "None", "otherNonOperatingIncome": "-2400000", "depreciation": "None", "depreciationAndAmortization": "10000000", "incomeBeforeTax": "236200000", "incomeTaxExpense": "51200000", "interestAndDebtExpense": "None", "netIncomeFromContinuingOperations": "185000000", "comprehensiveIncomeNetOfTax": "None", "ebit": "248400000", "ebitda": "258400000", "netIncome": "185000000"}, {"fiscalDateEnding": "2016-03-31", "reportedCurrency": "USD", "grossProfit": "390400000", "totalRevenue": "775100000", "costOfRevenue": "384700000", "costofGoodsAndServicesSold": "384700000", "operatingIncome": "257700000", "sellingGeneralAndAdministrative": "44000000", "researchAndDevelopment": "79800000", "operatingExpenses": "132400000", "investmentIncomeNet": "None", "netInterestIncome": "None", "interestIncome": "None", "interestExpense": "3200000", "nonInterestIncome": "None", "otherNonOperatingIncome": "-2600000", "depreciation": "None", "depreciationAndAmortization": "8600000", "incomeBeforeTax": "255100000", "incomeTaxExpense": "47000000", "interestAndDebtExpense": "None", "netIncomeFromContinuingOperations": "208100000", "comprehensiveIncomeNetOfTax": "None", "ebit": "258300000", "ebitda": "266900000", "netIncome": "208100000"}, {"fiscalDateEnding": "2015-12-31", "reportedCurrency": "USD", "grossProfit": "472100000", "totalRevenue": "926800000", "costOfRevenue": "454700000", "costofGoodsAndServicesSold": "454700000", "operatingIncome": "330500000", "sellingGeneralAndAdministrative": "51700000", "researchAndDevelopment": "81500000", "operatingExpenses": "141600000", "investmentIncomeNet": "None", "netInterestIncome": "None", "interestIncome": "None", "interestExpense": "176200000", "nonInterestIncome": "None", "otherNonOperatingIncome": "-800000", "depreciation": "None", "depreciationAndAmortization": "8400000", "incomeBeforeTax": "418200000", "incomeTaxExpense": "62900000", "interestAndDebtExpense": "None", "netIncomeFromContinuingOperations": "355300000", "comprehensiveIncomeNetOfTax": "None", "ebit": "242000000", "ebitda": "250400000", "netIncome": "355300000"}, {"fiscalDateEnding": "2015-09-30", "reportedCurrency": "USD", "grossProfit": "436200000", "totalRevenue": "880800000", "costOfRevenue": "444600000", "costofGoodsAndServicesSold": "444600000", "operatingIncome": "297600000", "sellingGeneralAndAdministrative": "47400000", "researchAndDevelopment": "82400000", "operatingExpenses": "138100000", "investmentIncomeNet": "None", "netInterestIncome": "None", "interestIncome": "None", "interestExpense": "2400000", "nonInterestIncome": "None", "otherNonOperatingIncome": "-1400000", "depreciation": "None", "depreciationAndAmortization": "8300000", "incomeBeforeTax": "296200000", "incomeTaxExpense": "67000000", "interestAndDebtExpense": "None", "netIncomeFromContinuingOperations": "229200000", "comprehensiveIncomeNetOfTax": "None", "ebit": "298600000", "ebitda": "306900000", "netIncome": "229200000"}, {"fiscalDateEnding": "2015-06-30", "reportedCurrency": "USD", "grossProfit": "393100000", "totalRevenue": "810000000", "costOfRevenue": "416900000", "costofGoodsAndServicesSold": "416900000", "operatingIncome": "258800000", "sellingGeneralAndAdministrative": "48600000", "researchAndDevelopment": "76800000", "operatingExpenses": "133800000", "investmentIncomeNet": "None", "netInterestIncome": "None", "interestIncome": "None", "interestExpense": "400000", "nonInterestIncome": "None", "otherNonOperatingIncome": "600000", "depreciation": "None", "depreciationAndAmortization": "8400000", "incomeBeforeTax": "259400000", "incomeTaxExpense": "52000000", "interestAndDebtExpense": "None", "netIncomeFromContinuingOperations": "207400000", "comprehensiveIncomeNetOfTax": "None", "ebit": "259800000", "ebitda": "268200000", "netIncome": "207400000"}, {"fiscalDateEnding": "2015-03-31", "reportedCurrency": "USD", "grossProfit": "352200000", "totalRevenue": "762100000", "costOfRevenue": "409900000", "costofGoodsAndServicesSold": "409900000", "operatingIncome": "219900000", "sellingGeneralAndAdministrative": "47400000", "researchAndDevelopment": "75500000", "operatingExpenses": "131200000", "investmentIncomeNet": "None", "netInterestIncome": "None", "interestIncome": "None", "interestExpense": "1600000", "nonInterestIncome": "None", "otherNonOperatingIncome": "600000", "depreciation": "None", "depreciationAndAmortization": "8300000", "incomeBeforeTax": "220500000", "incomeTaxExpense": "54000000", "interestAndDebtExpense": "None", "netIncomeFromContinuingOperations": "166500000", "comprehensiveIncomeNetOfTax": "None", "ebit": "222100000", "ebitda": "230400000", "netIncome": "166500000"}, {"fiscalDateEnding": "2014-12-31", "reportedCurrency": "USD", "grossProfit": "373000000", "totalRevenue": "805500000", "costOfRevenue": "432500000", "costofGoodsAndServicesSold": "432500000", "operatingIncome": "246800000", "sellingGeneralAndAdministrative": "47900000", "researchAndDevelopment": "68500000", "operatingExpenses": "124900000", "investmentIncomeNet": "None", "netInterestIncome": "None", "interestIncome": "None", "interestExpense": "1900000", "nonInterestIncome": "None", "otherNonOperatingIncome": "700000", "depreciation": "None", "depreciationAndAmortization": "8500000", "incomeBeforeTax": "247500000", "incomeTaxExpense": "52300000", "interestAndDebtExpense": "None", "netIncomeFromContinuingOperations": "195200000", "comprehensiveIncomeNetOfTax": "None", "ebit": "249400000", "ebitda": "257900000", "netIncome": "195200000"}, {"fiscalDateEnding": "2014-09-30", "reportedCurrency": "USD", "grossProfit": "324000000", "totalRevenue": "718200000", "costOfRevenue": "394200000", "costofGoodsAndServicesSold": "394200000", "operatingIncome": "198100000", "sellingGeneralAndAdministrative": "50300000", "researchAndDevelopment": "68000000", "operatingExpenses": "125600000", "investmentIncomeNet": "None", "netInterestIncome": "None", "interestIncome": "None", "interestExpense": "500000", "nonInterestIncome": "None", "otherNonOperatingIncome": "None", "depreciation": "None", "depreciationAndAmortization": "7400000", "incomeBeforeTax": "198200000", "incomeTaxExpense": "23300000", "interestAndDebtExpense": "None", "netIncomeFromContinuingOperations": "174900000", "comprehensiveIncomeNetOfTax": "None", "ebit": "198700000", "ebitda": "206100000", "netIncome": "174900000"}, {"fiscalDateEnding": "2014-06-30", "reportedCurrency": "USD", "grossProfit": "264200000", "totalRevenue": "587000000", "costOfRevenue": "322800000", "costofGoodsAndServicesSold": "322800000", "operatingIncome": "148500000", "sellingGeneralAndAdministrative": "45800000", "researchAndDevelopment": "64200000", "operatingExpenses": "115700000", "investmentIncomeNet": "None", "netInterestIncome": "None", "interestIncome": "None", "interestExpense": "0", "nonInterestIncome": "None", "otherNonOperatingIncome": "None", "depreciation": "None", "depreciationAndAmortization": "5700000", "incomeBeforeTax": "148500000", "incomeTaxExpense": "37100000", "interestAndDebtExpense": "None", "netIncomeFromContinuingOperations": "111400000", "comprehensiveIncomeNetOfTax": "None", "ebit": "148500000", "ebitda": "154200000", "netIncome": "111400000"}, {"fiscalDateEnding": "2014-03-31", "reportedCurrency": "USD", "grossProfit": "212400000", "totalRevenue": "481000000", "costOfRevenue": "268600000", "costofGoodsAndServicesSold": "268600000", "operatingIncome": "102600000", "sellingGeneralAndAdministrative": "41900000", "researchAndDevelopment": "61600000", "operatingExpenses": "109800000", "investmentIncomeNet": "None", "netInterestIncome": "None", "interestIncome": "None", "interestExpense": "100000", "nonInterestIncome": "None", "otherNonOperatingIncome": "-100000", "depreciation": "None", "depreciationAndAmortization": "6300000", "incomeBeforeTax": "102500000", "incomeTaxExpense": "25600000", "interestAndDebtExpense": "None", "netIncomeFromContinuingOperations": "76900000", "comprehensiveIncomeNetOfTax": "None", "ebit": "102600000", "ebitda": "108900000", "netIncome": "76900000"}, {"fiscalDateEnding": "2013-12-31", "reportedCurrency": "USD", "grossProfit": "222000000", "totalRevenue": "505200000", "costOfRevenue": "283200000", "costofGoodsAndServicesSold": "283200000", "operatingIncome": "116000000", "sellingGeneralAndAdministrative": "41100000", "researchAndDevelopment": "58400000", "operatingExpenses": "106000000", "investmentIncomeNet": "None", "netInterestIncome": "None", "interestIncome": "None", "interestExpense": "0", "nonInterestIncome": "None", "otherNonOperatingIncome": "None", "depreciation": "None", "depreciationAndAmortization": "6500000", "incomeBeforeTax": "116000000", "incomeTaxExpense": "21500000", "interestAndDebtExpense": "None", "netIncomeFromContinuingOperations": "94500000", "comprehensiveIncomeNetOfTax": "None", "ebit": "116000000", "ebitda": "122500000", "netIncome": "94500000"}, {"fiscalDateEnding": "2013-09-30", "reportedCurrency": "USD", "grossProfit": "209100000", "totalRevenue": "477000000", "costOfRevenue": "267900000", "costofGoodsAndServicesSold": "267900000", "operatingIncome": "105500000", "sellingGeneralAndAdministrative": "41600000", "researchAndDevelopment": "55300000", "operatingExpenses": "103600000", "investmentIncomeNet": "None", "netInterestIncome": "None", "interestIncome": "None", "interestExpense": "300000", "nonInterestIncome": "None", "otherNonOperatingIncome": "330000", "depreciation": "None", "depreciationAndAmortization": "6700000", "incomeBeforeTax": "105800000", "incomeTaxExpense": "21600000", "interestAndDebtExpense": "None", "netIncomeFromContinuingOperations": "84207000", "comprehensiveIncomeNetOfTax": "None", "ebit": "105800000", "ebitda": "112500000", "netIncome": "84200000"}, {"fiscalDateEnding": "2013-06-30", "reportedCurrency": "USD", "grossProfit": "188200000", "totalRevenue": "436100000", "costOfRevenue": "247900000", "costofGoodsAndServicesSold": "247900000", "operatingIncome": "84300000", "sellingGeneralAndAdministrative": "40300000", "researchAndDevelopment": "56600000", "operatingExpenses": "103900000", "investmentIncomeNet": "None", "netInterestIncome": "None", "interestIncome": "None", "interestExpense": "200000", "nonInterestIncome": "None", "otherNonOperatingIncome": "200000", "depreciation": "None", "depreciationAndAmortization": "7000000", "incomeBeforeTax": "84500000", "incomeTaxExpense": "18800000", "interestAndDebtExpense": "None", "netIncomeFromContinuingOperations": "65700000", "comprehensiveIncomeNetOfTax": "None", "ebit": "84500000", "ebitda": "91500000", "netIncome": "65700000"}, {"fiscalDateEnding": "2013-03-31", "reportedCurrency": "USD", "grossProfit": "176700000", "totalRevenue": "425200000", "costOfRevenue": "248500000", "costofGoodsAndServicesSold": "248500000", "operatingIncome": "68700000", "sellingGeneralAndAdministrative": "39700000", "researchAndDevelopment": "56300000", "operatingExpenses": "103200000", "investmentIncomeNet": "None", "netInterestIncome": "None", "interestIncome": "None", "interestExpense": "4800000", "nonInterestIncome": "None", "otherNonOperatingIncome": "-1400000", "depreciation": "None", "depreciationAndAmortization": "7200000", "incomeBeforeTax": "67300000", "incomeTaxExpense": "5600000", "interestAndDebtExpense": "None", "netIncomeFromContinuingOperations": "61700000", "comprehensiveIncomeNetOfTax": "None", "ebit": "72100000", "ebitda": "79300000", "netIncome": "61700000"}, {"fiscalDateEnding": "2012-12-31", "reportedCurrency": "USD", "grossProfit": "192565000", "totalRevenue": "453723000", "costOfRevenue": "261158000", "costofGoodsAndServicesSold": "261158000", "operatingIncome": "86583000", "sellingGeneralAndAdministrative": "37500000", "researchAndDevelopment": "58054000", "operatingExpenses": "104338000", "investmentIncomeNet": "None", "netInterestIncome": "None", "interestIncome": "None", "interestExpense": "11000", "nonInterestIncome": "None", "otherNonOperatingIncome": "270000", "depreciation": "None", "depreciationAndAmortization": "8156000", "incomeBeforeTax": "86842000", "incomeTaxExpense": "20349000", "interestAndDebtExpense": "None", "netIncomeFromContinuingOperations": "66493000", "comprehensiveIncomeNetOfTax": "None", "ebit": "88497000", "ebitda": "96653000", "netIncome": "66493000"}, {"fiscalDateEnding": "2012-09-30", "reportedCurrency": "USD", "grossProfit": "177673000", "totalRevenue": "421113000", "costOfRevenue": "243440000", "costofGoodsAndServicesSold": "243440000", "operatingIncome": "74808000", "sellingGeneralAndAdministrative": "26600000", "researchAndDevelopment": "56557000", "operatingExpenses": "102865000", "investmentIncomeNet": "None", "netInterestIncome": "None", "interestIncome": "None", "interestExpense": "69000", "nonInterestIncome": "None", "otherNonOperatingIncome": "-15000", "depreciation": "None", "depreciationAndAmortization": "8484000", "incomeBeforeTax": "74724000", "incomeTaxExpense": "13122000", "interestAndDebtExpense": "None", "netIncomeFromContinuingOperations": "61602000", "comprehensiveIncomeNetOfTax": "None", "ebit": "74793000", "ebitda": "83277000", "netIncome": "61602000"}, {"fiscalDateEnding": "2012-06-30", "reportedCurrency": "USD", "grossProfit": "165302000", "totalRevenue": "389038000", "costOfRevenue": "223736000", "costofGoodsAndServicesSold": "223736000", "operatingIncome": "62044000", "sellingGeneralAndAdministrative": "37500000", "researchAndDevelopment": "56050000", "operatingExpenses": "102121000", "investmentIncomeNet": "None", "netInterestIncome": "None", "interestIncome": "None", "interestExpense": "10000", "nonInterestIncome": "None", "otherNonOperatingIncome": "96000", "depreciation": "None", "depreciationAndAmortization": "8608000", "incomeBeforeTax": "62130000", "incomeTaxExpense": "12813000", "interestAndDebtExpense": "None", "netIncomeFromContinuingOperations": "49317000", "comprehensiveIncomeNetOfTax": "None", "ebit": "63181000", "ebitda": "71789000", "netIncome": "49317000"}, {"fiscalDateEnding": "2012-03-31", "reportedCurrency": "USD", "grossProfit": "152272000", "totalRevenue": "364690000", "costOfRevenue": "212418000", "costofGoodsAndServicesSold": "212418000", "operatingIncome": "43814000", "sellingGeneralAndAdministrative": "38300000", "researchAndDevelopment": "52986000", "operatingExpenses": "102563000", "investmentIncomeNet": "None", "netInterestIncome": "None", "interestIncome": "None", "interestExpense": "107000", "nonInterestIncome": "None", "otherNonOperatingIncome": "-247000", "depreciation": "None", "depreciationAndAmortization": "9340000", "incomeBeforeTax": "43460000", "incomeTaxExpense": "9427000", "interestAndDebtExpense": "None", "netIncomeFromContinuingOperations": "34033000", "comprehensiveIncomeNetOfTax": "None", "ebit": "49709000", "ebitda": "59049000", "netIncome": "34033000"}, {"fiscalDateEnding": "2011-12-31", "reportedCurrency": "USD", "grossProfit": "171850000", "totalRevenue": "393740000", "costOfRevenue": "221890000", "costofGoodsAndServicesSold": "221890000", "operatingIncome": "74968000", "sellingGeneralAndAdministrative": "42900000", "researchAndDevelopment": "46941000", "operatingExpenses": "96162000", "investmentIncomeNet": "None", "netInterestIncome": "None", "interestIncome": "None", "interestExpense": "481000", "nonInterestIncome": "None", "otherNonOperatingIncome": "175000", "depreciation": "None", "depreciationAndAmortization": "6312000", "incomeBeforeTax": "74662000", "incomeTaxExpense": "17536000", "interestAndDebtExpense": "None", "netIncomeFromContinuingOperations": "57126000", "comprehensiveIncomeNetOfTax": "None", "ebit": "75688000", "ebitda": "82000000", "netIncome": "57126000"}, {"fiscalDateEnding": "2011-09-30", "reportedCurrency": "USD", "grossProfit": "174560000", "totalRevenue": "402316000", "costOfRevenue": "227756000", "costofGoodsAndServicesSold": "227756000", "operatingIncome": "77696000", "sellingGeneralAndAdministrative": "39071000", "researchAndDevelopment": "47409000", "operatingExpenses": "95976000", "investmentIncomeNet": "None", "netInterestIncome": "None", "interestIncome": "None", "interestExpense": "473000", "nonInterestIncome": "None", "otherNonOperatingIncome": "683000", "depreciation": "None", "depreciationAndAmortization": "9496000", "incomeBeforeTax": "77906000", "incomeTaxExpense": "13697000", "interestAndDebtExpense": "None", "netIncomeFromContinuingOperations": "64209000", "comprehensiveIncomeNetOfTax": "None", "ebit": "78584000", "ebitda": "88080000", "netIncome": "64209000"}, {"fiscalDateEnding": "2011-06-30", "reportedCurrency": "USD", "grossProfit": "156225000", "totalRevenue": "356075000", "costOfRevenue": "199850000", "costofGoodsAndServicesSold": "199850000", "operatingIncome": "72226000", "sellingGeneralAndAdministrative": "35500000", "researchAndDevelopment": "43067000", "operatingExpenses": "82524000", "investmentIncomeNet": "None", "netInterestIncome": "None", "interestIncome": "None", "interestExpense": "465000", "nonInterestIncome": "None", "otherNonOperatingIncome": "-2000", "depreciation": "None", "depreciationAndAmortization": "4006000", "incomeBeforeTax": "71759000", "incomeTaxExpense": "20211000", "interestAndDebtExpense": "None", "netIncomeFromContinuingOperations": "51548000", "comprehensiveIncomeNetOfTax": "None", "ebit": "73701000", "ebitda": "77707000", "netIncome": "51548000"}, {"fiscalDateEnding": "2011-03-31", "reportedCurrency": "USD", "grossProfit": "140981000", "totalRevenue": "325411000", "costOfRevenue": "184430000", "costofGoodsAndServicesSold": "184430000", "operatingIncome": "68060000", "sellingGeneralAndAdministrative": "31500000", "researchAndDevelopment": "39618000", "operatingExpenses": "72921000", "investmentIncomeNet": "None", "netInterestIncome": "None", "interestIncome": "None", "interestExpense": "461000", "nonInterestIncome": "None", "otherNonOperatingIncome": "-114000", "depreciation": "None", "depreciationAndAmortization": "1638000", "incomeBeforeTax": "67485000", "incomeTaxExpense": "17525000", "interestAndDebtExpense": "None", "netIncomeFromContinuingOperations": "49960000", "comprehensiveIncomeNetOfTax": "None", "ebit": "68060000", "ebitda": "69698000", "netIncome": "49960000"}, {"fiscalDateEnding": "2010-12-31", "reportedCurrency": "USD", "grossProfit": "148538000", "totalRevenue": "335120000", "costOfRevenue": "186582000", "costofGoodsAndServicesSold": "186582000", "operatingIncome": "77342000", "sellingGeneralAndAdministrative": "31051000", "researchAndDevelopment": "38543000", "operatingExpenses": "71196000", "investmentIncomeNet": "None", "netInterestIncome": "None", "interestIncome": "None", "interestExpense": "537000", "nonInterestIncome": "None", "otherNonOperatingIncome": "-69000", "depreciation": "None", "depreciationAndAmortization": "1602000", "incomeBeforeTax": "76736000", "incomeTaxExpense": "15868000", "interestAndDebtExpense": "None", "netIncomeFromContinuingOperations": "60868000", "comprehensiveIncomeNetOfTax": "None", "ebit": "77273000", "ebitda": "78875000", "netIncome": "60868000"}, {"fiscalDateEnding": "2010-09-30", "reportedCurrency": "USD", "grossProfit": "136159000", "totalRevenue": "313283000", "costOfRevenue": "177124000", "costofGoodsAndServicesSold": "177124000", "operatingIncome": "65427000", "sellingGeneralAndAdministrative": "33700000", "researchAndDevelopment": "35409000", "operatingExpenses": "70732000", "investmentIncomeNet": "None", "netInterestIncome": "None", "interestIncome": "None", "interestExpense": "627000", "nonInterestIncome": "None", "otherNonOperatingIncome": "None", "depreciation": "None", "depreciationAndAmortization": "14052000", "incomeBeforeTax": "64755000", "incomeTaxExpense": "17951000", "interestAndDebtExpense": "None", "netIncomeFromContinuingOperations": "0", "comprehensiveIncomeNetOfTax": "None", "ebit": "65427000", "ebitda": "79479000", "netIncome": "46804000"}, {"fiscalDateEnding": "2010-06-30", "reportedCurrency": "USD", "grossProfit": "118266000", "totalRevenue": "275370000", "costOfRevenue": "157104000", "costofGoodsAndServicesSold": "157104000", "operatingIncome": "53472000", "sellingGeneralAndAdministrative": "29500000", "researchAndDevelopment": "34882000", "operatingExpenses": "65834000", "investmentIncomeNet": "None", "netInterestIncome": "None", "interestIncome": "None", "interestExpense": "867000", "nonInterestIncome": "None", "otherNonOperatingIncome": "64000", "depreciation": "None", "depreciationAndAmortization": "1501000", "incomeBeforeTax": "52669000", "incomeTaxExpense": "17933000", "interestAndDebtExpense": "None", "netIncomeFromContinuingOperations": "34736000", "comprehensiveIncomeNetOfTax": "None", "ebit": "52432000", "ebitda": "53933000", "netIncome": "34736000"}, {"fiscalDateEnding": "2010-03-31", "reportedCurrency": "USD", "grossProfit": "99854000", "totalRevenue": "238058000", "costOfRevenue": "138204000", "costofGoodsAndServicesSold": "138204000", "operatingIncome": "38312000", "sellingGeneralAndAdministrative": "28000000", "researchAndDevelopment": "32060000", "operatingExpenses": "61542000", "investmentIncomeNet": "None", "netInterestIncome": "None", "interestIncome": "None", "interestExpense": "1183000", "nonInterestIncome": "None", "otherNonOperatingIncome": "-281000", "depreciation": "None", "depreciationAndAmortization": "1500000", "incomeBeforeTax": "36848000", "incomeTaxExpense": "9104000", "interestAndDebtExpense": "None", "netIncomeFromContinuingOperations": "27744000", "comprehensiveIncomeNetOfTax": "None", "ebit": "38312000", "ebitda": "39812000", "netIncome": "27744000"}, {"fiscalDateEnding": "2009-12-31", "reportedCurrency": "USD", "grossProfit": "102554000", "totalRevenue": "245138000", "costOfRevenue": "142584000", "costofGoodsAndServicesSold": "142584000", "operatingIncome": "42533000", "sellingGeneralAndAdministrative": "26700000", "researchAndDevelopment": "31789000", "operatingExpenses": "60021000", "investmentIncomeNet": "None", "netInterestIncome": "None", "interestIncome": "None", "interestExpense": "1569000", "nonInterestIncome": "None", "otherNonOperatingIncome": "None", "depreciation": "None", "depreciationAndAmortization": "1501000", "incomeBeforeTax": "40802000", "incomeTaxExpense": "12792000", "interestAndDebtExpense": "None", "netIncomeFromContinuingOperations": "None", "comprehensiveIncomeNetOfTax": "None", "ebit": "42533000", "ebitda": "44034000", "netIncome": "28010000"}, {"fiscalDateEnding": "2009-09-30", "reportedCurrency": "USD", "grossProfit": "92528000", "totalRevenue": "228146000", "costOfRevenue": "135618000", "costofGoodsAndServicesSold": "135618000", "operatingIncome": "32952000", "sellingGeneralAndAdministrative": "26300000", "researchAndDevelopment": "31090000", "operatingExpenses": "59576000", "investmentIncomeNet": "None", "netInterestIncome": "None", "interestIncome": "None", "interestExpense": "807000", "nonInterestIncome": "None", "otherNonOperatingIncome": "None", "depreciation": "None", "depreciationAndAmortization": "12597000", "incomeBeforeTax": "26440000", "incomeTaxExpense": "-29565000", "interestAndDebtExpense": "None", "netIncomeFromContinuingOperations": "0", "comprehensiveIncomeNetOfTax": "None", "ebit": "32952000", "ebitda": "45549000", "netIncome": "56005000"}, {"fiscalDateEnding": "2009-06-30", "reportedCurrency": "USD", "grossProfit": "76950000", "totalRevenue": "191213000", "costOfRevenue": "114263000", "costofGoodsAndServicesSold": "114263000", "operatingIncome": "21521000", "sellingGeneralAndAdministrative": "24200000", "researchAndDevelopment": "29666000", "operatingExpenses": "55429000", "investmentIncomeNet": "None", "netInterestIncome": "None", "interestIncome": "None", "interestExpense": "890000", "nonInterestIncome": "None", "otherNonOperatingIncome": "None", "depreciation": "None", "depreciationAndAmortization": "1548000", "incomeBeforeTax": "20599000", "incomeTaxExpense": "750000", "interestAndDebtExpense": "None", "netIncomeFromContinuingOperations": "0", "comprehensiveIncomeNetOfTax": "None", "ebit": "21521000", "ebitda": "23069000", "netIncome": "19849000"}, {"fiscalDateEnding": "2009-03-31", "reportedCurrency": "USD", "grossProfit": "64875000", "totalRevenue": "172990000", "costOfRevenue": "108115000", "costofGoodsAndServicesSold": "108115000", "operatingIncome": "-3743000", "sellingGeneralAndAdministrative": "22800000", "researchAndDevelopment": "28596000", "operatingExpenses": "52636000", "investmentIncomeNet": "None", "netInterestIncome": "None", "interestIncome": "None", "interestExpense": "808000", "nonInterestIncome": "None", "otherNonOperatingIncome": "None", "depreciation": "None", "depreciationAndAmortization": "12850000", "incomeBeforeTax": "-4564000", "incomeTaxExpense": "25000", "interestAndDebtExpense": "None", "netIncomeFromContinuingOperations": "0", "comprehensiveIncomeNetOfTax": "None", "ebit": "12239000", "ebitda": "25089000", "netIncome": "-4589000"}, {"fiscalDateEnding": "2008-12-31", "reportedCurrency": "USD", "grossProfit": "83867000", "totalRevenue": "210228000", "costOfRevenue": "126361000", "costofGoodsAndServicesSold": "126361000", "operatingIncome": "20973000", "sellingGeneralAndAdministrative": "27100000", "researchAndDevelopment": "34644000", "operatingExpenses": "62894000", "investmentIncomeNet": "None", "netInterestIncome": "None", "interestIncome": "None", "interestExpense": "5735000", "nonInterestIncome": "None", "otherNonOperatingIncome": "None", "depreciation": "None", "depreciationAndAmortization": "12360000", "incomeBeforeTax": "23271000", "incomeTaxExpense": "1247000", "interestAndDebtExpense": "None", "netIncomeFromContinuingOperations": "0", "comprehensiveIncomeNetOfTax": "None", "ebit": "17536000", "ebitda": "29896000", "netIncome": "22024000"}, {"fiscalDateEnding": "2008-09-30", "reportedCurrency": "USD", "grossProfit": "93824000", "totalRevenue": "232566000", "costOfRevenue": "138742000", "costofGoodsAndServicesSold": "138742000", "operatingIncome": "27980000", "sellingGeneralAndAdministrative": "25400000", "researchAndDevelopment": "38777000", "operatingExpenses": "65277000", "investmentIncomeNet": "None", "netInterestIncome": "None", "interestIncome": "None", "interestExpense": "14529000", "nonInterestIncome": "None", "otherNonOperatingIncome": "None", "depreciation": "None", "depreciationAndAmortization": "13110000", "incomeBeforeTax": "20435000", "incomeTaxExpense": "-34354000", "interestAndDebtExpense": "None", "netIncomeFromContinuingOperations": "0", "comprehensiveIncomeNetOfTax": "None", "ebit": "34964000", "ebitda": "48074000", "netIncome": "54789000"}, {"fiscalDateEnding": "2008-06-30", "reportedCurrency": "USD", "grossProfit": "86434000", "totalRevenue": "215210000", "costOfRevenue": "128776000", "costofGoodsAndServicesSold": "128776000", "operatingIncome": "22797000", "sellingGeneralAndAdministrative": "26000000", "researchAndDevelopment": "36561000", "operatingExpenses": "63637000", "investmentIncomeNet": "None", "netInterestIncome": "None", "interestIncome": "None", "interestExpense": "470000", "nonInterestIncome": "None", "otherNonOperatingIncome": "None", "depreciation": "None", "depreciationAndAmortization": "13291000", "incomeBeforeTax": "22203000", "incomeTaxExpense": "1737000", "interestAndDebtExpense": "None", "netIncomeFromContinuingOperations": "0", "comprehensiveIncomeNetOfTax": "None", "ebit": "21733000", "ebitda": "35024000", "netIncome": "20466000"}, {"fiscalDateEnding": "2008-03-31", "reportedCurrency": "USD", "grossProfit": "80367000", "totalRevenue": "201708000", "costOfRevenue": "121341000", "costofGoodsAndServicesSold": "121341000", "operatingIncome": "18569000", "sellingGeneralAndAdministrative": "23300000", "researchAndDevelopment": "36581000", "operatingExpenses": "61798000", "investmentIncomeNet": "None", "netInterestIncome": "None", "interestIncome": "None", "interestExpense": "1997000", "nonInterestIncome": "None", "otherNonOperatingIncome": "None", "depreciation": "None", "depreciationAndAmortization": "13668000", "incomeBeforeTax": "18683000", "incomeTaxExpense": "2010000", "interestAndDebtExpense": "None", "netIncomeFromContinuingOperations": "0", "comprehensiveIncomeNetOfTax": "None", "ebit": "16686000", "ebitda": "30354000", "netIncome": "16673000"}, {"fiscalDateEnding": "2007-12-31", "reportedCurrency": "USD", "grossProfit": "82338000", "totalRevenue": "210533000", "costOfRevenue": "128195000", "costofGoodsAndServicesSold": "128195000", "operatingIncome": "21025000", "sellingGeneralAndAdministrative": "25300000", "researchAndDevelopment": "34094000", "operatingExpenses": "61313000", "investmentIncomeNet": "None", "netInterestIncome": "None", "interestIncome": "None", "interestExpense": "1892000", "nonInterestIncome": "None", "otherNonOperatingIncome": "None", "depreciation": "None", "depreciationAndAmortization": "13329000", "incomeBeforeTax": "20867000", "incomeTaxExpense": "1789000", "interestAndDebtExpense": "None", "netIncomeFromContinuingOperations": "0", "comprehensiveIncomeNetOfTax": "None", "ebit": "18975000", "ebitda": "32304000", "netIncome": "19078000"}, {"fiscalDateEnding": "2007-09-30", "reportedCurrency": "USD", "grossProfit": "74735000", "totalRevenue": "190454000", "costOfRevenue": "115719000", "costofGoodsAndServicesSold": "115719000", "operatingIncome": "18170000", "sellingGeneralAndAdministrative": "22300000", "researchAndDevelopment": "33731000", "operatingExpenses": "56565000", "investmentIncomeNet": "None", "netInterestIncome": "None", "interestIncome": "None", "interestExpense": "3438000", "nonInterestIncome": "None", "otherNonOperatingIncome": "None", "depreciation": "None", "depreciationAndAmortization": "11455000", "incomeBeforeTax": "18558000", "incomeTaxExpense": "-3435000", "interestAndDebtExpense": "None", "netIncomeFromContinuingOperations": "0", "comprehensiveIncomeNetOfTax": "None", "ebit": "15120000", "ebitda": "26575000", "netIncome": "21993000"}, {"fiscalDateEnding": "2007-06-30", "reportedCurrency": "USD", "grossProfit": "68632000", "totalRevenue": "175050000", "costOfRevenue": "106418000", "costofGoodsAndServicesSold": "106418000", "operatingIncome": "12416000", "sellingGeneralAndAdministrative": "24900000", "researchAndDevelopment": "30549000", "operatingExpenses": "55959000", "investmentIncomeNet": "None", "netInterestIncome": "None", "interestIncome": "None", "interestExpense": "2453000", "nonInterestIncome": "None", "otherNonOperatingIncome": "None", "depreciation": "None", "depreciationAndAmortization": "11045000", "incomeBeforeTax": "12617000", "incomeTaxExpense": "1194000", "interestAndDebtExpense": "None", "netIncomeFromContinuingOperations": "0", "comprehensiveIncomeNetOfTax": "None", "ebit": "10164000", "ebitda": "21209000", "netIncome": "11423000"}, {"fiscalDateEnding": "2007-03-31", "reportedCurrency": "USD", "grossProfit": "68702000", "totalRevenue": "180210000", "costOfRevenue": "111508000", "costofGoodsAndServicesSold": "111508000", "operatingIncome": "13033000", "sellingGeneralAndAdministrative": "23800000", "researchAndDevelopment": "31383000", "operatingExpenses": "55669000", "investmentIncomeNet": "None", "netInterestIncome": "None", "interestIncome": "None", "interestExpense": "1692000", "nonInterestIncome": "None", "otherNonOperatingIncome": "None", "depreciation": "None", "depreciationAndAmortization": "10843000", "incomeBeforeTax": "11822000", "incomeTaxExpense": "-375000", "interestAndDebtExpense": "None", "netIncomeFromContinuingOperations": "0", "comprehensiveIncomeNetOfTax": "None", "ebit": "10130000", "ebitda": "20973000", "netIncome": "12197000"}, {"fiscalDateEnding": "2006-12-31", "reportedCurrency": "USD", "grossProfit": "75316000", "totalRevenue": "196030000", "costOfRevenue": "120714000", "costofGoodsAndServicesSold": "120714000", "operatingIncome": "14867000", "sellingGeneralAndAdministrative": "24000000", "researchAndDevelopment": "30412000", "operatingExpenses": "54976000", "investmentIncomeNet": "None", "netInterestIncome": "None", "interestIncome": "None", "interestExpense": "9885000", "nonInterestIncome": "None", "otherNonOperatingIncome": "None", "depreciation": "None", "depreciationAndAmortization": "10349000", "incomeBeforeTax": "13773000", "incomeTaxExpense": "1736000", "interestAndDebtExpense": "None", "netIncomeFromContinuingOperations": "0", "comprehensiveIncomeNetOfTax": "None", "ebit": "23658000", "ebitda": "34007000", "netIncome": "12037000"}, {"fiscalDateEnding": "2006-09-30", "reportedCurrency": "USD", "grossProfit": "45259000", "totalRevenue": "193133000", "costOfRevenue": "147874000", "costofGoodsAndServicesSold": "147874000", "operatingIncome": "-83237000", "sellingGeneralAndAdministrative": "60500000", "researchAndDevelopment": "40500000", "operatingExpenses": "101541000", "investmentIncomeNet": "None", "netInterestIncome": "None", "interestIncome": "None", "interestExpense": "53660000", "nonInterestIncome": "None", "otherNonOperatingIncome": "None", "depreciation": "None", "depreciationAndAmortization": "10927000", "incomeBeforeTax": "-84766000", "incomeTaxExpense": "11604000", "interestAndDebtExpense": "None", "netIncomeFromContinuingOperations": "0", "comprehensiveIncomeNetOfTax": "None", "ebit": "-31106000", "ebitda": "-20179000", "netIncome": "-96370000"}, {"fiscalDateEnding": "2006-06-30", "reportedCurrency": "USD", "grossProfit": "73347000", "totalRevenue": "197058000", "costOfRevenue": "123711000", "costofGoodsAndServicesSold": "123711000", "operatingIncome": "5859000", "sellingGeneralAndAdministrative": "26333000", "researchAndDevelopment": "40619000", "operatingExpenses": "67488000", "investmentIncomeNet": "None", "netInterestIncome": "None", "interestIncome": "None", "interestExpense": "413000", "nonInterestIncome": "None", "otherNonOperatingIncome": "None", "depreciation": "None", "depreciationAndAmortization": "10555000", "incomeBeforeTax": "4450000", "incomeTaxExpense": "1445000", "interestAndDebtExpense": "None", "netIncomeFromContinuingOperations": "0", "comprehensiveIncomeNetOfTax": "None", "ebit": "4037000", "ebitda": "14592000", "netIncome": "3005000"}, {"fiscalDateEnding": "2006-03-31", "reportedCurrency": "USD", "grossProfit": "69350000", "totalRevenue": "185234000", "costOfRevenue": "115884000", "costofGoodsAndServicesSold": "115884000", "operatingIncome": "2547000", "sellingGeneralAndAdministrative": "25710000", "researchAndDevelopment": "40557000", "operatingExpenses": "66803000", "investmentIncomeNet": "None", "netInterestIncome": "None", "interestIncome": "None", "interestExpense": "414000", "nonInterestIncome": "None", "otherNonOperatingIncome": "None", "depreciation": "None", "depreciationAndAmortization": "10792000", "incomeBeforeTax": "531000", "incomeTaxExpense": "-395000", "interestAndDebtExpense": "None", "netIncomeFromContinuingOperations": "0", "comprehensiveIncomeNetOfTax": "None", "ebit": "117000", "ebitda": "10909000", "netIncome": "926000"}, {"fiscalDateEnding": "2005-12-31", "reportedCurrency": "USD", "grossProfit": "74723000", "totalRevenue": "198325000", "costOfRevenue": "123602000", "costofGoodsAndServicesSold": "123602000", "operatingIncome": "8504000", "sellingGeneralAndAdministrative": "23253000", "researchAndDevelopment": "42430000", "operatingExpenses": "66219000", "investmentIncomeNet": "None", "netInterestIncome": "None", "interestIncome": "None", "interestExpense": "826000", "nonInterestIncome": "None", "otherNonOperatingIncome": "None", "depreciation": "None", "depreciationAndAmortization": "10079000", "incomeBeforeTax": "7011000", "incomeTaxExpense": "2724000", "interestAndDebtExpense": "None", "netIncomeFromContinuingOperations": "0", "comprehensiveIncomeNetOfTax": "None", "ebit": "6185000", "ebitda": "16264000", "netIncome": "4287000"}, {"fiscalDateEnding": "2005-09-30", "reportedCurrency": "USD", "grossProfit": "69280000", "totalRevenue": "190174000", "costOfRevenue": "120894000", "costofGoodsAndServicesSold": "120894000", "operatingIncome": "7098000", "sellingGeneralAndAdministrative": "25043000", "researchAndDevelopment": "36603000", "operatingExpenses": "62182000", "investmentIncomeNet": "None", "netInterestIncome": "None", "interestIncome": "None", "interestExpense": "288000", "nonInterestIncome": "None", "otherNonOperatingIncome": "None", "depreciation": "None", "depreciationAndAmortization": "10263000", "incomeBeforeTax": "5081000", "incomeTaxExpense": "2020000", "interestAndDebtExpense": "None", "netIncomeFromContinuingOperations": "0", "comprehensiveIncomeNetOfTax": "None", "ebit": "5369000", "ebitda": "15632000", "netIncome": "3061000"}, {"fiscalDateEnding": "2005-06-30", "reportedCurrency": "USD", "grossProfit": "77874000", "totalRevenue": "191532000", "costOfRevenue": "113658000", "costofGoodsAndServicesSold": "113658000", "operatingIncome": "11770000", "sellingGeneralAndAdministrative": "25745000", "researchAndDevelopment": "39823000", "operatingExpenses": "66104000", "investmentIncomeNet": "None", "netInterestIncome": "None", "interestIncome": "None", "interestExpense": "611000", "nonInterestIncome": "None", "otherNonOperatingIncome": "None", "depreciation": "None", "depreciationAndAmortization": "9975000", "incomeBeforeTax": "9623000", "incomeTaxExpense": "2234000", "interestAndDebtExpense": "None", "netIncomeFromContinuingOperations": "0", "comprehensiveIncomeNetOfTax": "None", "ebit": "10234000", "ebitda": "20209000", "netIncome": "7389000"}, {"fiscalDateEnding": "2005-03-31", "reportedCurrency": "USD", "grossProfit": "72599000", "totalRevenue": "190505000", "costOfRevenue": "117906000", "costofGoodsAndServicesSold": "117906000", "operatingIncome": "8320000", "sellingGeneralAndAdministrative": "25100000", "researchAndDevelopment": "38676000", "operatingExpenses": "64279000", "investmentIncomeNet": "None", "netInterestIncome": "None", "interestIncome": "None", "interestExpense": "1501000", "nonInterestIncome": "None", "otherNonOperatingIncome": "None", "depreciation": "None", "depreciationAndAmortization": "10411000", "incomeBeforeTax": "5752000", "incomeTaxExpense": "4508000", "interestAndDebtExpense": "None", "netIncomeFromContinuingOperations": "0", "comprehensiveIncomeNetOfTax": "None", "ebit": "7253000", "ebitda": "17664000", "netIncome": "1244000"}, {"fiscalDateEnding": "2004-12-31", "reportedCurrency": "USD", "grossProfit": "88019000", "totalRevenue": "220160000", "costOfRevenue": "132141000", "costofGoodsAndServicesSold": "132141000", "operatingIncome": "22945000", "sellingGeneralAndAdministrative": "27224000", "researchAndDevelopment": "37113000", "operatingExpenses": "65074000", "investmentIncomeNet": "None", "netInterestIncome": "None", "interestIncome": "None", "interestExpense": "1291000", "nonInterestIncome": "None", "otherNonOperatingIncome": "None", "depreciation": "None", "depreciationAndAmortization": "10578000", "incomeBeforeTax": "20533000", "incomeTaxExpense": "6616000", "interestAndDebtExpense": "None", "netIncomeFromContinuingOperations": "0", "comprehensiveIncomeNetOfTax": "None", "ebit": "21824000", "ebitda": "32402000", "netIncome": "13917000"}]}