{"symbol": "AMAT", "annualReports": [{"fiscalDateEnding": "2024-10-31", "reportedCurrency": "USD", "grossProfit": "12897000000", "totalRevenue": "27176000000", "costOfRevenue": "14279000000", "costofGoodsAndServicesSold": "14279000000", "operatingIncome": "7867000000", "sellingGeneralAndAdministrative": "961000000", "researchAndDevelopment": "3233000000", "operatingExpenses": "5030000000", "investmentIncomeNet": "None", "netInterestIncome": "285000000", "interestIncome": "532000000", "interestExpense": "247000000", "nonInterestIncome": "None", "otherNonOperatingIncome": "None", "depreciation": "None", "depreciationAndAmortization": "392000000", "incomeBeforeTax": "8152000000", "incomeTaxExpense": "975000000", "interestAndDebtExpense": "None", "netIncomeFromContinuingOperations": "7177000000", "comprehensiveIncomeNetOfTax": "None", "ebit": "7867000000", "ebitda": "8259000000", "netIncome": "7177000000"}, {"fiscalDateEnding": "2023-10-31", "reportedCurrency": "USD", "grossProfit": "12384000000", "totalRevenue": "26517000000", "costOfRevenue": "14133000000", "costofGoodsAndServicesSold": "14133000000", "operatingIncome": "7654000000", "sellingGeneralAndAdministrative": "852000000", "researchAndDevelopment": "3102000000", "operatingExpenses": "4730000000", "investmentIncomeNet": "None", "netInterestIncome": "62000000", "interestIncome": "300000000", "interestExpense": "238000000", "nonInterestIncome": "None", "otherNonOperatingIncome": "None", "depreciation": "None", "depreciationAndAmortization": "515000000", "incomeBeforeTax": "7716000000", "incomeTaxExpense": "860000000", "interestAndDebtExpense": "None", "netIncomeFromContinuingOperations": "6856000000", "comprehensiveIncomeNetOfTax": "None", "ebit": "7654000000", "ebitda": "8169000000", "netIncome": "6856000000"}, {"fiscalDateEnding": "2022-10-31", "reportedCurrency": "USD", "grossProfit": "11993000000", "totalRevenue": "25785000000", "costOfRevenue": "13792000000", "costofGoodsAndServicesSold": "13792000000", "operatingIncome": "7788000000", "sellingGeneralAndAdministrative": "735000000", "researchAndDevelopment": "2771000000", "operatingExpenses": "4209000000", "investmentIncomeNet": "None", "netInterestIncome": "-189000000", "interestIncome": "39000000", "interestExpense": "228000000", "nonInterestIncome": "None", "otherNonOperatingIncome": "39000000", "depreciation": "None", "depreciationAndAmortization": "444000000", "incomeBeforeTax": "7599000000", "incomeTaxExpense": "1074000000", "interestAndDebtExpense": "None", "netIncomeFromContinuingOperations": "6525000000", "comprehensiveIncomeNetOfTax": "None", "ebit": "7784000000", "ebitda": "8228000000", "netIncome": "6525000000"}, {"fiscalDateEnding": "2021-10-31", "reportedCurrency": "USD", "grossProfit": "10914000000", "totalRevenue": "23063000000", "costOfRevenue": "12149000000", "costofGoodsAndServicesSold": "12149000000", "operatingIncome": "6889000000", "sellingGeneralAndAdministrative": "620000000", "researchAndDevelopment": "2485000000", "operatingExpenses": "3714000000", "investmentIncomeNet": "None", "netInterestIncome": "-118000000", "interestIncome": "118000000", "interestExpense": "236000000", "nonInterestIncome": "None", "otherNonOperatingIncome": "118000000", "depreciation": "None", "depreciationAndAmortization": "394000000", "incomeBeforeTax": "6771000000", "incomeTaxExpense": "883000000", "interestAndDebtExpense": "None", "netIncomeFromContinuingOperations": "5888000000", "comprehensiveIncomeNetOfTax": "None", "ebit": "7200000000", "ebitda": "7594000000", "netIncome": "5888000000"}, {"fiscalDateEnding": "2020-10-31", "reportedCurrency": "USD", "grossProfit": "7692000000", "totalRevenue": "17202000000", "costOfRevenue": "9510000000", "costofGoodsAndServicesSold": "9510000000", "operatingIncome": "4365000000", "sellingGeneralAndAdministrative": "567000000", "researchAndDevelopment": "2234000000", "operatingExpenses": "3327000000", "investmentIncomeNet": "None", "netInterestIncome": "-199000000", "interestIncome": "41000000", "interestExpense": "240000000", "nonInterestIncome": "None", "otherNonOperatingIncome": "41000000", "depreciation": "None", "depreciationAndAmortization": "376000000", "incomeBeforeTax": "4166000000", "incomeTaxExpense": "547000000", "interestAndDebtExpense": "None", "netIncomeFromContinuingOperations": "3619000000", "comprehensiveIncomeNetOfTax": "None", "ebit": "4468000000", "ebitda": "4844000000", "netIncome": "3619000000"}, {"fiscalDateEnding": "2019-10-31", "reportedCurrency": "USD", "grossProfit": "6386000000", "totalRevenue": "14608000000", "costOfRevenue": "8222000000", "costofGoodsAndServicesSold": "8222000000", "operatingIncome": "3350000000", "sellingGeneralAndAdministrative": "461000000", "researchAndDevelopment": "2054000000", "operatingExpenses": "3036000000", "investmentIncomeNet": "None", "netInterestIncome": "-81000000", "interestIncome": "156000000", "interestExpense": "237000000", "nonInterestIncome": "None", "otherNonOperatingIncome": "156000000", "depreciation": "None", "depreciationAndAmortization": "519000000", "incomeBeforeTax": "3269000000", "incomeTaxExpense": "563000000", "interestAndDebtExpense": "None", "netIncomeFromContinuingOperations": "2706000000", "comprehensiveIncomeNetOfTax": "None", "ebit": "3350000000", "ebitda": "3869000000", "netIncome": "2706000000"}, {"fiscalDateEnding": "2018-10-31", "reportedCurrency": "USD", "grossProfit": "7817000000", "totalRevenue": "17253000000", "costOfRevenue": "9436000000", "costofGoodsAndServicesSold": "9436000000", "operatingIncome": "4796000000", "sellingGeneralAndAdministrative": "481000000", "researchAndDevelopment": "2019000000", "operatingExpenses": "3021000000", "investmentIncomeNet": "None", "netInterestIncome": "-102000000", "interestIncome": "132000000", "interestExpense": "234000000", "nonInterestIncome": "None", "otherNonOperatingIncome": "132000000", "depreciation": "None", "depreciationAndAmortization": "457000000", "incomeBeforeTax": "4694000000", "incomeTaxExpense": "1381000000", "interestAndDebtExpense": "None", "netIncomeFromContinuingOperations": "3313000000", "comprehensiveIncomeNetOfTax": "None", "ebit": "4928000000", "ebitda": "5385000000", "netIncome": "3313000000"}, {"fiscalDateEnding": "2017-10-31", "reportedCurrency": "USD", "grossProfit": "6532000000", "totalRevenue": "14537000000", "costOfRevenue": "8005000000", "costofGoodsAndServicesSold": "8005000000", "operatingIncome": "3868000000", "sellingGeneralAndAdministrative": "434000000", "researchAndDevelopment": "1774000000", "operatingExpenses": "2664000000", "investmentIncomeNet": "None", "netInterestIncome": "-137000000", "interestIncome": "61000000", "interestExpense": "198000000", "nonInterestIncome": "None", "otherNonOperatingIncome": "61000000", "depreciation": "None", "depreciationAndAmortization": "407000000", "incomeBeforeTax": "3731000000", "incomeTaxExpense": "297000000", "interestAndDebtExpense": "None", "netIncomeFromContinuingOperations": "3434000000", "comprehensiveIncomeNetOfTax": "None", "ebit": "3929000000", "ebitda": "4336000000", "netIncome": "3434000000"}, {"fiscalDateEnding": "2016-10-31", "reportedCurrency": "USD", "grossProfit": "4511000000", "totalRevenue": "10825000000", "costOfRevenue": "6314000000", "costofGoodsAndServicesSold": "6314000000", "operatingIncome": "2152000000", "sellingGeneralAndAdministrative": "390000000", "researchAndDevelopment": "1540000000", "operatingExpenses": "2359000000", "investmentIncomeNet": "None", "netInterestIncome": "-139000000", "interestIncome": "16000000", "interestExpense": "155000000", "nonInterestIncome": "None", "otherNonOperatingIncome": "16000000", "depreciation": "None", "depreciationAndAmortization": "389000000", "incomeBeforeTax": "2013000000", "incomeTaxExpense": "292000000", "interestAndDebtExpense": "None", "netIncomeFromContinuingOperations": "1721000000", "comprehensiveIncomeNetOfTax": "None", "ebit": "2168000000", "ebitda": "2557000000", "netIncome": "1721000000"}, {"fiscalDateEnding": "2015-10-31", "reportedCurrency": "USD", "grossProfit": "3952000000", "totalRevenue": "9659000000", "costOfRevenue": "5707000000", "costofGoodsAndServicesSold": "5707000000", "operatingIncome": "1693000000", "sellingGeneralAndAdministrative": "469000000", "researchAndDevelopment": "1451000000", "operatingExpenses": "2348000000", "investmentIncomeNet": "None", "netInterestIncome": "None", "interestIncome": "95000000", "interestExpense": "103000000", "nonInterestIncome": "None", "otherNonOperatingIncome": "8000000", "depreciation": "None", "depreciationAndAmortization": "371000000", "incomeBeforeTax": "1598000000", "incomeTaxExpense": "221000000", "interestAndDebtExpense": "None", "netIncomeFromContinuingOperations": "1377000000", "comprehensiveIncomeNetOfTax": "None", "ebit": "1612000000", "ebitda": "1983000000", "netIncome": "1377000000"}, {"fiscalDateEnding": "2014-10-31", "reportedCurrency": "USD", "grossProfit": "3843000000", "totalRevenue": "9072000000", "costOfRevenue": "5229000000", "costofGoodsAndServicesSold": "5229000000", "operatingIncome": "1520000000", "sellingGeneralAndAdministrative": "467000000", "researchAndDevelopment": "1428000000", "operatingExpenses": "2318000000", "investmentIncomeNet": "None", "netInterestIncome": "None", "interestIncome": "None", "interestExpense": "95000000", "nonInterestIncome": "None", "otherNonOperatingIncome": "23000000", "depreciation": "None", "depreciationAndAmortization": "375000000", "incomeBeforeTax": "1448000000", "incomeTaxExpense": "342000000", "interestAndDebtExpense": "None", "netIncomeFromContinuingOperations": "1072000000", "comprehensiveIncomeNetOfTax": "None", "ebit": "1548000000", "ebitda": "1923000000", "netIncome": "1106000000"}, {"fiscalDateEnding": "2013-10-31", "reportedCurrency": "USD", "grossProfit": "2991000000", "totalRevenue": "7509000000", "costOfRevenue": "4518000000", "costofGoodsAndServicesSold": "4518000000", "operatingIncome": "432000000", "sellingGeneralAndAdministrative": "465000000", "researchAndDevelopment": "1320000000", "operatingExpenses": "2218000000", "investmentIncomeNet": "None", "netInterestIncome": "None", "interestIncome": "None", "interestExpense": "95000000", "nonInterestIncome": "None", "otherNonOperatingIncome": "19000000", "depreciation": "None", "depreciationAndAmortization": "410000000", "incomeBeforeTax": "350000000", "incomeTaxExpense": "94000000", "interestAndDebtExpense": "None", "netIncomeFromContinuingOperations": "256000000", "comprehensiveIncomeNetOfTax": "None", "ebit": "792000000", "ebitda": "1202000000", "netIncome": "256000000"}, {"fiscalDateEnding": "2012-10-31", "reportedCurrency": "USD", "grossProfit": "3313000000", "totalRevenue": "8719000000", "costOfRevenue": "5406000000", "costofGoodsAndServicesSold": "5406000000", "operatingIncome": "411000000", "sellingGeneralAndAdministrative": "514000000", "researchAndDevelopment": "1237000000", "operatingExpenses": "2313000000", "investmentIncomeNet": "None", "netInterestIncome": "None", "interestIncome": "None", "interestExpense": "95000000", "nonInterestIncome": "None", "otherNonOperatingIncome": "17000000", "depreciation": "None", "depreciationAndAmortization": "422000000", "incomeBeforeTax": "316000000", "incomeTaxExpense": "207000000", "interestAndDebtExpense": "None", "netIncomeFromContinuingOperations": "109000000", "comprehensiveIncomeNetOfTax": "None", "ebit": "1017000000", "ebitda": "1439000000", "netIncome": "109000000"}, {"fiscalDateEnding": "2011-10-31", "reportedCurrency": "USD", "grossProfit": "4360000000", "totalRevenue": "10517000000", "costOfRevenue": "6157000000", "costofGoodsAndServicesSold": "6157000000", "operatingIncome": "2398000000", "sellingGeneralAndAdministrative": "882000000", "researchAndDevelopment": "1118000000", "operatingExpenses": "1992000000", "investmentIncomeNet": "None", "netInterestIncome": "None", "interestIncome": "None", "interestExpense": "59000000", "nonInterestIncome": "None", "otherNonOperatingIncome": "42000000", "depreciation": "None", "depreciationAndAmortization": "246000000", "incomeBeforeTax": "2378000000", "incomeTaxExpense": "452000000", "interestAndDebtExpense": "None", "netIncomeFromContinuingOperations": "1926000000", "comprehensiveIncomeNetOfTax": "None", "ebit": "2410000000", "ebitda": "2656000000", "netIncome": "1926000000"}, {"fiscalDateEnding": "2010-10-31", "reportedCurrency": "USD", "grossProfit": "3715002000", "totalRevenue": "9548667000", "costOfRevenue": "5833665000", "costofGoodsAndServicesSold": "5833665000", "operatingIncome": "1383708000", "sellingGeneralAndAdministrative": "535820000", "researchAndDevelopment": "1143521000", "operatingExpenses": "2085369000", "investmentIncomeNet": "None", "netInterestIncome": "None", "interestIncome": "None", "interestExpense": "21507000", "nonInterestIncome": "None", "otherNonOperatingIncome": "37430000", "depreciation": "None", "depreciationAndAmortization": "304515000", "incomeBeforeTax": "1386966000", "incomeTaxExpense": "449100000", "interestAndDebtExpense": "None", "netIncomeFromContinuingOperations": "937866000", "comprehensiveIncomeNetOfTax": "None", "ebit": "1667063000", "ebitda": "1971578000", "netIncome": "937866000"}, {"fiscalDateEnding": "2009-10-31", "reportedCurrency": "USD", "grossProfit": "1430805000", "totalRevenue": "5013607000", "costOfRevenue": "3582802000", "costofGoodsAndServicesSold": "3582802000", "operatingIncome": "-393616000", "sellingGeneralAndAdministrative": "406946000", "researchAndDevelopment": "934115000", "operatingExpenses": "1668633000", "investmentIncomeNet": "None", "netInterestIncome": "None", "interestIncome": "None", "interestExpense": "21304000", "nonInterestIncome": "None", "otherNonOperatingIncome": "13597000", "depreciation": "None", "depreciationAndAmortization": "291203000", "incomeBeforeTax": "-485803000", "incomeTaxExpense": "-180476000", "interestAndDebtExpense": "None", "netIncomeFromContinuingOperations": "-305327000", "comprehensiveIncomeNetOfTax": "None", "ebit": "-393191000", "ebitda": "-101988000", "netIncome": "-305327000"}, {"fiscalDateEnding": "2008-10-31", "reportedCurrency": "USD", "grossProfit": "3442828000", "totalRevenue": "8129240000", "costOfRevenue": "4686412000", "costofGoodsAndServicesSold": "4686412000", "operatingIncome": "1333594000", "sellingGeneralAndAdministrative": "505598000", "researchAndDevelopment": "1104122000", "operatingExpenses": "2069286000", "investmentIncomeNet": "None", "netInterestIncome": "None", "interestIncome": "None", "interestExpense": "20506000", "nonInterestIncome": "None", "otherNonOperatingIncome": "None", "depreciation": "None", "depreciationAndAmortization": "320051000", "incomeBeforeTax": "1408718000", "incomeTaxExpense": "447972000", "interestAndDebtExpense": "None", "netIncomeFromContinuingOperations": "None", "comprehensiveIncomeNetOfTax": "None", "ebit": "1391653000", "ebitda": "1711704000", "netIncome": "960746000"}, {"fiscalDateEnding": "2007-10-31", "reportedCurrency": "USD", "grossProfit": "4492443000", "totalRevenue": "9734856000", "costOfRevenue": "5242413000", "costofGoodsAndServicesSold": "5242413000", "operatingIncome": "2371506000", "sellingGeneralAndAdministrative": "500742000", "researchAndDevelopment": "1142073000", "operatingExpenses": "2094516000", "investmentIncomeNet": "None", "netInterestIncome": "None", "interestIncome": "None", "interestExpense": "38631000", "nonInterestIncome": "None", "otherNonOperatingIncome": "None", "depreciation": "None", "depreciationAndAmortization": "268334000", "incomeBeforeTax": "2439653000", "incomeTaxExpense": "729457000", "interestAndDebtExpense": "None", "netIncomeFromContinuingOperations": "None", "comprehensiveIncomeNetOfTax": "None", "ebit": "2424348000", "ebitda": "2692682000", "netIncome": "1710196000"}, {"fiscalDateEnding": "2006-10-31", "reportedCurrency": "USD", "grossProfit": "4291802000", "totalRevenue": "9167014000", "costOfRevenue": "4875212000", "costofGoodsAndServicesSold": "4875212000", "operatingIncome": "1447965000", "sellingGeneralAndAdministrative": "468346000", "researchAndDevelopment": "1152326000", "operatingExpenses": "2631724000", "investmentIncomeNet": "None", "netInterestIncome": "None", "interestIncome": "None", "interestExpense": "36096000", "nonInterestIncome": "None", "otherNonOperatingIncome": "None", "depreciation": "None", "depreciationAndAmortization": "270413000", "incomeBeforeTax": "2166971000", "incomeTaxExpense": "650308000", "interestAndDebtExpense": "None", "netIncomeFromContinuingOperations": "None", "comprehensiveIncomeNetOfTax": "None", "ebit": "1872191000", "ebitda": "2142604000", "netIncome": "1516663000"}, {"fiscalDateEnding": "2005-10-31", "reportedCurrency": "USD", "grossProfit": "3085874000", "totalRevenue": "6991823000", "costOfRevenue": "3905949000", "costofGoodsAndServicesSold": "3905949000", "operatingIncome": "1447965000", "sellingGeneralAndAdministrative": "338476000", "researchAndDevelopment": "940507000", "operatingExpenses": "1637909000", "investmentIncomeNet": "None", "netInterestIncome": "None", "interestIncome": "None", "interestExpense": "37819000", "nonInterestIncome": "None", "otherNonOperatingIncome": "None", "depreciation": "None", "depreciationAndAmortization": "300584000", "incomeBeforeTax": "1581569000", "incomeTaxExpense": "371669000", "interestAndDebtExpense": "None", "netIncomeFromContinuingOperations": "None", "comprehensiveIncomeNetOfTax": "None", "ebit": "1447965000", "ebitda": "1748549000", "netIncome": "1209900000"}], "quarterlyReports": [{"fiscalDateEnding": "2025-01-31", "reportedCurrency": "USD", "grossProfit": "3496000000", "totalRevenue": "7166000000", "costOfRevenue": "3670000000", "costofGoodsAndServicesSold": "3670000000", "operatingIncome": "2175000000", "sellingGeneralAndAdministrative": "256000000", "researchAndDevelopment": "859000000", "operatingExpenses": "1321000000", "investmentIncomeNet": "None", "netInterestIncome": "-56000000", "interestIncome": "8000000", "interestExpense": "64000000", "nonInterestIncome": "None", "otherNonOperatingIncome": "None", "depreciation": "None", "depreciationAndAmortization": "105000000", "incomeBeforeTax": "2119000000", "incomeTaxExpense": "934000000", "interestAndDebtExpense": "None", "netIncomeFromContinuingOperations": "1185000000", "comprehensiveIncomeNetOfTax": "None", "ebit": "2183000000", "ebitda": "2288000000", "netIncome": "1185000000"}, {"fiscalDateEnding": "2024-10-31", "reportedCurrency": "USD", "grossProfit": "3338000000", "totalRevenue": "7045000000", "costOfRevenue": "3707000000", "costofGoodsAndServicesSold": "3707000000", "operatingIncome": "2046000000", "sellingGeneralAndAdministrative": "216000000", "researchAndDevelopment": "858000000", "operatingExpenses": "1292000000", "investmentIncomeNet": "None", "netInterestIncome": "-151000000", "interestIncome": "85000000", "interestExpense": "66000000", "nonInterestIncome": "None", "otherNonOperatingIncome": "None", "depreciation": "None", "depreciationAndAmortization": "110000000", "incomeBeforeTax": "1895000000", "incomeTaxExpense": "164000000", "interestAndDebtExpense": "None", "netIncomeFromContinuingOperations": "1731000000", "comprehensiveIncomeNetOfTax": "None", "ebit": "2049000000", "ebitda": "2159000000", "netIncome": "1731000000"}, {"fiscalDateEnding": "2024-07-31", "reportedCurrency": "USD", "grossProfit": "3205000000", "totalRevenue": "6778000000", "costOfRevenue": "3573000000", "costofGoodsAndServicesSold": "3573000000", "operatingIncome": "1942000000", "sellingGeneralAndAdministrative": "222000000", "researchAndDevelopment": "836000000", "operatingExpenses": "1263000000", "investmentIncomeNet": "None", "netInterestIncome": "18000000", "interestIncome": "81000000", "interestExpense": "63000000", "nonInterestIncome": "None", "otherNonOperatingIncome": "None", "depreciation": "None", "depreciationAndAmortization": "95000000", "incomeBeforeTax": "1960000000", "incomeTaxExpense": "255000000", "interestAndDebtExpense": "None", "netIncomeFromContinuingOperations": "1705000000", "comprehensiveIncomeNetOfTax": "None", "ebit": "1942000000", "ebitda": "2037000000", "netIncome": "1705000000"}, {"fiscalDateEnding": "2024-04-30", "reportedCurrency": "USD", "grossProfit": "3153000000", "totalRevenue": "6646000000", "costOfRevenue": "3493000000", "costofGoodsAndServicesSold": "3493000000", "operatingIncome": "1912000000", "sellingGeneralAndAdministrative": "247000000", "researchAndDevelopment": "785000000", "operatingExpenses": "1241000000", "investmentIncomeNet": "None", "netInterestIncome": "82000000", "interestIncome": "141000000", "interestExpense": "59000000", "nonInterestIncome": "None", "otherNonOperatingIncome": "None", "depreciation": "None", "depreciationAndAmortization": "96000000", "incomeBeforeTax": "1994000000", "incomeTaxExpense": "272000000", "interestAndDebtExpense": "None", "netIncomeFromContinuingOperations": "1722000000", "comprehensiveIncomeNetOfTax": "None", "ebit": "1912000000", "ebitda": "2008000000", "netIncome": "1722000000"}, {"fiscalDateEnding": "2024-01-31", "reportedCurrency": "USD", "grossProfit": "3204000000", "totalRevenue": "6707000000", "costOfRevenue": "3503000000", "costofGoodsAndServicesSold": "3503000000", "operatingIncome": "1967000000", "sellingGeneralAndAdministrative": "276000000", "researchAndDevelopment": "754000000", "operatingExpenses": "1237000000", "investmentIncomeNet": "None", "netInterestIncome": "336000000", "interestIncome": "395000000", "interestExpense": "59000000", "nonInterestIncome": "None", "otherNonOperatingIncome": "None", "depreciation": "None", "depreciationAndAmortization": "91000000", "incomeBeforeTax": "2303000000", "incomeTaxExpense": "284000000", "interestAndDebtExpense": "None", "netIncomeFromContinuingOperations": "2019000000", "comprehensiveIncomeNetOfTax": "None", "ebit": "1967000000", "ebitda": "2058000000", "netIncome": "2019000000"}, {"fiscalDateEnding": "2023-10-31", "reportedCurrency": "USD", "grossProfit": "3169000000", "totalRevenue": "6723000000", "costOfRevenue": "3554000000", "costofGoodsAndServicesSold": "3554000000", "operatingIncome": "1971000000", "sellingGeneralAndAdministrative": "217000000", "researchAndDevelopment": "789000000", "operatingExpenses": "1198000000", "investmentIncomeNet": "None", "netInterestIncome": "201000000", "interestIncome": "259000000", "interestExpense": "58000000", "nonInterestIncome": "None", "otherNonOperatingIncome": "None", "depreciation": "None", "depreciationAndAmortization": "130000000", "incomeBeforeTax": "2172000000", "incomeTaxExpense": "168000000", "interestAndDebtExpense": "None", "netIncomeFromContinuingOperations": "2004000000", "comprehensiveIncomeNetOfTax": "None", "ebit": "1971000000", "ebitda": "2101000000", "netIncome": "2004000000"}, {"fiscalDateEnding": "2023-07-31", "reportedCurrency": "USD", "grossProfit": "2976000000", "totalRevenue": "6425000000", "costOfRevenue": "3449000000", "costofGoodsAndServicesSold": "3449000000", "operatingIncome": "1802000000", "sellingGeneralAndAdministrative": "214000000", "researchAndDevelopment": "767000000", "operatingExpenses": "1174000000", "investmentIncomeNet": "None", "netInterestIncome": "4000000", "interestIncome": "64000000", "interestExpense": "60000000", "nonInterestIncome": "None", "otherNonOperatingIncome": "64000000", "depreciation": "None", "depreciationAndAmortization": "136000000", "incomeBeforeTax": "1806000000", "incomeTaxExpense": "246000000", "interestAndDebtExpense": "None", "netIncomeFromContinuingOperations": "1560000000", "comprehensiveIncomeNetOfTax": "None", "ebit": "1802000000", "ebitda": "1938000000", "netIncome": "1560000000"}, {"fiscalDateEnding": "2023-04-30", "reportedCurrency": "USD", "grossProfit": "3094000000", "totalRevenue": "6630000000", "costOfRevenue": "3536000000", "costofGoodsAndServicesSold": "3536000000", "operatingIncome": "1911000000", "sellingGeneralAndAdministrative": "214000000", "researchAndDevelopment": "775000000", "operatingExpenses": "1183000000", "investmentIncomeNet": "None", "netInterestIncome": "-134000000", "interestIncome": "None", "interestExpense": "134000000", "nonInterestIncome": "None", "otherNonOperatingIncome": "-73000000", "depreciation": "None", "depreciationAndAmortization": "129000000", "incomeBeforeTax": "1777000000", "incomeTaxExpense": "202000000", "interestAndDebtExpense": "None", "netIncomeFromContinuingOperations": "1575000000", "comprehensiveIncomeNetOfTax": "None", "ebit": "1911000000", "ebitda": "2040000000", "netIncome": "1575000000"}, {"fiscalDateEnding": "2023-01-31", "reportedCurrency": "USD", "grossProfit": "3145000000", "totalRevenue": "6739000000", "costOfRevenue": "3594000000", "costofGoodsAndServicesSold": "3594000000", "operatingIncome": "1970000000", "sellingGeneralAndAdministrative": "207000000", "researchAndDevelopment": "771000000", "operatingExpenses": "1175000000", "investmentIncomeNet": "None", "netInterestIncome": "-9000000", "interestIncome": "50000000", "interestExpense": "59000000", "nonInterestIncome": "None", "otherNonOperatingIncome": "50000000", "depreciation": "None", "depreciationAndAmortization": "120000000", "incomeBeforeTax": "1961000000", "incomeTaxExpense": "244000000", "interestAndDebtExpense": "None", "netIncomeFromContinuingOperations": "1717000000", "comprehensiveIncomeNetOfTax": "None", "ebit": "2017000000", "ebitda": "2137000000", "netIncome": "1717000000"}, {"fiscalDateEnding": "2022-10-31", "reportedCurrency": "USD", "grossProfit": "3101000000", "totalRevenue": "6749000000", "costOfRevenue": "3648000000", "costofGoodsAndServicesSold": "3648000000", "operatingIncome": "1994000000", "sellingGeneralAndAdministrative": "198000000", "researchAndDevelopment": "726000000", "operatingExpenses": "1107000000", "investmentIncomeNet": "None", "netInterestIncome": "-45000000", "interestIncome": "12000000", "interestExpense": "57000000", "nonInterestIncome": "None", "otherNonOperatingIncome": "12000000", "depreciation": "None", "depreciationAndAmortization": "123000000", "incomeBeforeTax": "1949000000", "incomeTaxExpense": "358000000", "interestAndDebtExpense": "None", "netIncomeFromContinuingOperations": "1591000000", "comprehensiveIncomeNetOfTax": "None", "ebit": "1994000000", "ebitda": "2117000000", "netIncome": "1591000000"}, {"fiscalDateEnding": "2022-07-31", "reportedCurrency": "USD", "grossProfit": "3006000000", "totalRevenue": "6520000000", "costOfRevenue": "3514000000", "costofGoodsAndServicesSold": "3514000000", "operatingIncome": "1924000000", "sellingGeneralAndAdministrative": "197000000", "researchAndDevelopment": "705000000", "operatingExpenses": "1082000000", "investmentIncomeNet": "None", "netInterestIncome": "-63000000", "interestIncome": "None", "interestExpense": "63000000", "nonInterestIncome": "None", "otherNonOperatingIncome": "-7000000", "depreciation": "None", "depreciationAndAmortization": "108000000", "incomeBeforeTax": "1861000000", "incomeTaxExpense": "255000000", "interestAndDebtExpense": "None", "netIncomeFromContinuingOperations": "1606000000", "comprehensiveIncomeNetOfTax": "None", "ebit": "1924000000", "ebitda": "2032000000", "netIncome": "1606000000"}, {"fiscalDateEnding": "2022-04-30", "reportedCurrency": "USD", "grossProfit": "2927000000", "totalRevenue": "6245000000", "costOfRevenue": "3318000000", "costofGoodsAndServicesSold": "3318000000", "operatingIncome": "1894000000", "sellingGeneralAndAdministrative": "174000000", "researchAndDevelopment": "686000000", "operatingExpenses": "1033000000", "investmentIncomeNet": "None", "netInterestIncome": "-30000000", "interestIncome": "28000000", "interestExpense": "58000000", "nonInterestIncome": "None", "otherNonOperatingIncome": "28000000", "depreciation": "None", "depreciationAndAmortization": "111000000", "incomeBeforeTax": "1864000000", "incomeTaxExpense": "328000000", "interestAndDebtExpense": "None", "netIncomeFromContinuingOperations": "1536000000", "comprehensiveIncomeNetOfTax": "None", "ebit": "1894000000", "ebitda": "2005000000", "netIncome": "1536000000"}, {"fiscalDateEnding": "2022-01-31", "reportedCurrency": "USD", "grossProfit": "2959000000", "totalRevenue": "6271000000", "costOfRevenue": "3312000000", "costofGoodsAndServicesSold": "3312000000", "operatingIncome": "1976000000", "sellingGeneralAndAdministrative": "166000000", "researchAndDevelopment": "654000000", "operatingExpenses": "987000000", "investmentIncomeNet": "None", "netInterestIncome": "-51000000", "interestIncome": "6000000", "interestExpense": "57000000", "nonInterestIncome": "None", "otherNonOperatingIncome": "6000000", "depreciation": "None", "depreciationAndAmortization": "102000000", "incomeBeforeTax": "1925000000", "incomeTaxExpense": "133000000", "interestAndDebtExpense": "None", "netIncomeFromContinuingOperations": "1792000000", "comprehensiveIncomeNetOfTax": "None", "ebit": "1972000000", "ebitda": "2074000000", "netIncome": "1792000000"}, {"fiscalDateEnding": "2021-10-31", "reportedCurrency": "USD", "grossProfit": "2945000000", "totalRevenue": "6123000000", "costOfRevenue": "3178000000", "costofGoodsAndServicesSold": "3178000000", "operatingIncome": "2014000000", "sellingGeneralAndAdministrative": "155000000", "researchAndDevelopment": "622000000", "operatingExpenses": "932000000", "investmentIncomeNet": "None", "netInterestIncome": "-8000000", "interestIncome": "49000000", "interestExpense": "57000000", "nonInterestIncome": "None", "otherNonOperatingIncome": "49000000", "depreciation": "None", "depreciationAndAmortization": "105000000", "incomeBeforeTax": "2006000000", "incomeTaxExpense": "294000000", "interestAndDebtExpense": "None", "netIncomeFromContinuingOperations": "1712000000", "comprehensiveIncomeNetOfTax": "None", "ebit": "2018000000", "ebitda": "2123000000", "netIncome": "1712000000"}, {"fiscalDateEnding": "2021-07-31", "reportedCurrency": "USD", "grossProfit": "2967000000", "totalRevenue": "6196000000", "costOfRevenue": "3229000000", "costofGoodsAndServicesSold": "3229000000", "operatingIncome": "2013000000", "sellingGeneralAndAdministrative": "155000000", "researchAndDevelopment": "640000000", "operatingExpenses": "954000000", "investmentIncomeNet": "None", "netInterestIncome": "-33000000", "interestIncome": "24000000", "interestExpense": "57000000", "nonInterestIncome": "None", "otherNonOperatingIncome": "24000000", "depreciation": "None", "depreciationAndAmortization": "98000000", "incomeBeforeTax": "1980000000", "incomeTaxExpense": "264000000", "interestAndDebtExpense": "None", "netIncomeFromContinuingOperations": "1716000000", "comprehensiveIncomeNetOfTax": "None", "ebit": "2018000000", "ebitda": "2116000000", "netIncome": "1716000000"}, {"fiscalDateEnding": "2021-04-30", "reportedCurrency": "USD", "grossProfit": "2653000000", "totalRevenue": "5582000000", "costOfRevenue": "2929000000", "costofGoodsAndServicesSold": "2929000000", "operatingIncome": "1579000000", "sellingGeneralAndAdministrative": "149000000", "researchAndDevelopment": "617000000", "operatingExpenses": "914000000", "investmentIncomeNet": "None", "netInterestIncome": "-34000000", "interestIncome": "27000000", "interestExpense": "61000000", "nonInterestIncome": "None", "otherNonOperatingIncome": "27000000", "depreciation": "None", "depreciationAndAmortization": "97000000", "incomeBeforeTax": "1545000000", "incomeTaxExpense": "215000000", "interestAndDebtExpense": "None", "netIncomeFromContinuingOperations": "1330000000", "comprehensiveIncomeNetOfTax": "None", "ebit": "1751000000", "ebitda": "1848000000", "netIncome": "1330000000"}, {"fiscalDateEnding": "2021-01-31", "reportedCurrency": "USD", "grossProfit": "2349000000", "totalRevenue": "5162000000", "costOfRevenue": "2813000000", "costofGoodsAndServicesSold": "2813000000", "operatingIncome": "1283000000", "sellingGeneralAndAdministrative": "161000000", "researchAndDevelopment": "606000000", "operatingExpenses": "914000000", "investmentIncomeNet": "None", "netInterestIncome": "-43000000", "interestIncome": "18000000", "interestExpense": "61000000", "nonInterestIncome": "None", "otherNonOperatingIncome": "18000000", "depreciation": "None", "depreciationAndAmortization": "94000000", "incomeBeforeTax": "1240000000", "incomeTaxExpense": "110000000", "interestAndDebtExpense": "None", "netIncomeFromContinuingOperations": "1130000000", "comprehensiveIncomeNetOfTax": "None", "ebit": "1471000000", "ebitda": "1565000000", "netIncome": "1130000000"}, {"fiscalDateEnding": "2020-10-31", "reportedCurrency": "USD", "grossProfit": "2130000000", "totalRevenue": "4688000000", "costOfRevenue": "2558000000", "costofGoodsAndServicesSold": "2558000000", "operatingIncome": "1283000000", "sellingGeneralAndAdministrative": "156000000", "researchAndDevelopment": "560000000", "operatingExpenses": "847000000", "investmentIncomeNet": "None", "netInterestIncome": "-40000000", "interestIncome": "19000000", "interestExpense": "59000000", "nonInterestIncome": "None", "otherNonOperatingIncome": "19000000", "depreciation": "None", "depreciationAndAmortization": "97000000", "incomeBeforeTax": "1243000000", "incomeTaxExpense": "112000000", "interestAndDebtExpense": "None", "netIncomeFromContinuingOperations": "1131000000", "comprehensiveIncomeNetOfTax": "None", "ebit": "1302000000", "ebitda": "1399000000", "netIncome": "1131000000"}, {"fiscalDateEnding": "2020-07-31", "reportedCurrency": "USD", "grossProfit": "1955000000", "totalRevenue": "4395000000", "costOfRevenue": "2440000000", "costofGoodsAndServicesSold": "2440000000", "operatingIncome": "1108000000", "sellingGeneralAndAdministrative": "145000000", "researchAndDevelopment": "572000000", "operatingExpenses": "847000000", "investmentIncomeNet": "None", "netInterestIncome": "-61000000", "interestIncome": "None", "interestExpense": "68000000", "nonInterestIncome": "None", "otherNonOperatingIncome": "-7000000", "depreciation": "None", "depreciationAndAmortization": "94000000", "incomeBeforeTax": "1040000000", "incomeTaxExpense": "199000000", "interestAndDebtExpense": "None", "netIncomeFromContinuingOperations": "841000000", "comprehensiveIncomeNetOfTax": "None", "ebit": "1108000000", "ebitda": "1202000000", "netIncome": "841000000"}, {"fiscalDateEnding": "2020-04-30", "reportedCurrency": "USD", "grossProfit": "1749000000", "totalRevenue": "3957000000", "costOfRevenue": "2208000000", "costofGoodsAndServicesSold": "2208000000", "operatingIncome": "932000000", "sellingGeneralAndAdministrative": "137000000", "researchAndDevelopment": "550000000", "operatingExpenses": "817000000", "investmentIncomeNet": "None", "netInterestIncome": "-54000000", "interestIncome": "7000000", "interestExpense": "61000000", "nonInterestIncome": "None", "otherNonOperatingIncome": "7000000", "depreciation": "None", "depreciationAndAmortization": "91000000", "incomeBeforeTax": "878000000", "incomeTaxExpense": "123000000", "interestAndDebtExpense": "None", "netIncomeFromContinuingOperations": "755000000", "comprehensiveIncomeNetOfTax": "None", "ebit": "939000000", "ebitda": "1030000000", "netIncome": "755000000"}, {"fiscalDateEnding": "2020-01-31", "reportedCurrency": "USD", "grossProfit": "1858000000", "totalRevenue": "4162000000", "costOfRevenue": "2304000000", "costofGoodsAndServicesSold": "2304000000", "operatingIncome": "1042000000", "sellingGeneralAndAdministrative": "129000000", "researchAndDevelopment": "552000000", "operatingExpenses": "816000000", "investmentIncomeNet": "None", "netInterestIncome": "-37000000", "interestIncome": "22000000", "interestExpense": "59000000", "nonInterestIncome": "None", "otherNonOperatingIncome": "22000000", "depreciation": "None", "depreciationAndAmortization": "94000000", "incomeBeforeTax": "1005000000", "incomeTaxExpense": "113000000", "interestAndDebtExpense": "None", "netIncomeFromContinuingOperations": "892000000", "comprehensiveIncomeNetOfTax": "None", "ebit": "1055000000", "ebitda": "1149000000", "netIncome": "892000000"}, {"fiscalDateEnding": "2019-10-31", "reportedCurrency": "USD", "grossProfit": "1634000000", "totalRevenue": "3754000000", "costOfRevenue": "2120000000", "costofGoodsAndServicesSold": "2120000000", "operatingIncome": "864000000", "sellingGeneralAndAdministrative": "126000000", "researchAndDevelopment": "515000000", "operatingExpenses": "770000000", "investmentIncomeNet": "None", "netInterestIncome": "-24000000", "interestIncome": "35000000", "interestExpense": "59000000", "nonInterestIncome": "None", "otherNonOperatingIncome": "35000000", "depreciation": "None", "depreciationAndAmortization": "92000000", "incomeBeforeTax": "840000000", "incomeTaxExpense": "142000000", "interestAndDebtExpense": "None", "netIncomeFromContinuingOperations": "698000000", "comprehensiveIncomeNetOfTax": "None", "ebit": "899000000", "ebitda": "991000000", "netIncome": "698000000"}, {"fiscalDateEnding": "2019-07-31", "reportedCurrency": "USD", "grossProfit": "1557000000", "totalRevenue": "3562000000", "costOfRevenue": "2005000000", "costofGoodsAndServicesSold": "2005000000", "operatingIncome": "802000000", "sellingGeneralAndAdministrative": "112000000", "researchAndDevelopment": "515000000", "operatingExpenses": "755000000", "investmentIncomeNet": "None", "netInterestIncome": "-20000000", "interestIncome": "38000000", "interestExpense": "58000000", "nonInterestIncome": "None", "otherNonOperatingIncome": "38000000", "depreciation": "None", "depreciationAndAmortization": "89000000", "incomeBeforeTax": "782000000", "incomeTaxExpense": "211000000", "interestAndDebtExpense": "None", "netIncomeFromContinuingOperations": "571000000", "comprehensiveIncomeNetOfTax": "None", "ebit": "807000000", "ebitda": "896000000", "netIncome": "571000000"}, {"fiscalDateEnding": "2019-04-30", "reportedCurrency": "USD", "grossProfit": "1530000000", "totalRevenue": "3539000000", "costOfRevenue": "2009000000", "costofGoodsAndServicesSold": "2009000000", "operatingIncome": "776000000", "sellingGeneralAndAdministrative": "113000000", "researchAndDevelopment": "508000000", "operatingExpenses": "754000000", "investmentIncomeNet": "None", "netInterestIncome": "-17000000", "interestIncome": "43000000", "interestExpense": "60000000", "nonInterestIncome": "None", "otherNonOperatingIncome": "43000000", "depreciation": "None", "depreciationAndAmortization": "94000000", "incomeBeforeTax": "759000000", "incomeTaxExpense": "93000000", "interestAndDebtExpense": "None", "netIncomeFromContinuingOperations": "666000000", "comprehensiveIncomeNetOfTax": "None", "ebit": "780000000", "ebitda": "874000000", "netIncome": "666000000"}, {"fiscalDateEnding": "2019-01-31", "reportedCurrency": "USD", "grossProfit": "1665000000", "totalRevenue": "3753000000", "costOfRevenue": "2088000000", "costofGoodsAndServicesSold": "2088000000", "operatingIncome": "908000000", "sellingGeneralAndAdministrative": "110000000", "researchAndDevelopment": "516000000", "operatingExpenses": "757000000", "investmentIncomeNet": "None", "netInterestIncome": "None", "interestIncome": "None", "interestExpense": "60000000", "nonInterestIncome": "None", "otherNonOperatingIncome": "40000000", "depreciation": "None", "depreciationAndAmortization": "88000000", "incomeBeforeTax": "888000000", "incomeTaxExpense": "117000000", "interestAndDebtExpense": "None", "netIncomeFromContinuingOperations": "771000000", "comprehensiveIncomeNetOfTax": "None", "ebit": "948000000", "ebitda": "1036000000", "netIncome": "771000000"}, {"fiscalDateEnding": "2018-10-31", "reportedCurrency": "USD", "grossProfit": "1780000000", "totalRevenue": "4014000000", "costOfRevenue": "2234000000", "costofGoodsAndServicesSold": "2234000000", "operatingIncome": "1016000000", "sellingGeneralAndAdministrative": "119000000", "researchAndDevelopment": "518000000", "operatingExpenses": "764000000", "investmentIncomeNet": "None", "netInterestIncome": "None", "interestIncome": "None", "interestExpense": "60000000", "nonInterestIncome": "None", "otherNonOperatingIncome": "42000000", "depreciation": "None", "depreciationAndAmortization": "120000000", "incomeBeforeTax": "998000000", "incomeTaxExpense": "122000000", "interestAndDebtExpense": "None", "netIncomeFromContinuingOperations": "876000000", "comprehensiveIncomeNetOfTax": "None", "ebit": "1058000000", "ebitda": "1178000000", "netIncome": "876000000"}, {"fiscalDateEnding": "2018-07-31", "reportedCurrency": "USD", "grossProfit": "2027000000", "totalRevenue": "4468000000", "costOfRevenue": "2441000000", "costofGoodsAndServicesSold": "2441000000", "operatingIncome": "1257000000", "sellingGeneralAndAdministrative": "128000000", "researchAndDevelopment": "504000000", "operatingExpenses": "770000000", "investmentIncomeNet": "None", "netInterestIncome": "None", "interestIncome": "None", "interestExpense": "59000000", "nonInterestIncome": "None", "otherNonOperatingIncome": "41000000", "depreciation": "None", "depreciationAndAmortization": "110000000", "incomeBeforeTax": "1239000000", "incomeTaxExpense": "66000000", "interestAndDebtExpense": "None", "netIncomeFromContinuingOperations": "1173000000", "comprehensiveIncomeNetOfTax": "None", "ebit": "1093000000", "ebitda": "1203000000", "netIncome": "1173000000"}, {"fiscalDateEnding": "2018-04-30", "reportedCurrency": "USD", "grossProfit": "2090000000", "totalRevenue": "4567000000", "costOfRevenue": "2477000000", "costofGoodsAndServicesSold": "2477000000", "operatingIncome": "1327000000", "sellingGeneralAndAdministrative": "124000000", "researchAndDevelopment": "509000000", "operatingExpenses": "763000000", "investmentIncomeNet": "None", "netInterestIncome": "None", "interestIncome": "None", "interestExpense": "56000000", "nonInterestIncome": "None", "otherNonOperatingIncome": "24000000", "depreciation": "None", "depreciationAndAmortization": "108000000", "incomeBeforeTax": "1295000000", "incomeTaxExpense": "166000000", "interestAndDebtExpense": "None", "netIncomeFromContinuingOperations": "1129000000", "comprehensiveIncomeNetOfTax": "None", "ebit": "1292000000", "ebitda": "1400000000", "netIncome": "1129000000"}, {"fiscalDateEnding": "2018-01-31", "reportedCurrency": "USD", "grossProfit": "1920000000", "totalRevenue": "4204000000", "costOfRevenue": "2284000000", "costofGoodsAndServicesSold": "2284000000", "operatingIncome": "1196000000", "sellingGeneralAndAdministrative": "110000000", "researchAndDevelopment": "488000000", "operatingExpenses": "724000000", "investmentIncomeNet": "None", "netInterestIncome": "None", "interestIncome": "None", "interestExpense": "59000000", "nonInterestIncome": "None", "otherNonOperatingIncome": "25000000", "depreciation": "None", "depreciationAndAmortization": "119000000", "incomeBeforeTax": "1162000000", "incomeTaxExpense": "1027000000", "interestAndDebtExpense": "None", "netIncomeFromContinuingOperations": "135000000", "comprehensiveIncomeNetOfTax": "None", "ebit": "1215000000", "ebitda": "1334000000", "netIncome": "135000000"}, {"fiscalDateEnding": "2017-10-31", "reportedCurrency": "USD", "grossProfit": "1787000000", "totalRevenue": "3969000000", "costOfRevenue": "2182000000", "costofGoodsAndServicesSold": "2182000000", "operatingIncome": "1098000000", "sellingGeneralAndAdministrative": "118000000", "researchAndDevelopment": "466000000", "operatingExpenses": "689000000", "investmentIncomeNet": "None", "netInterestIncome": "None", "interestIncome": "None", "interestExpense": "57000000", "nonInterestIncome": "None", "otherNonOperatingIncome": "33000000", "depreciation": "None", "depreciationAndAmortization": "105000000", "incomeBeforeTax": "1074000000", "incomeTaxExpense": "92000000", "interestAndDebtExpense": "None", "netIncomeFromContinuingOperations": "982000000", "comprehensiveIncomeNetOfTax": "None", "ebit": "1131000000", "ebitda": "1236000000", "netIncome": "982000000"}, {"fiscalDateEnding": "2017-07-31", "reportedCurrency": "USD", "grossProfit": "1700000000", "totalRevenue": "3744000000", "costOfRevenue": "2044000000", "costofGoodsAndServicesSold": "2044000000", "operatingIncome": "1023000000", "sellingGeneralAndAdministrative": "106000000", "researchAndDevelopment": "454000000", "operatingExpenses": "677000000", "investmentIncomeNet": "None", "netInterestIncome": "None", "interestIncome": "None", "interestExpense": "59000000", "nonInterestIncome": "None", "otherNonOperatingIncome": "14000000", "depreciation": "None", "depreciationAndAmortization": "102000000", "incomeBeforeTax": "978000000", "incomeTaxExpense": "53000000", "interestAndDebtExpense": "None", "netIncomeFromContinuingOperations": "925000000", "comprehensiveIncomeNetOfTax": "None", "ebit": "1024000000", "ebitda": "1126000000", "netIncome": "925000000"}, {"fiscalDateEnding": "2017-04-30", "reportedCurrency": "USD", "grossProfit": "1600000000", "totalRevenue": "3546000000", "costOfRevenue": "1946000000", "costofGoodsAndServicesSold": "1946000000", "operatingIncome": "940000000", "sellingGeneralAndAdministrative": "107000000", "researchAndDevelopment": "437000000", "operatingExpenses": "660000000", "investmentIncomeNet": "None", "netInterestIncome": "None", "interestIncome": "None", "interestExpense": "44000000", "nonInterestIncome": "None", "otherNonOperatingIncome": "12000000", "depreciation": "None", "depreciationAndAmortization": "103000000", "incomeBeforeTax": "908000000", "incomeTaxExpense": "84000000", "interestAndDebtExpense": "None", "netIncomeFromContinuingOperations": "824000000", "comprehensiveIncomeNetOfTax": "None", "ebit": "940000000", "ebitda": "1043000000", "netIncome": "824000000"}, {"fiscalDateEnding": "2017-01-31", "reportedCurrency": "USD", "grossProfit": "1445000000", "totalRevenue": "3278000000", "costOfRevenue": "1833000000", "costofGoodsAndServicesSold": "1833000000", "operatingIncome": "807000000", "sellingGeneralAndAdministrative": "103000000", "researchAndDevelopment": "417000000", "operatingExpenses": "638000000", "investmentIncomeNet": "None", "netInterestIncome": "None", "interestIncome": "None", "interestExpense": "38000000", "nonInterestIncome": "None", "otherNonOperatingIncome": "2000000", "depreciation": "None", "depreciationAndAmortization": "97000000", "incomeBeforeTax": "771000000", "incomeTaxExpense": "68000000", "interestAndDebtExpense": "None", "netIncomeFromContinuingOperations": "703000000", "comprehensiveIncomeNetOfTax": "None", "ebit": "807000000", "ebitda": "904000000", "netIncome": "703000000"}, {"fiscalDateEnding": "2016-10-31", "reportedCurrency": "USD", "grossProfit": "1399000000", "totalRevenue": "3297000000", "costOfRevenue": "1898000000", "costofGoodsAndServicesSold": "1898000000", "operatingIncome": "777000000", "sellingGeneralAndAdministrative": "114000000", "researchAndDevelopment": "394000000", "operatingExpenses": "622000000", "investmentIncomeNet": "None", "netInterestIncome": "None", "interestIncome": "None", "interestExpense": "38000000", "nonInterestIncome": "None", "otherNonOperatingIncome": "1000000", "depreciation": "None", "depreciationAndAmortization": "100000000", "incomeBeforeTax": "740000000", "incomeTaxExpense": "130000000", "interestAndDebtExpense": "None", "netIncomeFromContinuingOperations": "610000000", "comprehensiveIncomeNetOfTax": "None", "ebit": "778000000", "ebitda": "878000000", "netIncome": "610000000"}, {"fiscalDateEnding": "2016-07-31", "reportedCurrency": "USD", "grossProfit": "1192000000", "totalRevenue": "2821000000", "costOfRevenue": "1629000000", "costofGoodsAndServicesSold": "1629000000", "operatingIncome": "596000000", "sellingGeneralAndAdministrative": "103000000", "researchAndDevelopment": "386000000", "operatingExpenses": "596000000", "investmentIncomeNet": "None", "netInterestIncome": "None", "interestIncome": "None", "interestExpense": "38000000", "nonInterestIncome": "None", "otherNonOperatingIncome": "6000000", "depreciation": "None", "depreciationAndAmortization": "97000000", "incomeBeforeTax": "564000000", "incomeTaxExpense": "59000000", "interestAndDebtExpense": "None", "netIncomeFromContinuingOperations": "505000000", "comprehensiveIncomeNetOfTax": "None", "ebit": "597000000", "ebitda": "694000000", "netIncome": "505000000"}, {"fiscalDateEnding": "2016-04-30", "reportedCurrency": "USD", "grossProfit": "1004000000", "totalRevenue": "2450000000", "costOfRevenue": "1446000000", "costofGoodsAndServicesSold": "1446000000", "operatingIncome": "425000000", "sellingGeneralAndAdministrative": "91000000", "researchAndDevelopment": "386000000", "operatingExpenses": "579000000", "investmentIncomeNet": "None", "netInterestIncome": "None", "interestIncome": "None", "interestExpense": "37000000", "nonInterestIncome": "None", "otherNonOperatingIncome": "7000000", "depreciation": "None", "depreciationAndAmortization": "96000000", "incomeBeforeTax": "395000000", "incomeTaxExpense": "75000000", "interestAndDebtExpense": "None", "netIncomeFromContinuingOperations": "320000000", "comprehensiveIncomeNetOfTax": "None", "ebit": "425000000", "ebitda": "521000000", "netIncome": "320000000"}, {"fiscalDateEnding": "2016-01-31", "reportedCurrency": "USD", "grossProfit": "916000000", "totalRevenue": "2257000000", "costOfRevenue": "1341000000", "costofGoodsAndServicesSold": "1341000000", "operatingIncome": "354000000", "sellingGeneralAndAdministrative": "82000000", "researchAndDevelopment": "374000000", "operatingExpenses": "562000000", "investmentIncomeNet": "None", "netInterestIncome": "None", "interestIncome": "None", "interestExpense": "42000000", "nonInterestIncome": "None", "otherNonOperatingIncome": "2000000", "depreciation": "None", "depreciationAndAmortization": "96000000", "incomeBeforeTax": "314000000", "incomeTaxExpense": "28000000", "interestAndDebtExpense": "None", "netIncomeFromContinuingOperations": "286000000", "comprehensiveIncomeNetOfTax": "None", "ebit": "353000000", "ebitda": "449000000", "netIncome": "286000000"}, {"fiscalDateEnding": "2015-10-31", "reportedCurrency": "USD", "grossProfit": "959000000", "totalRevenue": "2368000000", "costOfRevenue": "1409000000", "costofGoodsAndServicesSold": "1409000000", "operatingIncome": "423000000", "sellingGeneralAndAdministrative": "77000000", "researchAndDevelopment": "363000000", "operatingExpenses": "536000000", "investmentIncomeNet": "None", "netInterestIncome": "None", "interestIncome": "None", "interestExpense": "32000000", "nonInterestIncome": "None", "otherNonOperatingIncome": "6000000", "depreciation": "None", "depreciationAndAmortization": "96000000", "incomeBeforeTax": "397000000", "incomeTaxExpense": "61000000", "interestAndDebtExpense": "None", "netIncomeFromContinuingOperations": "336000000", "comprehensiveIncomeNetOfTax": "None", "ebit": "419000000", "ebitda": "515000000", "netIncome": "336000000"}, {"fiscalDateEnding": "2015-07-31", "reportedCurrency": "USD", "grossProfit": "1018000000", "totalRevenue": "2490000000", "costOfRevenue": "1472000000", "costofGoodsAndServicesSold": "1472000000", "operatingIncome": "396000000", "sellingGeneralAndAdministrative": "135000000", "researchAndDevelopment": "372000000", "operatingExpenses": "619000000", "investmentIncomeNet": "None", "netInterestIncome": "None", "interestIncome": "None", "interestExpense": "24000000", "nonInterestIncome": "None", "otherNonOperatingIncome": "3000000", "depreciation": "None", "depreciationAndAmortization": "93000000", "incomeBeforeTax": "375000000", "incomeTaxExpense": "46000000", "interestAndDebtExpense": "None", "netIncomeFromContinuingOperations": "329000000", "comprehensiveIncomeNetOfTax": "None", "ebit": "452000000", "ebitda": "545000000", "netIncome": "329000000"}, {"fiscalDateEnding": "2015-04-30", "reportedCurrency": "USD", "grossProfit": "1016000000", "totalRevenue": "2442000000", "costOfRevenue": "1426000000", "costofGoodsAndServicesSold": "1426000000", "operatingIncome": "416000000", "sellingGeneralAndAdministrative": "140000000", "researchAndDevelopment": "365000000", "operatingExpenses": "614000000", "investmentIncomeNet": "None", "netInterestIncome": "None", "interestIncome": "None", "interestExpense": "27000000", "nonInterestIncome": "None", "otherNonOperatingIncome": "-3000000", "depreciation": "None", "depreciationAndAmortization": "90000000", "incomeBeforeTax": "389000000", "incomeTaxExpense": "25000000", "interestAndDebtExpense": "None", "netIncomeFromContinuingOperations": "364000000", "comprehensiveIncomeNetOfTax": "None", "ebit": "416000000", "ebitda": "506000000", "netIncome": "364000000"}, {"fiscalDateEnding": "2015-01-31", "reportedCurrency": "USD", "grossProfit": "959000000", "totalRevenue": "2359000000", "costOfRevenue": "1400000000", "costofGoodsAndServicesSold": "1400000000", "operatingIncome": "458000000", "sellingGeneralAndAdministrative": "39000000", "researchAndDevelopment": "351000000", "operatingExpenses": "501000000", "investmentIncomeNet": "None", "netInterestIncome": "None", "interestIncome": "None", "interestExpense": "23000000", "nonInterestIncome": "None", "otherNonOperatingIncome": "2000000", "depreciation": "None", "depreciationAndAmortization": "92000000", "incomeBeforeTax": "437000000", "incomeTaxExpense": "89000000", "interestAndDebtExpense": "None", "netIncomeFromContinuingOperations": "348000000", "comprehensiveIncomeNetOfTax": "None", "ebit": "401000000", "ebitda": "493000000", "netIncome": "348000000"}, {"fiscalDateEnding": "2014-10-31", "reportedCurrency": "USD", "grossProfit": "959000000", "totalRevenue": "2264000000", "costOfRevenue": "1305000000", "costofGoodsAndServicesSold": "1305000000", "operatingIncome": "412000000", "sellingGeneralAndAdministrative": "90000000", "researchAndDevelopment": "360000000", "operatingExpenses": "549000000", "investmentIncomeNet": "None", "netInterestIncome": "None", "interestIncome": "None", "interestExpense": "23000000", "nonInterestIncome": "None", "otherNonOperatingIncome": "6000000", "depreciation": "None", "depreciationAndAmortization": "94000000", "incomeBeforeTax": "398000000", "incomeTaxExpense": "108000000", "interestAndDebtExpense": "None", "netIncomeFromContinuingOperations": "256000000", "comprehensiveIncomeNetOfTax": "None", "ebit": "372000000", "ebitda": "466000000", "netIncome": "290000000"}, {"fiscalDateEnding": "2014-07-31", "reportedCurrency": "USD", "grossProfit": "992000000", "totalRevenue": "2265000000", "costOfRevenue": "1273000000", "costofGoodsAndServicesSold": "1273000000", "operatingIncome": "391000000", "sellingGeneralAndAdministrative": "136000000", "researchAndDevelopment": "357000000", "operatingExpenses": "601000000", "investmentIncomeNet": "None", "netInterestIncome": "None", "interestIncome": "None", "interestExpense": "24000000", "nonInterestIncome": "None", "otherNonOperatingIncome": "3000000", "depreciation": "None", "depreciationAndAmortization": "93000000", "incomeBeforeTax": "370000000", "incomeTaxExpense": "69000000", "interestAndDebtExpense": "None", "netIncomeFromContinuingOperations": "301000000", "comprehensiveIncomeNetOfTax": "None", "ebit": "433000000", "ebitda": "526000000", "netIncome": "301000000"}, {"fiscalDateEnding": "2014-04-30", "reportedCurrency": "USD", "grossProfit": "1001000000", "totalRevenue": "2353000000", "costOfRevenue": "1352000000", "costofGoodsAndServicesSold": "1352000000", "operatingIncome": "387000000", "sellingGeneralAndAdministrative": "152000000", "researchAndDevelopment": "355000000", "operatingExpenses": "614000000", "investmentIncomeNet": "None", "netInterestIncome": "None", "interestIncome": "None", "interestExpense": "23000000", "nonInterestIncome": "None", "otherNonOperatingIncome": "1000000", "depreciation": "None", "depreciationAndAmortization": "94000000", "incomeBeforeTax": "365000000", "incomeTaxExpense": "103000000", "interestAndDebtExpense": "None", "netIncomeFromContinuingOperations": "262000000", "comprehensiveIncomeNetOfTax": "None", "ebit": "436000000", "ebitda": "530000000", "netIncome": "262000000"}, {"fiscalDateEnding": "2014-01-31", "reportedCurrency": "USD", "grossProfit": "891000000", "totalRevenue": "2190000000", "costOfRevenue": "1299000000", "costofGoodsAndServicesSold": "1299000000", "operatingIncome": "330000000", "sellingGeneralAndAdministrative": "89000000", "researchAndDevelopment": "356000000", "operatingExpenses": "554000000", "investmentIncomeNet": "None", "netInterestIncome": "None", "interestIncome": "None", "interestExpense": "25000000", "nonInterestIncome": "None", "otherNonOperatingIncome": "13000000", "depreciation": "None", "depreciationAndAmortization": "94000000", "incomeBeforeTax": "315000000", "incomeTaxExpense": "62000000", "interestAndDebtExpense": "None", "netIncomeFromContinuingOperations": "253000000", "comprehensiveIncomeNetOfTax": "None", "ebit": "306000000", "ebitda": "400000000", "netIncome": "253000000"}, {"fiscalDateEnding": "2013-10-31", "reportedCurrency": "USD", "grossProfit": "795000000", "totalRevenue": "1988000000", "costOfRevenue": "1193000000", "costofGoodsAndServicesSold": "1193000000", "operatingIncome": "211000000", "sellingGeneralAndAdministrative": "117000000", "researchAndDevelopment": "338000000", "operatingExpenses": "554000000", "investmentIncomeNet": "None", "netInterestIncome": "None", "interestIncome": "None", "interestExpense": "24000000", "nonInterestIncome": "None", "otherNonOperatingIncome": "31000000", "depreciation": "None", "depreciationAndAmortization": "98000000", "incomeBeforeTax": "194000000", "incomeTaxExpense": "11000000", "interestAndDebtExpense": "None", "netIncomeFromContinuingOperations": "183000000", "comprehensiveIncomeNetOfTax": "None", "ebit": "241000000", "ebitda": "339000000", "netIncome": "183000000"}, {"fiscalDateEnding": "2013-07-31", "reportedCurrency": "USD", "grossProfit": "806000000", "totalRevenue": "1975000000", "costOfRevenue": "1169000000", "costofGoodsAndServicesSold": "1169000000", "operatingIncome": "250000000", "sellingGeneralAndAdministrative": "97000000", "researchAndDevelopment": "334000000", "operatingExpenses": "542000000", "investmentIncomeNet": "None", "netInterestIncome": "None", "interestIncome": "None", "interestExpense": "23000000", "nonInterestIncome": "None", "otherNonOperatingIncome": "-19000000", "depreciation": "None", "depreciationAndAmortization": "100000000", "incomeBeforeTax": "228000000", "incomeTaxExpense": "60000000", "interestAndDebtExpense": "None", "netIncomeFromContinuingOperations": "168000000", "comprehensiveIncomeNetOfTax": "None", "ebit": "251000000", "ebitda": "351000000", "netIncome": "168000000"}, {"fiscalDateEnding": "2013-04-30", "reportedCurrency": "USD", "grossProfit": "808000000", "totalRevenue": "1973000000", "costOfRevenue": "1165000000", "costofGoodsAndServicesSold": "1165000000", "operatingIncome": "-68000000", "sellingGeneralAndAdministrative": "115000000", "researchAndDevelopment": "344000000", "operatingExpenses": "588000000", "investmentIncomeNet": "None", "netInterestIncome": "None", "interestIncome": "None", "interestExpense": "24000000", "nonInterestIncome": "None", "otherNonOperatingIncome": "4000000", "depreciation": "None", "depreciationAndAmortization": "106000000", "incomeBeforeTax": "-90000000", "incomeTaxExpense": "39000000", "interestAndDebtExpense": "None", "netIncomeFromContinuingOperations": "-129000000", "comprehensiveIncomeNetOfTax": "None", "ebit": "-66000000", "ebitda": "40000000", "netIncome": "-129000000"}, {"fiscalDateEnding": "2013-01-31", "reportedCurrency": "USD", "grossProfit": "582000000", "totalRevenue": "1573000000", "costOfRevenue": "991000000", "costofGoodsAndServicesSold": "991000000", "operatingIncome": "39000000", "sellingGeneralAndAdministrative": "125000000", "researchAndDevelopment": "304000000", "operatingExpenses": "534000000", "investmentIncomeNet": "None", "netInterestIncome": "None", "interestIncome": "None", "interestExpense": "24000000", "nonInterestIncome": "None", "otherNonOperatingIncome": "3000000", "depreciation": "None", "depreciationAndAmortization": "106000000", "incomeBeforeTax": "18000000", "incomeTaxExpense": "-16000000", "interestAndDebtExpense": "None", "netIncomeFromContinuingOperations": "34000000", "comprehensiveIncomeNetOfTax": "None", "ebit": "42000000", "ebitda": "148000000", "netIncome": "34000000"}, {"fiscalDateEnding": "2012-10-31", "reportedCurrency": "USD", "grossProfit": "586000000", "totalRevenue": "1646000000", "costOfRevenue": "1060000000", "costofGoodsAndServicesSold": "1060000000", "operatingIncome": "-499000000", "sellingGeneralAndAdministrative": "49000000", "researchAndDevelopment": "303000000", "operatingExpenses": "540000000", "investmentIncomeNet": "None", "netInterestIncome": "None", "interestIncome": "None", "interestExpense": "24000000", "nonInterestIncome": "None", "otherNonOperatingIncome": "5000000", "depreciation": "None", "depreciationAndAmortization": "97000000", "incomeBeforeTax": "-532000000", "incomeTaxExpense": "-17000000", "interestAndDebtExpense": "None", "netIncomeFromContinuingOperations": "-515000000", "comprehensiveIncomeNetOfTax": "None", "ebit": "-509000000", "ebitda": "-412000000", "netIncome": "-515000000"}, {"fiscalDateEnding": "2012-07-31", "reportedCurrency": "USD", "grossProfit": "930000000", "totalRevenue": "2343000000", "costOfRevenue": "1413000000", "costofGoodsAndServicesSold": "1413000000", "operatingIncome": "322000000", "sellingGeneralAndAdministrative": "234000000", "researchAndDevelopment": "309000000", "operatingExpenses": "564000000", "investmentIncomeNet": "None", "netInterestIncome": "None", "interestIncome": "None", "interestExpense": "24000000", "nonInterestIncome": "None", "otherNonOperatingIncome": "4000000", "depreciation": "None", "depreciationAndAmortization": "105000000", "incomeBeforeTax": "302000000", "incomeTaxExpense": "84000000", "interestAndDebtExpense": "None", "netIncomeFromContinuingOperations": "218000000", "comprehensiveIncomeNetOfTax": "None", "ebit": "326000000", "ebitda": "431000000", "netIncome": "218000000"}, {"fiscalDateEnding": "2012-04-30", "reportedCurrency": "USD", "grossProfit": "1011000000", "totalRevenue": "2541000000", "costOfRevenue": "1530000000", "costofGoodsAndServicesSold": "1530000000", "operatingIncome": "409000000", "sellingGeneralAndAdministrative": "251000000", "researchAndDevelopment": "321000000", "operatingExpenses": "602000000", "investmentIncomeNet": "None", "netInterestIncome": "None", "interestIncome": "None", "interestExpense": "23000000", "nonInterestIncome": "None", "otherNonOperatingIncome": "4000000", "depreciation": "None", "depreciationAndAmortization": "108000000", "incomeBeforeTax": "387000000", "incomeTaxExpense": "98000000", "interestAndDebtExpense": "None", "netIncomeFromContinuingOperations": "289000000", "comprehensiveIncomeNetOfTax": "None", "ebit": "410000000", "ebitda": "518000000", "netIncome": "289000000"}, {"fiscalDateEnding": "2012-01-31", "reportedCurrency": "USD", "grossProfit": "786000000", "totalRevenue": "2189000000", "costOfRevenue": "1403000000", "costofGoodsAndServicesSold": "1403000000", "operatingIncome": "179000000", "sellingGeneralAndAdministrative": "300000000", "researchAndDevelopment": "304000000", "operatingExpenses": "607000000", "investmentIncomeNet": "None", "netInterestIncome": "None", "interestIncome": "None", "interestExpense": "24000000", "nonInterestIncome": "None", "otherNonOperatingIncome": "4000000", "depreciation": "None", "depreciationAndAmortization": "112000000", "incomeBeforeTax": "159000000", "incomeTaxExpense": "42000000", "interestAndDebtExpense": "None", "netIncomeFromContinuingOperations": "117000000", "comprehensiveIncomeNetOfTax": "None", "ebit": "183000000", "ebitda": "295000000", "netIncome": "117000000"}, {"fiscalDateEnding": "2011-10-31", "reportedCurrency": "USD", "grossProfit": "851000000", "totalRevenue": "2181000000", "costOfRevenue": "1330000000", "costofGoodsAndServicesSold": "1330000000", "operatingIncome": "361000000", "sellingGeneralAndAdministrative": "222000000", "researchAndDevelopment": "268000000", "operatingExpenses": "490000000", "investmentIncomeNet": "None", "netInterestIncome": "None", "interestIncome": "None", "interestExpense": "24000000", "nonInterestIncome": "None", "otherNonOperatingIncome": "10000000", "depreciation": "None", "depreciationAndAmortization": "59000000", "incomeBeforeTax": "343000000", "incomeTaxExpense": "-112000000", "interestAndDebtExpense": "None", "netIncomeFromContinuingOperations": "455000000", "comprehensiveIncomeNetOfTax": "None", "ebit": "367000000", "ebitda": "426000000", "netIncome": "455000000"}, {"fiscalDateEnding": "2011-07-31", "reportedCurrency": "USD", "grossProfit": "1184000000", "totalRevenue": "2787000000", "costOfRevenue": "1603000000", "costofGoodsAndServicesSold": "1603000000", "operatingIncome": "687000000", "sellingGeneralAndAdministrative": "240000000", "researchAndDevelopment": "282000000", "operatingExpenses": "494000000", "investmentIncomeNet": "None", "netInterestIncome": "None", "interestIncome": "None", "interestExpense": "25000000", "nonInterestIncome": "None", "otherNonOperatingIncome": "7000000", "depreciation": "None", "depreciationAndAmortization": "59000000", "incomeBeforeTax": "669000000", "incomeTaxExpense": "193000000", "interestAndDebtExpense": "None", "netIncomeFromContinuingOperations": "476000000", "comprehensiveIncomeNetOfTax": "None", "ebit": "694000000", "ebitda": "753000000", "netIncome": "476000000"}, {"fiscalDateEnding": "2011-04-30", "reportedCurrency": "USD", "grossProfit": "1189000000", "totalRevenue": "2862000000", "costOfRevenue": "1673000000", "costofGoodsAndServicesSold": "1673000000", "operatingIncome": "677000000", "sellingGeneralAndAdministrative": "112000000", "researchAndDevelopment": "297000000", "operatingExpenses": "516000000", "investmentIncomeNet": "None", "netInterestIncome": "None", "interestIncome": "None", "interestExpense": "5000000", "nonInterestIncome": "None", "otherNonOperatingIncome": "14000000", "depreciation": "None", "depreciationAndAmortization": "65000000", "incomeBeforeTax": "686000000", "incomeTaxExpense": "197000000", "interestAndDebtExpense": "None", "netIncomeFromContinuingOperations": "489000000", "comprehensiveIncomeNetOfTax": "None", "ebit": "691000000", "ebitda": "756000000", "netIncome": "489000000"}, {"fiscalDateEnding": "2011-01-31", "reportedCurrency": "USD", "grossProfit": "1136000000", "totalRevenue": "2686000000", "costOfRevenue": "1550000000", "costofGoodsAndServicesSold": "1550000000", "operatingIncome": "674000000", "sellingGeneralAndAdministrative": "112000000", "researchAndDevelopment": "270000000", "operatingExpenses": "491000000", "investmentIncomeNet": "None", "netInterestIncome": "None", "interestIncome": "None", "interestExpense": "5000000", "nonInterestIncome": "None", "otherNonOperatingIncome": "11000000", "depreciation": "None", "depreciationAndAmortization": "63000000", "incomeBeforeTax": "680000000", "incomeTaxExpense": "174000000", "interestAndDebtExpense": "None", "netIncomeFromContinuingOperations": "506000000", "comprehensiveIncomeNetOfTax": "None", "ebit": "685000000", "ebitda": "748000000", "netIncome": "506000000"}, {"fiscalDateEnding": "2010-10-31", "reportedCurrency": "USD", "grossProfit": "1216798000", "totalRevenue": "2886435000", "costOfRevenue": "1669637000", "costofGoodsAndServicesSold": "1669637000", "operatingIncome": "698917000", "sellingGeneralAndAdministrative": "139248000", "researchAndDevelopment": "278192000", "operatingExpenses": "520099000", "investmentIncomeNet": "None", "netInterestIncome": "None", "interestIncome": "None", "interestExpense": "5745000", "nonInterestIncome": "None", "otherNonOperatingIncome": "10177000", "depreciation": "None", "depreciationAndAmortization": "68773000", "incomeBeforeTax": "703349000", "incomeTaxExpense": "235334000", "interestAndDebtExpense": "None", "netIncomeFromContinuingOperations": "468015000", "comprehensiveIncomeNetOfTax": "None", "ebit": "709094000", "ebitda": "777867000", "netIncome": "468015000"}, {"fiscalDateEnding": "2010-07-31", "reportedCurrency": "USD", "grossProfit": "860128000", "totalRevenue": "2517790000", "costOfRevenue": "1657662000", "costofGoodsAndServicesSold": "1657662000", "operatingIncome": "182651000", "sellingGeneralAndAdministrative": "145994000", "researchAndDevelopment": "290398000", "operatingExpenses": "542146000", "investmentIncomeNet": "None", "netInterestIncome": "None", "interestIncome": "None", "interestExpense": "5496000", "nonInterestIncome": "None", "otherNonOperatingIncome": "8480000", "depreciation": "None", "depreciationAndAmortization": "72564000", "incomeBeforeTax": "177831000", "incomeTaxExpense": "54735000", "interestAndDebtExpense": "None", "netIncomeFromContinuingOperations": "123096000", "comprehensiveIncomeNetOfTax": "None", "ebit": "183436000", "ebitda": "256000000", "netIncome": "123096000"}, {"fiscalDateEnding": "2010-04-30", "reportedCurrency": "USD", "grossProfit": "926892000", "totalRevenue": "2295540000", "costOfRevenue": "1368648000", "costofGoodsAndServicesSold": "1368648000", "operatingIncome": "385797000", "sellingGeneralAndAdministrative": "125779000", "researchAndDevelopment": "305928000", "operatingExpenses": "532127000", "investmentIncomeNet": "None", "netInterestIncome": "None", "interestIncome": "None", "interestExpense": "5206000", "nonInterestIncome": "None", "otherNonOperatingIncome": "10132000", "depreciation": "None", "depreciationAndAmortization": "86766000", "incomeBeforeTax": "387052000", "incomeTaxExpense": "123048000", "interestAndDebtExpense": "None", "netIncomeFromContinuingOperations": "264004000", "comprehensiveIncomeNetOfTax": "None", "ebit": "392234000", "ebitda": "479000000", "netIncome": "264004000"}, {"fiscalDateEnding": "2010-01-31", "reportedCurrency": "USD", "grossProfit": "711184000", "totalRevenue": "1848902000", "costOfRevenue": "1137718000", "costofGoodsAndServicesSold": "1137718000", "operatingIncome": "116343000", "sellingGeneralAndAdministrative": "124799000", "researchAndDevelopment": "269003000", "operatingExpenses": "490997000", "investmentIncomeNet": "None", "netInterestIncome": "None", "interestIncome": "None", "interestExpense": "5060000", "nonInterestIncome": "None", "otherNonOperatingIncome": "8641000", "depreciation": "None", "depreciationAndAmortization": "76412000", "incomeBeforeTax": "118734000", "incomeTaxExpense": "35983000", "interestAndDebtExpense": "None", "netIncomeFromContinuingOperations": "82751000", "comprehensiveIncomeNetOfTax": "None", "ebit": "123588000", "ebitda": "200000000", "netIncome": "82751000"}, {"fiscalDateEnding": "2009-10-31", "reportedCurrency": "USD", "grossProfit": "558836000", "totalRevenue": "1526394000", "costOfRevenue": "967558000", "costofGoodsAndServicesSold": "967558000", "operatingIncome": "172942000", "sellingGeneralAndAdministrative": "76138000", "researchAndDevelopment": "234188000", "operatingExpenses": "389587000", "investmentIncomeNet": "None", "netInterestIncome": "None", "interestIncome": "None", "interestExpense": "5359000", "nonInterestIncome": "None", "otherNonOperatingIncome": "None", "depreciation": "None", "depreciationAndAmortization": "71594000", "incomeBeforeTax": "173848000", "incomeTaxExpense": "35986000", "interestAndDebtExpense": "None", "netIncomeFromContinuingOperations": "0", "comprehensiveIncomeNetOfTax": "None", "ebit": "179207000", "ebitda": "250801000", "netIncome": "137862000"}, {"fiscalDateEnding": "2009-07-31", "reportedCurrency": "USD", "grossProfit": "324874000", "totalRevenue": "1133740000", "costOfRevenue": "808866000", "costofGoodsAndServicesSold": "808866000", "operatingIncome": "-77183000", "sellingGeneralAndAdministrative": "88487000", "researchAndDevelopment": "234052000", "operatingExpenses": "402057000", "investmentIncomeNet": "None", "netInterestIncome": "None", "interestIncome": "None", "interestExpense": "4893000", "nonInterestIncome": "None", "otherNonOperatingIncome": "10233000", "depreciation": "None", "depreciationAndAmortization": "73501000", "incomeBeforeTax": "-74184000", "incomeTaxExpense": "-19319000", "interestAndDebtExpense": "None", "netIncomeFromContinuingOperations": "-54865000", "comprehensiveIncomeNetOfTax": "None", "ebit": "-69291000", "ebitda": "4210000", "netIncome": "-54865000"}, {"fiscalDateEnding": "2009-04-30", "reportedCurrency": "USD", "grossProfit": "155519000", "totalRevenue": "1020077000", "costOfRevenue": "864558000", "costofGoodsAndServicesSold": "864558000", "operatingIncome": "-293283000", "sellingGeneralAndAdministrative": "101080000", "researchAndDevelopment": "236335000", "operatingExpenses": "422093000", "investmentIncomeNet": "None", "netInterestIncome": "None", "interestIncome": "None", "interestExpense": "5058000", "nonInterestIncome": "None", "otherNonOperatingIncome": "None", "depreciation": "None", "depreciationAndAmortization": "74880000", "incomeBeforeTax": "-382808000", "incomeTaxExpense": "-127418000", "interestAndDebtExpense": "None", "netIncomeFromContinuingOperations": "0", "comprehensiveIncomeNetOfTax": "None", "ebit": "-368163000", "ebitda": "-293283000", "netIncome": "-255390000"}, {"fiscalDateEnding": "2009-01-31", "reportedCurrency": "USD", "grossProfit": "391576000", "totalRevenue": "1333396000", "costOfRevenue": "941820000", "costofGoodsAndServicesSold": "941820000", "operatingIncome": "-196092000", "sellingGeneralAndAdministrative": "141241000", "researchAndDevelopment": "229540000", "operatingExpenses": "454896000", "investmentIncomeNet": "None", "netInterestIncome": "None", "interestIncome": "None", "interestExpense": "5994000", "nonInterestIncome": "None", "otherNonOperatingIncome": "None", "depreciation": "None", "depreciationAndAmortization": "71228000", "incomeBeforeTax": "-202659000", "incomeTaxExpense": "-69725000", "interestAndDebtExpense": "None", "netIncomeFromContinuingOperations": "0", "comprehensiveIncomeNetOfTax": "None", "ebit": "-196665000", "ebitda": "-125437000", "netIncome": "-132934000"}, {"fiscalDateEnding": "2008-10-31", "reportedCurrency": "USD", "grossProfit": "798705000", "totalRevenue": "2043677000", "costOfRevenue": "1244972000", "costofGoodsAndServicesSold": "1244972000", "operatingIncome": "294628000", "sellingGeneralAndAdministrative": "138369000", "researchAndDevelopment": "275222000", "operatingExpenses": "513763000", "investmentIncomeNet": "None", "netInterestIncome": "None", "interestIncome": "None", "interestExpense": "4846000", "nonInterestIncome": "None", "otherNonOperatingIncome": "None", "depreciation": "None", "depreciationAndAmortization": "80012000", "incomeBeforeTax": "322689000", "incomeTaxExpense": "91594000", "interestAndDebtExpense": "None", "netIncomeFromContinuingOperations": "0", "comprehensiveIncomeNetOfTax": "None", "ebit": "284942000", "ebitda": "364954000", "netIncome": "231095000"}, {"fiscalDateEnding": "2008-07-31", "reportedCurrency": "USD", "grossProfit": "742314000", "totalRevenue": "1848168000", "costOfRevenue": "1105854000", "costofGoodsAndServicesSold": "1105854000", "operatingIncome": "228332000", "sellingGeneralAndAdministrative": "129341000", "researchAndDevelopment": "268559000", "operatingExpenses": "513844000", "investmentIncomeNet": "None", "netInterestIncome": "None", "interestIncome": "None", "interestExpense": "4859000", "nonInterestIncome": "None", "otherNonOperatingIncome": "None", "depreciation": "None", "depreciationAndAmortization": "85718000", "incomeBeforeTax": "242564000", "incomeTaxExpense": "77796000", "interestAndDebtExpense": "None", "netIncomeFromContinuingOperations": "0", "comprehensiveIncomeNetOfTax": "None", "ebit": "228470000", "ebitda": "314188000", "netIncome": "164768000"}, {"fiscalDateEnding": "2008-04-30", "reportedCurrency": "USD", "grossProfit": "966828000", "totalRevenue": "2149998000", "costOfRevenue": "1183170000", "costofGoodsAndServicesSold": "1183170000", "operatingIncome": "437751000", "sellingGeneralAndAdministrative": "122035000", "researchAndDevelopment": "287122000", "operatingExpenses": "528567000", "investmentIncomeNet": "None", "netInterestIncome": "None", "interestIncome": "None", "interestExpense": "6256000", "nonInterestIncome": "None", "otherNonOperatingIncome": "None", "depreciation": "None", "depreciationAndAmortization": "75847000", "incomeBeforeTax": "454143000", "incomeTaxExpense": "151636000", "interestAndDebtExpense": "None", "netIncomeFromContinuingOperations": "0", "comprehensiveIncomeNetOfTax": "None", "ebit": "438261000", "ebitda": "514108000", "netIncome": "302507000"}, {"fiscalDateEnding": "2008-01-31", "reportedCurrency": "USD", "grossProfit": "934981000", "totalRevenue": "2087397000", "costOfRevenue": "1152416000", "costofGoodsAndServicesSold": "1152416000", "operatingIncome": "372883000", "sellingGeneralAndAdministrative": "115976000", "researchAndDevelopment": "273219000", "operatingExpenses": "513112000", "investmentIncomeNet": "None", "netInterestIncome": "None", "interestIncome": "None", "interestExpense": "4545000", "nonInterestIncome": "None", "otherNonOperatingIncome": "None", "depreciation": "None", "depreciationAndAmortization": "78474000", "incomeBeforeTax": "389322000", "incomeTaxExpense": "126946000", "interestAndDebtExpense": "None", "netIncomeFromContinuingOperations": "0", "comprehensiveIncomeNetOfTax": "None", "ebit": "421869000", "ebitda": "500343000", "netIncome": "262376000"}, {"fiscalDateEnding": "2007-10-31", "reportedCurrency": "USD", "grossProfit": "1076905000", "totalRevenue": "2367044000", "costOfRevenue": "1290139000", "costofGoodsAndServicesSold": "1290139000", "operatingIncome": "561094000", "sellingGeneralAndAdministrative": "125630000", "researchAndDevelopment": "270878000", "operatingExpenses": "512772000", "investmentIncomeNet": "None", "netInterestIncome": "None", "interestIncome": "None", "interestExpense": "9243000", "nonInterestIncome": "None", "otherNonOperatingIncome": "None", "depreciation": "None", "depreciationAndAmortization": "81024000", "incomeBeforeTax": "579245000", "incomeTaxExpense": "157484000", "interestAndDebtExpense": "None", "netIncomeFromContinuingOperations": "0", "comprehensiveIncomeNetOfTax": "None", "ebit": "564133000", "ebitda": "645157000", "netIncome": "421761000"}, {"fiscalDateEnding": "2007-07-31", "reportedCurrency": "USD", "grossProfit": "1216390000", "totalRevenue": "2560984000", "costOfRevenue": "1344594000", "costofGoodsAndServicesSold": "1344594000", "operatingIncome": "671862000", "sellingGeneralAndAdministrative": "134359000", "researchAndDevelopment": "292584000", "operatingExpenses": "542912000", "investmentIncomeNet": "None", "netInterestIncome": "None", "interestIncome": "None", "interestExpense": "10075000", "nonInterestIncome": "None", "otherNonOperatingIncome": "None", "depreciation": "None", "depreciationAndAmortization": "63332000", "incomeBeforeTax": "686907000", "incomeTaxExpense": "213392000", "interestAndDebtExpense": "None", "netIncomeFromContinuingOperations": "0", "comprehensiveIncomeNetOfTax": "None", "ebit": "673478000", "ebitda": "736810000", "netIncome": "473515000"}, {"fiscalDateEnding": "2007-04-30", "reportedCurrency": "USD", "grossProfit": "1136610000", "totalRevenue": "2529561000", "costOfRevenue": "1392951000", "costofGoodsAndServicesSold": "1392951000", "operatingIncome": "589024000", "sellingGeneralAndAdministrative": "119391000", "researchAndDevelopment": "291044000", "operatingExpenses": "522542000", "investmentIncomeNet": "None", "netInterestIncome": "None", "interestIncome": "None", "interestExpense": "8845000", "nonInterestIncome": "None", "otherNonOperatingIncome": "None", "depreciation": "None", "depreciationAndAmortization": "63074000", "incomeBeforeTax": "608277000", "incomeTaxExpense": "196833000", "interestAndDebtExpense": "None", "netIncomeFromContinuingOperations": "0", "comprehensiveIncomeNetOfTax": "None", "ebit": "614068000", "ebitda": "677142000", "netIncome": "411444000"}, {"fiscalDateEnding": "2007-01-31", "reportedCurrency": "USD", "grossProfit": "1062538000", "totalRevenue": "2277267000", "costOfRevenue": "1214729000", "costofGoodsAndServicesSold": "1214729000", "operatingIncome": "549526000", "sellingGeneralAndAdministrative": "121811000", "researchAndDevelopment": "287567000", "operatingExpenses": "516290000", "investmentIncomeNet": "None", "netInterestIncome": "None", "interestIncome": "None", "interestExpense": "10468000", "nonInterestIncome": "None", "otherNonOperatingIncome": "None", "depreciation": "None", "depreciationAndAmortization": "60904000", "incomeBeforeTax": "565224000", "incomeTaxExpense": "161748000", "interestAndDebtExpense": "None", "netIncomeFromContinuingOperations": "0", "comprehensiveIncomeNetOfTax": "None", "ebit": "546248000", "ebitda": "607152000", "netIncome": "403476000"}, {"fiscalDateEnding": "2006-10-31", "reportedCurrency": "USD", "grossProfit": "1186124000", "totalRevenue": "2518293000", "costOfRevenue": "1332169000", "costofGoodsAndServicesSold": "1332169000", "operatingIncome": "62174000", "sellingGeneralAndAdministrative": "134235000", "researchAndDevelopment": "299240000", "operatingExpenses": "1122460000", "investmentIncomeNet": "None", "netInterestIncome": "None", "interestIncome": "None", "interestExpense": "9308000", "nonInterestIncome": "None", "otherNonOperatingIncome": "None", "depreciation": "None", "depreciationAndAmortization": "73028000", "incomeBeforeTax": "660069000", "incomeTaxExpense": "211040000", "interestAndDebtExpense": "None", "netIncomeFromContinuingOperations": "0", "comprehensiveIncomeNetOfTax": "None", "ebit": "63664000", "ebitda": "136692000", "netIncome": "449029000"}, {"fiscalDateEnding": "2006-07-31", "reportedCurrency": "USD", "grossProfit": "1223354000", "totalRevenue": "2543443000", "costOfRevenue": "1320089000", "costofGoodsAndServicesSold": "1320089000", "operatingIncome": "680781000", "sellingGeneralAndAdministrative": "117083000", "researchAndDevelopment": "304326000", "operatingExpenses": "545219000", "investmentIncomeNet": "None", "netInterestIncome": "None", "interestIncome": "None", "interestExpense": "8848000", "nonInterestIncome": "None", "otherNonOperatingIncome": "None", "depreciation": "None", "depreciationAndAmortization": "61871000", "incomeBeforeTax": "722511000", "incomeTaxExpense": "210471000", "interestAndDebtExpense": "None", "netIncomeFromContinuingOperations": "0", "comprehensiveIncomeNetOfTax": "None", "ebit": "678135000", "ebitda": "740006000", "netIncome": "512040000"}, {"fiscalDateEnding": "2006-04-30", "reportedCurrency": "USD", "grossProfit": "1044625000", "totalRevenue": "2247686000", "costOfRevenue": "1203061000", "costofGoodsAndServicesSold": "1203061000", "operatingIncome": "561071000", "sellingGeneralAndAdministrative": "111543000", "researchAndDevelopment": "275883000", "operatingExpenses": "485132000", "investmentIncomeNet": "None", "netInterestIncome": "None", "interestIncome": "None", "interestExpense": "9235000", "nonInterestIncome": "None", "otherNonOperatingIncome": "None", "depreciation": "None", "depreciationAndAmortization": "65838000", "incomeBeforeTax": "600466000", "incomeTaxExpense": "187652000", "interestAndDebtExpense": "None", "netIncomeFromContinuingOperations": "0", "comprehensiveIncomeNetOfTax": "None", "ebit": "559493000", "ebitda": "625331000", "netIncome": "412814000"}, {"fiscalDateEnding": "2006-01-31", "reportedCurrency": "USD", "grossProfit": "837699000", "totalRevenue": "1857592000", "costOfRevenue": "1019893000", "costofGoodsAndServicesSold": "1019893000", "operatingIncome": "143939000", "sellingGeneralAndAdministrative": "105263000", "researchAndDevelopment": "272877000", "operatingExpenses": "478913000", "investmentIncomeNet": "None", "netInterestIncome": "None", "interestIncome": "None", "interestExpense": "8705000", "nonInterestIncome": "None", "otherNonOperatingIncome": "None", "depreciation": "None", "depreciationAndAmortization": "69676000", "incomeBeforeTax": "183925000", "incomeTaxExpense": "41145000", "interestAndDebtExpense": "None", "netIncomeFromContinuingOperations": "0", "comprehensiveIncomeNetOfTax": "None", "ebit": "358786000", "ebitda": "428462000", "netIncome": "142780000"}, {"fiscalDateEnding": "2005-10-31", "reportedCurrency": "USD", "grossProfit": "760130000", "totalRevenue": "1718120000", "costOfRevenue": "957990000", "costofGoodsAndServicesSold": "957990000", "operatingIncome": "351540000", "sellingGeneralAndAdministrative": "82020000", "researchAndDevelopment": "236708000", "operatingExpenses": "408590000", "investmentIncomeNet": "None", "netInterestIncome": "None", "interestIncome": "None", "interestExpense": "9394000", "nonInterestIncome": "None", "otherNonOperatingIncome": "None", "depreciation": "None", "depreciationAndAmortization": "74368000", "incomeBeforeTax": "390514000", "incomeTaxExpense": "143800000", "interestAndDebtExpense": "None", "netIncomeFromContinuingOperations": "0", "comprehensiveIncomeNetOfTax": "None", "ebit": "351540000", "ebitda": "425908000", "netIncome": "246714000"}, {"fiscalDateEnding": "2005-07-31", "reportedCurrency": "USD", "grossProfit": "717089000", "totalRevenue": "1631938000", "costOfRevenue": "914849000", "costofGoodsAndServicesSold": "914849000", "operatingIncome": "302697000", "sellingGeneralAndAdministrative": "177944000", "researchAndDevelopment": "236448000", "operatingExpenses": "414392000", "investmentIncomeNet": "None", "netInterestIncome": "None", "interestIncome": "None", "interestExpense": "9338000", "nonInterestIncome": "None", "otherNonOperatingIncome": "None", "depreciation": "None", "depreciationAndAmortization": "72327000", "incomeBeforeTax": "339307000", "incomeTaxExpense": "-30284000", "interestAndDebtExpense": "None", "netIncomeFromContinuingOperations": "0", "comprehensiveIncomeNetOfTax": "None", "ebit": "230370000", "ebitda": "302697000", "netIncome": "369591000"}, {"fiscalDateEnding": "2005-04-30", "reportedCurrency": "USD", "grossProfit": "818430000", "totalRevenue": "1861189000", "costOfRevenue": "1042759000", "costofGoodsAndServicesSold": "1042759000", "operatingIncome": "411518000", "sellingGeneralAndAdministrative": "88875000", "researchAndDevelopment": "225589000", "operatingExpenses": "406912000", "investmentIncomeNet": "None", "netInterestIncome": "None", "interestIncome": "None", "interestExpense": "9815000", "nonInterestIncome": "None", "otherNonOperatingIncome": "None", "depreciation": "None", "depreciationAndAmortization": "74608000", "incomeBeforeTax": "442152000", "incomeTaxExpense": "137322000", "interestAndDebtExpense": "None", "netIncomeFromContinuingOperations": "0", "comprehensiveIncomeNetOfTax": "None", "ebit": "336910000", "ebitda": "411518000", "netIncome": "304830000"}, {"fiscalDateEnding": "2005-01-31", "reportedCurrency": "USD", "grossProfit": "790225000", "totalRevenue": "1780576000", "costOfRevenue": "990351000", "costofGoodsAndServicesSold": "990351000", "operatingIncome": "382210000", "sellingGeneralAndAdministrative": "88423000", "researchAndDevelopment": "241762000", "operatingExpenses": "408015000", "investmentIncomeNet": "None", "netInterestIncome": "None", "interestIncome": "None", "interestExpense": "9272000", "nonInterestIncome": "None", "otherNonOperatingIncome": "None", "depreciation": "None", "depreciationAndAmortization": "79281000", "incomeBeforeTax": "409596000", "incomeTaxExpense": "120831000", "interestAndDebtExpense": "None", "netIncomeFromContinuingOperations": "0", "comprehensiveIncomeNetOfTax": "None", "ebit": "302929000", "ebitda": "382210000", "netIncome": "288765000"}]}