{"symbol": "DECK", "annualReports": [{"fiscalDateEnding": "2024-03-31", "reportedCurrency": "USD", "grossProfit": "2385488000", "totalRevenue": "4287763000", "costOfRevenue": "1902275000", "costofGoodsAndServicesSold": "1902275000", "operatingIncome": "927514000", "sellingGeneralAndAdministrative": "1050772000", "researchAndDevelopment": "49171000", "operatingExpenses": "1457974000", "investmentIncomeNet": "None", "netInterestIncome": "49644000", "interestIncome": "52208000", "interestExpense": "2564000", "nonInterestIncome": "None", "otherNonOperatingIncome": "None", "depreciation": "None", "depreciationAndAmortization": "59662000", "incomeBeforeTax": "978941000", "incomeTaxExpense": "219378000", "interestAndDebtExpense": "None", "netIncomeFromContinuingOperations": "759563000", "comprehensiveIncomeNetOfTax": "None", "ebit": "981505000", "ebitda": "1041167000", "netIncome": "759563000"}, {"fiscalDateEnding": "2023-03-31", "reportedCurrency": "USD", "grossProfit": "1825370000", "totalRevenue": "3627286000", "costOfRevenue": "1801916000", "costofGoodsAndServicesSold": "1801916000", "operatingIncome": "652751000", "sellingGeneralAndAdministrative": "901479000", "researchAndDevelopment": "38657000", "operatingExpenses": "1172619000", "investmentIncomeNet": "None", "netInterestIncome": "12121000", "interestIncome": "15563000", "interestExpense": "3442000", "nonInterestIncome": "None", "otherNonOperatingIncome": "16773000", "depreciation": "None", "depreciationAndAmortization": "50007000", "incomeBeforeTax": "666082000", "incomeTaxExpense": "149260000", "interestAndDebtExpense": "None", "netIncomeFromContinuingOperations": "516822000", "comprehensiveIncomeNetOfTax": "None", "ebit": "669524000", "ebitda": "719531000", "netIncome": "516822000"}, {"fiscalDateEnding": "2022-03-31", "reportedCurrency": "USD", "grossProfit": "1607551000", "totalRevenue": "3150339000", "costOfRevenue": "1542788000", "costofGoodsAndServicesSold": "1542788000", "operatingIncome": "564707000", "sellingGeneralAndAdministrative": "786963000", "researchAndDevelopment": "33344000", "operatingExpenses": "1042844000", "investmentIncomeNet": "None", "netInterestIncome": "-182000", "interestIncome": "1901000", "interestExpense": "2083000", "nonInterestIncome": "None", "otherNonOperatingIncome": "2014000", "depreciation": "None", "depreciationAndAmortization": "44430000", "incomeBeforeTax": "564638000", "incomeTaxExpense": "112689000", "interestAndDebtExpense": "None", "netIncomeFromContinuingOperations": "451949000", "comprehensiveIncomeNetOfTax": "None", "ebit": "566721000", "ebitda": "611151000", "netIncome": "451949000"}, {"fiscalDateEnding": "2021-03-31", "reportedCurrency": "USD", "grossProfit": "1374090000", "totalRevenue": "2545641000", "costOfRevenue": "1171551000", "costofGoodsAndServicesSold": "1171551000", "operatingIncome": "504205000", "sellingGeneralAndAdministrative": "681540000", "researchAndDevelopment": "28626000", "operatingExpenses": "869885000", "investmentIncomeNet": "None", "netInterestIncome": "-3391000", "interestIncome": "2637000", "interestExpense": "6028000", "nonInterestIncome": "None", "otherNonOperatingIncome": "3337000", "depreciation": "None", "depreciationAndAmortization": "41267000", "incomeBeforeTax": "501514000", "incomeTaxExpense": "118939000", "interestAndDebtExpense": "None", "netIncomeFromContinuingOperations": "382575000", "comprehensiveIncomeNetOfTax": "None", "ebit": "507542000", "ebitda": "548809000", "netIncome": "382575000"}, {"fiscalDateEnding": "2020-03-31", "reportedCurrency": "USD", "grossProfit": "1103673000", "totalRevenue": "2132689000", "costOfRevenue": "1029016000", "costofGoodsAndServicesSold": "1029016000", "operatingIncome": "338135000", "sellingGeneralAndAdministrative": "620590000", "researchAndDevelopment": "27555000", "operatingExpenses": "765538000", "investmentIncomeNet": "None", "netInterestIncome": "2215000", "interestIncome": "7261000", "interestExpense": "5046000", "nonInterestIncome": "None", "otherNonOperatingIncome": "7777000", "depreciation": "None", "depreciationAndAmortization": "38912000", "incomeBeforeTax": "340866000", "incomeTaxExpense": "64724000", "interestAndDebtExpense": "None", "netIncomeFromContinuingOperations": "276142000", "comprehensiveIncomeNetOfTax": "None", "ebit": "345912000", "ebitda": "384824000", "netIncome": "276142000"}, {"fiscalDateEnding": "2019-03-31", "reportedCurrency": "USD", "grossProfit": "1040250000", "totalRevenue": "2020437000", "costOfRevenue": "980187000", "costofGoodsAndServicesSold": "980187000", "operatingIncome": "327320000", "sellingGeneralAndAdministrative": "594639000", "researchAndDevelopment": "23187000", "operatingExpenses": "712930000", "investmentIncomeNet": "None", "netInterestIncome": "1367000", "interestIncome": "6028000", "interestExpense": "4661000", "nonInterestIncome": "None", "otherNonOperatingIncome": "6275000", "depreciation": "None", "depreciationAndAmortization": "44941000", "incomeBeforeTax": "328934000", "incomeTaxExpense": "64626000", "interestAndDebtExpense": "None", "netIncomeFromContinuingOperations": "264308000", "comprehensiveIncomeNetOfTax": "None", "ebit": "333595000", "ebitda": "378536000", "netIncome": "264308000"}, {"fiscalDateEnding": "2018-03-31", "reportedCurrency": "USD", "grossProfit": "931642000", "totalRevenue": "1903339000", "costOfRevenue": "971697000", "costofGoodsAndServicesSold": "971697000", "operatingIncome": "222584000", "sellingGeneralAndAdministrative": "597400000", "researchAndDevelopment": "22372000", "operatingExpenses": "709058000", "investmentIncomeNet": "None", "netInterestIncome": "-1528000", "interestIncome": "3057000", "interestExpense": "4585000", "nonInterestIncome": "None", "otherNonOperatingIncome": "2697000", "depreciation": "None", "depreciationAndAmortization": "48572000", "incomeBeforeTax": "220696000", "incomeTaxExpense": "106302000", "interestAndDebtExpense": "None", "netIncomeFromContinuingOperations": "114394000", "comprehensiveIncomeNetOfTax": "None", "ebit": "225281000", "ebitda": "273853000", "netIncome": "114394000"}, {"fiscalDateEnding": "2017-03-31", "reportedCurrency": "USD", "grossProfit": "835235000", "totalRevenue": "1790147000", "costOfRevenue": "954912000", "costofGoodsAndServicesSold": "954912000", "operatingIncome": "-1919000", "sellingGeneralAndAdministrative": "727575000", "researchAndDevelopment": "21256000", "operatingExpenses": "837154000", "investmentIncomeNet": "None", "netInterestIncome": "-6541000", "interestIncome": "778000", "interestExpense": "7319000", "nonInterestIncome": "None", "otherNonOperatingIncome": "2252000", "depreciation": "None", "depreciationAndAmortization": "52628000", "incomeBeforeTax": "-6986000", "incomeTaxExpense": "-12696000", "interestAndDebtExpense": "None", "netIncomeFromContinuingOperations": "5710000", "comprehensiveIncomeNetOfTax": "None", "ebit": "333000", "ebitda": "52961000", "netIncome": "5710000"}, {"fiscalDateEnding": "2016-03-31", "reportedCurrency": "USD", "grossProfit": "846668000", "totalRevenue": "1875197000", "costOfRevenue": "1028529000", "costofGoodsAndServicesSold": "1028529000", "operatingIncome": "162127000", "sellingGeneralAndAdministrative": "574803000", "researchAndDevelopment": "22176000", "operatingExpenses": "684541000", "investmentIncomeNet": "None", "netInterestIncome": "None", "interestIncome": "5394000", "interestExpense": "5814000", "nonInterestIncome": "None", "otherNonOperatingIncome": "572000", "depreciation": "None", "depreciationAndAmortization": "50024000", "incomeBeforeTax": "156885000", "incomeTaxExpense": "34620000", "interestAndDebtExpense": "None", "netIncomeFromContinuingOperations": "122265000", "comprehensiveIncomeNetOfTax": "None", "ebit": "162699000", "ebitda": "212723000", "netIncome": "122265000"}, {"fiscalDateEnding": "2015-03-31", "reportedCurrency": "USD", "grossProfit": "878108000", "totalRevenue": "1817057000", "costOfRevenue": "938949000", "costofGoodsAndServicesSold": "938949000", "operatingIncome": "224419000", "sellingGeneralAndAdministrative": "542527000", "researchAndDevelopment": "20872000", "operatingExpenses": "653689000", "investmentIncomeNet": "None", "netInterestIncome": "None", "interestIncome": "None", "interestExpense": "4220000", "nonInterestIncome": "None", "otherNonOperatingIncome": "940000", "depreciation": "None", "depreciationAndAmortization": "49293000", "incomeBeforeTax": "221139000", "incomeTaxExpense": "59359000", "interestAndDebtExpense": "None", "netIncomeFromContinuingOperations": "161780000", "comprehensiveIncomeNetOfTax": "None", "ebit": "225359000", "ebitda": "274652000", "netIncome": "161780000"}, {"fiscalDateEnding": "2014-03-31", "reportedCurrency": "USD", "grossProfit": "757184000", "totalRevenue": "1587574000", "costOfRevenue": "830390000", "costofGoodsAndServicesSold": "830390000", "operatingIncome": "205963000", "sellingGeneralAndAdministrative": "525577000", "researchAndDevelopment": "4486000", "operatingExpenses": "551722000", "investmentIncomeNet": "None", "netInterestIncome": "None", "interestIncome": "None", "interestExpense": "3256000", "nonInterestIncome": "None", "otherNonOperatingIncome": "739000", "depreciation": "None", "depreciationAndAmortization": "43038000", "incomeBeforeTax": "202305000", "incomeTaxExpense": "60308000", "interestAndDebtExpense": "None", "netIncomeFromContinuingOperations": "145689000", "comprehensiveIncomeNetOfTax": "None", "ebit": "205963000", "ebitda": "249001000", "netIncome": "141997000"}, {"fiscalDateEnding": "2013-03-31", "reportedCurrency": "USD", "grossProfit": "632154000", "totalRevenue": "1414398000", "costOfRevenue": "782244000", "costofGoodsAndServicesSold": "782244000", "operatingIncome": "186948000", "sellingGeneralAndAdministrative": "445206000", "researchAndDevelopment": "15617000", "operatingExpenses": "445206000", "investmentIncomeNet": "None", "netInterestIncome": "None", "interestIncome": "None", "interestExpense": "3840000", "nonInterestIncome": "None", "otherNonOperatingIncome": "1010000", "depreciation": "None", "depreciationAndAmortization": "33367000", "incomeBeforeTax": "184118000", "incomeTaxExpense": "55104000", "interestAndDebtExpense": "None", "netIncomeFromContinuingOperations": "129014000", "comprehensiveIncomeNetOfTax": "None", "ebit": "187958000", "ebitda": "221325000", "netIncome": "128866000"}, {"fiscalDateEnding": "2012-03-31", "reportedCurrency": "USD", "grossProfit": "678995000", "totalRevenue": "1377283000", "costOfRevenue": "698288000", "costofGoodsAndServicesSold": "698288000", "operatingIncome": "284838000", "sellingGeneralAndAdministrative": "394157000", "researchAndDevelopment": "14160000", "operatingExpenses": "394157000", "investmentIncomeNet": "None", "netInterestIncome": "None", "interestIncome": "None", "interestExpense": "249000", "nonInterestIncome": "None", "otherNonOperatingIncome": "673000", "depreciation": "None", "depreciationAndAmortization": "28977000", "incomeBeforeTax": "285262000", "incomeTaxExpense": "83404000", "interestAndDebtExpense": "None", "netIncomeFromContinuingOperations": "201858000", "comprehensiveIncomeNetOfTax": "None", "ebit": "285137000", "ebitda": "314114000", "netIncome": "199052000"}, {"fiscalDateEnding": "2011-03-31", "reportedCurrency": "USD", "grossProfit": "502938000", "totalRevenue": "1000989000", "costOfRevenue": "498051000", "costofGoodsAndServicesSold": "498051000", "operatingIncome": "249088000", "sellingGeneralAndAdministrative": "253850000", "researchAndDevelopment": "11833000", "operatingExpenses": "253850000", "investmentIncomeNet": "None", "netInterestIncome": "None", "interestIncome": "None", "interestExpense": "566000", "nonInterestIncome": "None", "otherNonOperatingIncome": "1587000", "depreciation": "None", "depreciationAndAmortization": "12283000", "incomeBeforeTax": "250109000", "incomeTaxExpense": "89732000", "interestAndDebtExpense": "None", "netIncomeFromContinuingOperations": "160377000", "comprehensiveIncomeNetOfTax": "None", "ebit": "250675000", "ebitda": "262958000", "netIncome": "158235000"}, {"fiscalDateEnding": "2010-03-31", "reportedCurrency": "USD", "grossProfit": "371090000", "totalRevenue": "813177000", "costOfRevenue": "442087000", "costofGoodsAndServicesSold": "442087000", "operatingIncome": "181247000", "sellingGeneralAndAdministrative": "188843000", "researchAndDevelopment": "8111000", "operatingExpenses": "188843000", "investmentIncomeNet": "None", "netInterestIncome": "None", "interestIncome": "None", "interestExpense": "875000", "nonInterestIncome": "None", "otherNonOperatingIncome": "None", "depreciation": "None", "depreciationAndAmortization": "10194000", "incomeBeforeTax": "183223000", "incomeTaxExpense": "66304000", "interestAndDebtExpense": "None", "netIncomeFromContinuingOperations": "None", "comprehensiveIncomeNetOfTax": "None", "ebit": "183223000", "ebitda": "193417000", "netIncome": "116786000"}, {"fiscalDateEnding": "2009-03-31", "reportedCurrency": "USD", "grossProfit": "305318000", "totalRevenue": "689445000", "costOfRevenue": "384127000", "costofGoodsAndServicesSold": "384127000", "operatingIncome": "116919000", "sellingGeneralAndAdministrative": "152574000", "researchAndDevelopment": "5619000", "operatingExpenses": "152574000", "investmentIncomeNet": "None", "netInterestIncome": "None", "interestIncome": "None", "interestExpense": "31914000", "nonInterestIncome": "None", "otherNonOperatingIncome": "None", "depreciation": "None", "depreciationAndAmortization": "6008000", "incomeBeforeTax": "120502000", "incomeTaxExpense": "46631000", "interestAndDebtExpense": "None", "netIncomeFromContinuingOperations": "None", "comprehensiveIncomeNetOfTax": "None", "ebit": "120502000", "ebitda": "126510000", "netIncome": "73948000"}, {"fiscalDateEnding": "2008-03-31", "reportedCurrency": "USD", "grossProfit": "207471000", "totalRevenue": "448929000", "costOfRevenue": "241458000", "costofGoodsAndServicesSold": "241458000", "operatingIncome": "105553000", "sellingGeneralAndAdministrative": "101918000", "researchAndDevelopment": "2916000", "operatingExpenses": "101918000", "investmentIncomeNet": "None", "netInterestIncome": "None", "interestIncome": "None", "interestExpense": "4885000", "nonInterestIncome": "None", "otherNonOperatingIncome": "None", "depreciation": "None", "depreciationAndAmortization": "3516000", "incomeBeforeTax": "110039000", "incomeTaxExpense": "43602000", "interestAndDebtExpense": "None", "netIncomeFromContinuingOperations": "None", "comprehensiveIncomeNetOfTax": "None", "ebit": "105553000", "ebitda": "109069000", "netIncome": "66437000"}, {"fiscalDateEnding": "2007-03-31", "reportedCurrency": "USD", "grossProfit": "140731000", "totalRevenue": "304423000", "costOfRevenue": "163692000", "costofGoodsAndServicesSold": "163692000", "operatingIncome": "51442000", "sellingGeneralAndAdministrative": "73989000", "researchAndDevelopment": "2506000", "operatingExpenses": "89289000", "investmentIncomeNet": "None", "netInterestIncome": "None", "interestIncome": "None", "interestExpense": "12929000", "nonInterestIncome": "None", "otherNonOperatingIncome": "None", "depreciation": "None", "depreciationAndAmortization": "3082000", "incomeBeforeTax": "53352000", "incomeTaxExpense": "22743000", "interestAndDebtExpense": "None", "netIncomeFromContinuingOperations": "None", "comprehensiveIncomeNetOfTax": "None", "ebit": "51442000", "ebitda": "54524000", "netIncome": "30609000"}, {"fiscalDateEnding": "2006-03-31", "reportedCurrency": "USD", "grossProfit": "111162000", "totalRevenue": "264760000", "costOfRevenue": "153598000", "costofGoodsAndServicesSold": "153598000", "operatingIncome": "51908000", "sellingGeneralAndAdministrative": "59254000", "researchAndDevelopment": "1810000", "operatingExpenses": "59254000", "investmentIncomeNet": "None", "netInterestIncome": "None", "interestIncome": "None", "interestExpense": "21000", "nonInterestIncome": "None", "otherNonOperatingIncome": "None", "depreciation": "None", "depreciationAndAmortization": "2497000", "incomeBeforeTax": "51534000", "incomeTaxExpense": "20387000", "interestAndDebtExpense": "None", "netIncomeFromContinuingOperations": "None", "comprehensiveIncomeNetOfTax": "None", "ebit": "51908000", "ebitda": "54405000", "netIncome": "31147000"}, {"fiscalDateEnding": "2005-03-31", "reportedCurrency": "USD", "grossProfit": "90433000", "totalRevenue": "214787000", "costOfRevenue": "124354000", "costofGoodsAndServicesSold": "124354000", "operatingIncome": "42462000", "sellingGeneralAndAdministrative": "47971000", "researchAndDevelopment": "1438000", "operatingExpenses": "47971000", "investmentIncomeNet": "None", "netInterestIncome": "None", "interestIncome": "None", "interestExpense": "2242000", "nonInterestIncome": "None", "otherNonOperatingIncome": "None", "depreciation": "None", "depreciationAndAmortization": "1787000", "incomeBeforeTax": "40223000", "incomeTaxExpense": "14684000", "interestAndDebtExpense": "None", "netIncomeFromContinuingOperations": "None", "comprehensiveIncomeNetOfTax": "None", "ebit": "42465000", "ebitda": "44252000", "netIncome": "25539000"}], "quarterlyReports": [{"fiscalDateEnding": "2024-12-31", "reportedCurrency": "USD", "grossProfit": "1102623000", "totalRevenue": "1827165000", "costOfRevenue": "724542000", "costofGoodsAndServicesSold": "724542000", "operatingIncome": "567274000", "sellingGeneralAndAdministrative": "535349000", "researchAndDevelopment": "None", "operatingExpenses": "535349000", "investmentIncomeNet": "None", "netInterestIncome": "15368000", "interestIncome": "15978000", "interestExpense": "610000", "nonInterestIncome": "None", "otherNonOperatingIncome": "None", "depreciation": "None", "depreciationAndAmortization": "17161000", "incomeBeforeTax": "583942000", "incomeTaxExpense": "127208000", "interestAndDebtExpense": "None", "netIncomeFromContinuingOperations": "456734000", "comprehensiveIncomeNetOfTax": "None", "ebit": "584552000", "ebitda": "601713000", "netIncome": "456734000"}, {"fiscalDateEnding": "2024-09-30", "reportedCurrency": "USD", "grossProfit": "733272000", "totalRevenue": "1311320000", "costOfRevenue": "578048000", "costofGoodsAndServicesSold": "578048000", "operatingIncome": "305086000", "sellingGeneralAndAdministrative": "428186000", "researchAndDevelopment": "None", "operatingExpenses": "428186000", "investmentIncomeNet": "None", "netInterestIncome": "13646000", "interestIncome": "14797000", "interestExpense": "1151000", "nonInterestIncome": "None", "otherNonOperatingIncome": "None", "depreciation": "None", "depreciationAndAmortization": "17306000", "incomeBeforeTax": "318912000", "incomeTaxExpense": "76591000", "interestAndDebtExpense": "None", "netIncomeFromContinuingOperations": "242321000", "comprehensiveIncomeNetOfTax": "None", "ebit": "320063000", "ebitda": "337369000", "netIncome": "242321000"}, {"fiscalDateEnding": "2024-06-30", "reportedCurrency": "USD", "grossProfit": "452474000", "totalRevenue": "825347000", "costOfRevenue": "372873000", "costofGoodsAndServicesSold": "372873000", "operatingIncome": "132806999", "sellingGeneralAndAdministrative": "337193000", "researchAndDevelopment": "None", "operatingExpenses": "319667000", "investmentIncomeNet": "None", "netInterestIncome": "16221000", "interestIncome": "17252000", "interestExpense": "1031000", "nonInterestIncome": "None", "otherNonOperatingIncome": "None", "depreciation": "None", "depreciationAndAmortization": "17526000", "incomeBeforeTax": "149153000", "incomeTaxExpense": "33528000", "interestAndDebtExpense": "None", "netIncomeFromContinuingOperations": "115625000", "comprehensiveIncomeNetOfTax": "None", "ebit": "150184000", "ebitda": "167710000", "netIncome": "115625000"}, {"fiscalDateEnding": "2024-03-31", "reportedCurrency": "USD", "grossProfit": "539476000", "totalRevenue": "959758000", "costOfRevenue": "420282000", "costofGoodsAndServicesSold": "420282000", "operatingIncome": "144262000", "sellingGeneralAndAdministrative": "46362000", "researchAndDevelopment": "49171000", "operatingExpenses": "395214000", "investmentIncomeNet": "None", "netInterestIncome": "19300000", "interestIncome": "18937000", "interestExpense": "363000", "nonInterestIncome": "None", "otherNonOperatingIncome": "None", "depreciation": "None", "depreciationAndAmortization": "16265000", "incomeBeforeTax": "164207000", "incomeTaxExpense": "36662000", "interestAndDebtExpense": "None", "netIncomeFromContinuingOperations": "127545000", "comprehensiveIncomeNetOfTax": "None", "ebit": "118987724", "ebitda": "135252724", "netIncome": "127545000"}, {"fiscalDateEnding": "2023-12-31", "reportedCurrency": "USD", "grossProfit": "916569000", "totalRevenue": "1560307000", "costOfRevenue": "643738000", "costofGoodsAndServicesSold": "643738000", "operatingIncome": "487899000", "sellingGeneralAndAdministrative": "428670000", "researchAndDevelopment": "None", "operatingExpenses": "428670000", "investmentIncomeNet": "None", "netInterestIncome": "10984000", "interestIncome": "11895000", "interestExpense": "911000", "nonInterestIncome": "None", "otherNonOperatingIncome": "None", "depreciation": "None", "depreciationAndAmortization": "15763000", "incomeBeforeTax": "499053000", "incomeTaxExpense": "109134000", "interestAndDebtExpense": "None", "netIncomeFromContinuingOperations": "389919000", "comprehensiveIncomeNetOfTax": "None", "ebit": "487899000", "ebitda": "503662000", "netIncome": "389919000"}, {"fiscalDateEnding": "2023-09-30", "reportedCurrency": "USD", "grossProfit": "583019000", "totalRevenue": "1091907000", "costOfRevenue": "508888000", "costofGoodsAndServicesSold": "508888000", "operatingIncome": "224617000", "sellingGeneralAndAdministrative": "358402000", "researchAndDevelopment": "None", "operatingExpenses": "358402000", "investmentIncomeNet": "None", "netInterestIncome": "9078000", "interestIncome": "10089000", "interestExpense": "1011000", "nonInterestIncome": "None", "otherNonOperatingIncome": "None", "depreciation": "None", "depreciationAndAmortization": "12785000", "incomeBeforeTax": "234317000", "incomeTaxExpense": "55770000", "interestAndDebtExpense": "None", "netIncomeFromContinuingOperations": "178547000", "comprehensiveIncomeNetOfTax": "None", "ebit": "224617000", "ebitda": "237402000", "netIncome": "178547000"}, {"fiscalDateEnding": "2023-06-30", "reportedCurrency": "USD", "grossProfit": "346424000", "totalRevenue": "675791000", "costOfRevenue": "329367000", "costofGoodsAndServicesSold": "329367000", "operatingIncome": "70736000", "sellingGeneralAndAdministrative": "275688000", "researchAndDevelopment": "None", "operatingExpenses": "275688000", "investmentIncomeNet": "None", "netInterestIncome": "10282000", "interestIncome": "11287000", "interestExpense": "1005000", "nonInterestIncome": "None", "otherNonOperatingIncome": "11633000", "depreciation": "None", "depreciationAndAmortization": "12911000", "incomeBeforeTax": "81364000", "incomeTaxExpense": "17812000", "interestAndDebtExpense": "None", "netIncomeFromContinuingOperations": "63552000", "comprehensiveIncomeNetOfTax": "None", "ebit": "70178000", "ebitda": "83089000", "netIncome": "63552000"}, {"fiscalDateEnding": "2023-03-31", "reportedCurrency": "USD", "grossProfit": "396168000", "totalRevenue": "791571000", "costOfRevenue": "395403000", "costofGoodsAndServicesSold": "395403000", "operatingIncome": "105919000", "sellingGeneralAndAdministrative": "19109000", "researchAndDevelopment": "38657000", "operatingExpenses": "290249000", "investmentIncomeNet": "None", "netInterestIncome": "8697000", "interestIncome": "8894000", "interestExpense": "197000", "nonInterestIncome": "None", "otherNonOperatingIncome": "9136000", "depreciation": "None", "depreciationAndAmortization": "12769000", "incomeBeforeTax": "114858000", "incomeTaxExpense": "23071000", "interestAndDebtExpense": "None", "netIncomeFromContinuingOperations": "91787000", "comprehensiveIncomeNetOfTax": "None", "ebit": "115055000", "ebitda": "127824000", "netIncome": "91787000"}, {"fiscalDateEnding": "2022-12-31", "reportedCurrency": "USD", "grossProfit": "712529000", "totalRevenue": "1345640000", "costOfRevenue": "633111000", "costofGoodsAndServicesSold": "633111000", "operatingIncome": "362660000", "sellingGeneralAndAdministrative": "349869000", "researchAndDevelopment": "None", "operatingExpenses": "349869000", "investmentIncomeNet": "None", "netInterestIncome": "2416000", "interestIncome": "3571000", "interestExpense": "1155000", "nonInterestIncome": "None", "otherNonOperatingIncome": "3799000", "depreciation": "None", "depreciationAndAmortization": "12642000", "incomeBeforeTax": "365304000", "incomeTaxExpense": "86642000", "interestAndDebtExpense": "None", "netIncomeFromContinuingOperations": "278662000", "comprehensiveIncomeNetOfTax": "None", "ebit": "362089000", "ebitda": "374731000", "netIncome": "278662000"}, {"fiscalDateEnding": "2022-09-30", "reportedCurrency": "USD", "grossProfit": "421921000", "totalRevenue": "875614000", "costOfRevenue": "453693000", "costofGoodsAndServicesSold": "453693000", "operatingIncome": "127831000", "sellingGeneralAndAdministrative": "294090000", "researchAndDevelopment": "None", "operatingExpenses": "294090000", "investmentIncomeNet": "None", "netInterestIncome": "846000", "interestIncome": "1884000", "interestExpense": "1038000", "nonInterestIncome": "None", "otherNonOperatingIncome": "2125000", "depreciation": "None", "depreciationAndAmortization": "11934000", "incomeBeforeTax": "128918000", "incomeTaxExpense": "27394000", "interestAndDebtExpense": "None", "netIncomeFromContinuingOperations": "101524000", "comprehensiveIncomeNetOfTax": "None", "ebit": "129956000", "ebitda": "141890000", "netIncome": "101524000"}, {"fiscalDateEnding": "2022-06-30", "reportedCurrency": "USD", "grossProfit": "294752000", "totalRevenue": "614461000", "costOfRevenue": "319709000", "costofGoodsAndServicesSold": "319709000", "operatingIncome": "56341000", "sellingGeneralAndAdministrative": "238411000", "researchAndDevelopment": "None", "operatingExpenses": "238411000", "investmentIncomeNet": "None", "netInterestIncome": "162000", "interestIncome": "1214000", "interestExpense": "1052000", "nonInterestIncome": "None", "otherNonOperatingIncome": "1713000", "depreciation": "None", "depreciationAndAmortization": "12085000", "incomeBeforeTax": "57002000", "incomeTaxExpense": "12153000", "interestAndDebtExpense": "None", "netIncomeFromContinuingOperations": "44849000", "comprehensiveIncomeNetOfTax": "None", "ebit": "58054000", "ebitda": "70139000", "netIncome": "44849000"}, {"fiscalDateEnding": "2022-03-31", "reportedCurrency": "USD", "grossProfit": "358739000", "totalRevenue": "736007000", "costOfRevenue": "377268000", "costofGoodsAndServicesSold": "377268000", "operatingIncome": "81298000", "sellingGeneralAndAdministrative": "21560000", "researchAndDevelopment": "33344000", "operatingExpenses": "277441000", "investmentIncomeNet": "None", "netInterestIncome": "1315000", "interestIncome": "590000", "interestExpense": "725000", "nonInterestIncome": "None", "otherNonOperatingIncome": "327000", "depreciation": "None", "depreciationAndAmortization": "12074000", "incomeBeforeTax": "82350000", "incomeTaxExpense": "13531000", "interestAndDebtExpense": "None", "netIncomeFromContinuingOperations": "68819000", "comprehensiveIncomeNetOfTax": "None", "ebit": "37195000", "ebitda": "49269000", "netIncome": "68819000"}, {"fiscalDateEnding": "2021-12-31", "reportedCurrency": "USD", "grossProfit": "621221000", "totalRevenue": "1187752000", "costOfRevenue": "566531000", "costofGoodsAndServicesSold": "566531000", "operatingIncome": "293396000", "sellingGeneralAndAdministrative": "327825000", "researchAndDevelopment": "None", "operatingExpenses": "327825000", "investmentIncomeNet": "None", "netInterestIncome": "-630000", "interestIncome": "369000", "interestExpense": "999000", "nonInterestIncome": "None", "otherNonOperatingIncome": "560000", "depreciation": "None", "depreciationAndAmortization": "11658000", "incomeBeforeTax": "292957000", "incomeTaxExpense": "60014000", "interestAndDebtExpense": "None", "netIncomeFromContinuingOperations": "232943000", "comprehensiveIncomeNetOfTax": "None", "ebit": "293956000", "ebitda": "305614000", "netIncome": "232943000"}, {"fiscalDateEnding": "2021-09-30", "reportedCurrency": "USD", "grossProfit": "367088000", "totalRevenue": "721902000", "costOfRevenue": "354814000", "costofGoodsAndServicesSold": "354814000", "operatingIncome": "128181000", "sellingGeneralAndAdministrative": "238907000", "researchAndDevelopment": "None", "operatingExpenses": "238907000", "investmentIncomeNet": "None", "netInterestIncome": "-453000", "interestIncome": "460000", "interestExpense": "913000", "nonInterestIncome": "None", "otherNonOperatingIncome": "412000", "depreciation": "None", "depreciationAndAmortization": "10350000", "incomeBeforeTax": "127680000", "incomeTaxExpense": "25617000", "interestAndDebtExpense": "None", "netIncomeFromContinuingOperations": "102063000", "comprehensiveIncomeNetOfTax": "None", "ebit": "128593000", "ebitda": "138943000", "netIncome": "102063000"}, {"fiscalDateEnding": "2021-06-30", "reportedCurrency": "USD", "grossProfit": "260503000", "totalRevenue": "504678000", "costOfRevenue": "244175000", "costofGoodsAndServicesSold": "244175000", "operatingIncome": "61832000", "sellingGeneralAndAdministrative": "198671000", "researchAndDevelopment": "None", "operatingExpenses": "198671000", "investmentIncomeNet": "None", "netInterestIncome": "-414000", "interestIncome": "482000", "interestExpense": "896000", "nonInterestIncome": "None", "otherNonOperatingIncome": "715000", "depreciation": "None", "depreciationAndAmortization": "10348000", "incomeBeforeTax": "61651000", "incomeTaxExpense": "13527000", "interestAndDebtExpense": "None", "netIncomeFromContinuingOperations": "48124000", "comprehensiveIncomeNetOfTax": "None", "ebit": "62547000", "ebitda": "72895000", "netIncome": "48124000"}, {"fiscalDateEnding": "2021-03-31", "reportedCurrency": "USD", "grossProfit": "298650000", "totalRevenue": "561188000", "costOfRevenue": "262538000", "costofGoodsAndServicesSold": "262538000", "operatingIncome": "54645000", "sellingGeneralAndAdministrative": "55660000", "researchAndDevelopment": "28626000", "operatingExpenses": "244005000", "investmentIncomeNet": "None", "netInterestIncome": "-1756000", "interestIncome": "918000", "interestExpense": "2674000", "nonInterestIncome": "None", "otherNonOperatingIncome": "1095000", "depreciation": "None", "depreciationAndAmortization": "9893000", "incomeBeforeTax": "53066000", "incomeTaxExpense": "19608000", "interestAndDebtExpense": "None", "netIncomeFromContinuingOperations": "33458000", "comprehensiveIncomeNetOfTax": "None", "ebit": "67402000", "ebitda": "77295000", "netIncome": "33458000"}, {"fiscalDateEnding": "2020-12-31", "reportedCurrency": "USD", "grossProfit": "613897000", "totalRevenue": "1077759000", "costOfRevenue": "463862000", "costofGoodsAndServicesSold": "463862000", "operatingIncome": "328655000", "sellingGeneralAndAdministrative": "285242000", "researchAndDevelopment": "None", "operatingExpenses": "285242000", "investmentIncomeNet": "None", "netInterestIncome": "-366000", "interestIncome": "593000", "interestExpense": "959000", "nonInterestIncome": "None", "otherNonOperatingIncome": "860000", "depreciation": "None", "depreciationAndAmortization": "11138000", "incomeBeforeTax": "328556000", "incomeTaxExpense": "73020000", "interestAndDebtExpense": "None", "netIncomeFromContinuingOperations": "255536000", "comprehensiveIncomeNetOfTax": "None", "ebit": "330599000", "ebitda": "341737000", "netIncome": "255536000"}, {"fiscalDateEnding": "2020-09-30", "reportedCurrency": "USD", "grossProfit": "318977000", "totalRevenue": "623525000", "costOfRevenue": "304548000", "costofGoodsAndServicesSold": "304548000", "operatingIncome": "128604000", "sellingGeneralAndAdministrative": "190373000", "researchAndDevelopment": "None", "operatingExpenses": "190373000", "investmentIncomeNet": "None", "netInterestIncome": "-753000", "interestIncome": "452000", "interestExpense": "1205000", "nonInterestIncome": "None", "otherNonOperatingIncome": "565000", "depreciation": "None", "depreciationAndAmortization": "10223000", "incomeBeforeTax": "127964000", "incomeTaxExpense": "26410000", "interestAndDebtExpense": "None", "netIncomeFromContinuingOperations": "101554000", "comprehensiveIncomeNetOfTax": "None", "ebit": "129169000", "ebitda": "139392000", "netIncome": "101554000"}, {"fiscalDateEnding": "2020-06-30", "reportedCurrency": "USD", "grossProfit": "142566000", "totalRevenue": "283169000", "costOfRevenue": "140603000", "costofGoodsAndServicesSold": "140603000", "operatingIncome": "-7699000", "sellingGeneralAndAdministrative": "150265000", "researchAndDevelopment": "None", "operatingExpenses": "150265000", "investmentIncomeNet": "None", "netInterestIncome": "-516000", "interestIncome": "674000", "interestExpense": "1190000", "nonInterestIncome": "None", "otherNonOperatingIncome": "817000", "depreciation": "None", "depreciationAndAmortization": "9276000", "incomeBeforeTax": "-8072000", "incomeTaxExpense": "-99000", "interestAndDebtExpense": "None", "netIncomeFromContinuingOperations": "-7973000", "comprehensiveIncomeNetOfTax": "None", "ebit": "-6882000", "ebitda": "2394000", "netIncome": "-7973000"}, {"fiscalDateEnding": "2020-03-31", "reportedCurrency": "USD", "grossProfit": "192998000", "totalRevenue": "374910000", "costOfRevenue": "181912000", "costofGoodsAndServicesSold": "181912000", "operatingIncome": "16655000", "sellingGeneralAndAdministrative": "31395000", "researchAndDevelopment": "27555000", "operatingExpenses": "176343000", "investmentIncomeNet": "None", "netInterestIncome": "-231000", "interestIncome": "2017000", "interestExpense": "2248000", "nonInterestIncome": "None", "otherNonOperatingIncome": "2238000", "depreciation": "None", "depreciationAndAmortization": "9475000", "incomeBeforeTax": "16645000", "incomeTaxExpense": "555000", "interestAndDebtExpense": "None", "netIncomeFromContinuingOperations": "16090000", "comprehensiveIncomeNetOfTax": "None", "ebit": "18893000", "ebitda": "28368000", "netIncome": "16090000"}, {"fiscalDateEnding": "2019-12-31", "reportedCurrency": "USD", "grossProfit": "507632000", "totalRevenue": "938735000", "costOfRevenue": "431103000", "costofGoodsAndServicesSold": "431103000", "operatingIncome": "255766000", "sellingGeneralAndAdministrative": "251866000", "researchAndDevelopment": "None", "operatingExpenses": "251866000", "investmentIncomeNet": "None", "netInterestIncome": "720000", "interestIncome": "848000", "interestExpense": "128000", "nonInterestIncome": "None", "otherNonOperatingIncome": "965000", "depreciation": "None", "depreciationAndAmortization": "9471000", "incomeBeforeTax": "256603000", "incomeTaxExpense": "55010000", "interestAndDebtExpense": "None", "netIncomeFromContinuingOperations": "201593000", "comprehensiveIncomeNetOfTax": "None", "ebit": "256731000", "ebitda": "266202000", "netIncome": "201593000"}, {"fiscalDateEnding": "2019-09-30", "reportedCurrency": "USD", "grossProfit": "273024000", "totalRevenue": "542205000", "costOfRevenue": "269181000", "costofGoodsAndServicesSold": "269181000", "operatingIncome": "97131000", "sellingGeneralAndAdministrative": "175893000", "researchAndDevelopment": "None", "operatingExpenses": "175893000", "investmentIncomeNet": "None", "netInterestIncome": "6000", "interestIncome": "1530000", "interestExpense": "1524000", "nonInterestIncome": "None", "otherNonOperatingIncome": "1616000", "depreciation": "None", "depreciationAndAmortization": "9621000", "incomeBeforeTax": "97223000", "incomeTaxExpense": "19413000", "interestAndDebtExpense": "None", "netIncomeFromContinuingOperations": "77810000", "comprehensiveIncomeNetOfTax": "None", "ebit": "96629000", "ebitda": "106250000", "netIncome": "77810000"}, {"fiscalDateEnding": "2019-06-30", "reportedCurrency": "USD", "grossProfit": "130019000", "totalRevenue": "276839000", "costOfRevenue": "146820000", "costofGoodsAndServicesSold": "146820000", "operatingIncome": "-31417000", "sellingGeneralAndAdministrative": "161436000", "researchAndDevelopment": "None", "operatingExpenses": "161436000", "investmentIncomeNet": "None", "netInterestIncome": "1720000", "interestIncome": "2866000", "interestExpense": "1146000", "nonInterestIncome": "None", "otherNonOperatingIncome": "2958000", "depreciation": "None", "depreciationAndAmortization": "10345000", "incomeBeforeTax": "-29605000", "incomeTaxExpense": "-10254000", "interestAndDebtExpense": "None", "netIncomeFromContinuingOperations": "-19351000", "comprehensiveIncomeNetOfTax": "None", "ebit": "-28459000", "ebitda": "-18114000", "netIncome": "-19351000"}, {"fiscalDateEnding": "2019-03-31", "reportedCurrency": "USD", "grossProfit": "203305000", "totalRevenue": "394130000", "costOfRevenue": "190825000", "costofGoodsAndServicesSold": "190825000", "operatingIncome": "31604000", "sellingGeneralAndAdministrative": "53410000", "researchAndDevelopment": "23187000", "operatingExpenses": "171701000", "investmentIncomeNet": "None", "netInterestIncome": "1905000", "interestIncome": "1905000", "interestExpense": "817000", "nonInterestIncome": "None", "otherNonOperatingIncome": "2756000", "depreciation": "None", "depreciationAndAmortization": "11394000", "incomeBeforeTax": "33543000", "incomeTaxExpense": "9574000", "interestAndDebtExpense": "None", "netIncomeFromContinuingOperations": "23969000", "comprehensiveIncomeNetOfTax": "None", "ebit": "34360000", "ebitda": "45754000", "netIncome": "23969000"}, {"fiscalDateEnding": "2018-12-31", "reportedCurrency": "USD", "grossProfit": "470093000", "totalRevenue": "873800000", "costOfRevenue": "403707000", "costofGoodsAndServicesSold": "403707000", "operatingIncome": "244718000", "sellingGeneralAndAdministrative": "225375000", "researchAndDevelopment": "23187000", "operatingExpenses": "225375000", "investmentIncomeNet": "None", "netInterestIncome": "None", "interestIncome": "None", "interestExpense": "970000", "nonInterestIncome": "None", "otherNonOperatingIncome": "919000", "depreciation": "None", "depreciationAndAmortization": "11413000", "incomeBeforeTax": "244667000", "incomeTaxExpense": "48293000", "interestAndDebtExpense": "None", "netIncomeFromContinuingOperations": "196374000", "comprehensiveIncomeNetOfTax": "None", "ebit": "245637000", "ebitda": "257050000", "netIncome": "196374000"}, {"fiscalDateEnding": "2018-09-30", "reportedCurrency": "USD", "grossProfit": "251887000", "totalRevenue": "501913000", "costOfRevenue": "250026000", "costofGoodsAndServicesSold": "250026000", "operatingIncome": "90412000", "sellingGeneralAndAdministrative": "161475000", "researchAndDevelopment": "23187000", "operatingExpenses": "161475000", "investmentIncomeNet": "None", "netInterestIncome": "None", "interestIncome": "None", "interestExpense": "1640000", "nonInterestIncome": "None", "otherNonOperatingIncome": "1003000", "depreciation": "None", "depreciationAndAmortization": "10729000", "incomeBeforeTax": "89775000", "incomeTaxExpense": "15403000", "interestAndDebtExpense": "None", "netIncomeFromContinuingOperations": "74372000", "comprehensiveIncomeNetOfTax": "None", "ebit": "91415000", "ebitda": "102144000", "netIncome": "74372000"}, {"fiscalDateEnding": "2018-06-30", "reportedCurrency": "USD", "grossProfit": "114965000", "totalRevenue": "250594000", "costOfRevenue": "135629000", "costofGoodsAndServicesSold": "135629000", "operatingIncome": "-39414000", "sellingGeneralAndAdministrative": "154379000", "researchAndDevelopment": "23187000", "operatingExpenses": "154379000", "investmentIncomeNet": "None", "netInterestIncome": "None", "interestIncome": "None", "interestExpense": "1234000", "nonInterestIncome": "None", "otherNonOperatingIncome": "1597000", "depreciation": "None", "depreciationAndAmortization": "11405000", "incomeBeforeTax": "-39051000", "incomeTaxExpense": "-8644000", "interestAndDebtExpense": "None", "netIncomeFromContinuingOperations": "-30407000", "comprehensiveIncomeNetOfTax": "None", "ebit": "-37817000", "ebitda": "-26412000", "netIncome": "-30407000"}, {"fiscalDateEnding": "2018-03-31", "reportedCurrency": "USD", "grossProfit": "192429000", "totalRevenue": "400684000", "costOfRevenue": "208255000", "costofGoodsAndServicesSold": "208255000", "operatingIncome": "18294000", "sellingGeneralAndAdministrative": "62477000", "researchAndDevelopment": "22372000", "operatingExpenses": "174135000", "investmentIncomeNet": "None", "netInterestIncome": "None", "interestIncome": "None", "interestExpense": "541000", "nonInterestIncome": "None", "otherNonOperatingIncome": "156000", "depreciation": "None", "depreciationAndAmortization": "11917000", "incomeBeforeTax": "17909000", "incomeTaxExpense": "-2706000", "interestAndDebtExpense": "None", "netIncomeFromContinuingOperations": "20615000", "comprehensiveIncomeNetOfTax": "None", "ebit": "18450000", "ebitda": "30367000", "netIncome": "20615000"}, {"fiscalDateEnding": "2017-12-31", "reportedCurrency": "USD", "grossProfit": "423471000", "totalRevenue": "810478000", "costOfRevenue": "387007000", "costofGoodsAndServicesSold": "387007000", "operatingIncome": "193191000", "sellingGeneralAndAdministrative": "230280000", "researchAndDevelopment": "22372000", "operatingExpenses": "230280000", "investmentIncomeNet": "None", "netInterestIncome": "None", "interestIncome": "None", "interestExpense": "1506000", "nonInterestIncome": "None", "otherNonOperatingIncome": "1368000", "depreciation": "None", "depreciationAndAmortization": "12202000", "incomeBeforeTax": "193053000", "incomeTaxExpense": "106712000", "interestAndDebtExpense": "None", "netIncomeFromContinuingOperations": "86341000", "comprehensiveIncomeNetOfTax": "None", "ebit": "194559000", "ebitda": "206761000", "netIncome": "86341000"}, {"fiscalDateEnding": "2017-09-30", "reportedCurrency": "USD", "grossProfit": "225117000", "totalRevenue": "482460000", "costOfRevenue": "257343000", "costofGoodsAndServicesSold": "257343000", "operatingIncome": "67355000", "sellingGeneralAndAdministrative": "157762000", "researchAndDevelopment": "0", "operatingExpenses": "157762000", "investmentIncomeNet": "None", "netInterestIncome": "None", "interestIncome": "None", "interestExpense": "1531000", "nonInterestIncome": "None", "otherNonOperatingIncome": "497000", "depreciation": "None", "depreciationAndAmortization": "12185000", "incomeBeforeTax": "66321000", "incomeTaxExpense": "16762000", "interestAndDebtExpense": "None", "netIncomeFromContinuingOperations": "49559000", "comprehensiveIncomeNetOfTax": "None", "ebit": "67852000", "ebitda": "80037000", "netIncome": "49559000"}, {"fiscalDateEnding": "2017-06-30", "reportedCurrency": "USD", "grossProfit": "90625000", "totalRevenue": "209717000", "costOfRevenue": "119092000", "costofGoodsAndServicesSold": "119092000", "operatingIncome": "-56256000", "sellingGeneralAndAdministrative": "146881000", "researchAndDevelopment": "0", "operatingExpenses": "146881000", "investmentIncomeNet": "None", "netInterestIncome": "None", "interestIncome": "None", "interestExpense": "1007000", "nonInterestIncome": "None", "otherNonOperatingIncome": "676000", "depreciation": "None", "depreciationAndAmortization": "12268000", "incomeBeforeTax": "-56587000", "incomeTaxExpense": "-14466000", "interestAndDebtExpense": "None", "netIncomeFromContinuingOperations": "-42121000", "comprehensiveIncomeNetOfTax": "None", "ebit": "-55580000", "ebitda": "-43312000", "netIncome": "-42121000"}, {"fiscalDateEnding": "2017-03-31", "reportedCurrency": "USD", "grossProfit": "158924000", "totalRevenue": "369465000", "costOfRevenue": "210541000", "costofGoodsAndServicesSold": "210541000", "operatingIncome": "-30873000", "sellingGeneralAndAdministrative": "80218000", "researchAndDevelopment": "21256000", "operatingExpenses": "189797000", "investmentIncomeNet": "None", "netInterestIncome": "None", "interestIncome": "None", "interestExpense": "1281000", "nonInterestIncome": "None", "otherNonOperatingIncome": "690000", "depreciation": "None", "depreciationAndAmortization": "13134000", "incomeBeforeTax": "-31464000", "incomeTaxExpense": "-15760000", "interestAndDebtExpense": "None", "netIncomeFromContinuingOperations": "-15704000", "comprehensiveIncomeNetOfTax": "None", "ebit": "-31162000", "ebitda": "-18028000", "netIncome": "-15704000"}, {"fiscalDateEnding": "2016-12-31", "reportedCurrency": "USD", "grossProfit": "383634000", "totalRevenue": "760345000", "costOfRevenue": "376711000", "costofGoodsAndServicesSold": "376711000", "operatingIncome": "53250000", "sellingGeneralAndAdministrative": "330384000", "researchAndDevelopment": "0", "operatingExpenses": "330384000", "investmentIncomeNet": "None", "netInterestIncome": "None", "interestIncome": "None", "interestExpense": "2660000", "nonInterestIncome": "None", "otherNonOperatingIncome": "297000", "depreciation": "None", "depreciationAndAmortization": "13609000", "incomeBeforeTax": "50887000", "incomeTaxExpense": "9860000", "interestAndDebtExpense": "None", "netIncomeFromContinuingOperations": "41027000", "comprehensiveIncomeNetOfTax": "None", "ebit": "53547000", "ebitda": "67156000", "netIncome": "41027000"}, {"fiscalDateEnding": "2016-09-30", "reportedCurrency": "USD", "grossProfit": "216425000", "totalRevenue": "485944000", "costOfRevenue": "269519000", "costofGoodsAndServicesSold": "269519000", "operatingIncome": "54023000", "sellingGeneralAndAdministrative": "162402000", "researchAndDevelopment": "0", "operatingExpenses": "162402000", "investmentIncomeNet": "None", "netInterestIncome": "None", "interestIncome": "None", "interestExpense": "1943000", "nonInterestIncome": "None", "otherNonOperatingIncome": "392000", "depreciation": "None", "depreciationAndAmortization": "12864000", "incomeBeforeTax": "52472000", "incomeTaxExpense": "13167000", "interestAndDebtExpense": "None", "netIncomeFromContinuingOperations": "39305000", "comprehensiveIncomeNetOfTax": "None", "ebit": "54415000", "ebitda": "67279000", "netIncome": "39305000"}, {"fiscalDateEnding": "2016-06-30", "reportedCurrency": "USD", "grossProfit": "76252000", "totalRevenue": "174393000", "costOfRevenue": "98141000", "costofGoodsAndServicesSold": "98141000", "operatingIncome": "-78319000", "sellingGeneralAndAdministrative": "154571000", "researchAndDevelopment": "0", "operatingExpenses": "154571000", "investmentIncomeNet": "None", "netInterestIncome": "None", "interestIncome": "None", "interestExpense": "1435000", "nonInterestIncome": "None", "otherNonOperatingIncome": "873000", "depreciation": "None", "depreciationAndAmortization": "13021000", "incomeBeforeTax": "-78881000", "incomeTaxExpense": "-19963000", "interestAndDebtExpense": "None", "netIncomeFromContinuingOperations": "-58918000", "comprehensiveIncomeNetOfTax": "None", "ebit": "-76188000", "ebitda": "-63167000", "netIncome": "-58918000"}, {"fiscalDateEnding": "2016-03-31", "reportedCurrency": "USD", "grossProfit": "154942000", "totalRevenue": "378635000", "costOfRevenue": "223693000", "costofGoodsAndServicesSold": "223693000", "operatingIncome": "-27878000", "sellingGeneralAndAdministrative": "73082000", "researchAndDevelopment": "22176000", "operatingExpenses": "182820000", "investmentIncomeNet": "None", "netInterestIncome": "None", "interestIncome": "None", "interestExpense": "1172000", "nonInterestIncome": "None", "otherNonOperatingIncome": "117000", "depreciation": "None", "depreciationAndAmortization": "11897000", "incomeBeforeTax": "-28933000", "incomeTaxExpense": "-5227000", "interestAndDebtExpense": "None", "netIncomeFromContinuingOperations": "-23706000", "comprehensiveIncomeNetOfTax": "None", "ebit": "-27761000", "ebitda": "-15864000", "netIncome": "-23706000"}, {"fiscalDateEnding": "2015-12-31", "reportedCurrency": "USD", "grossProfit": "391017000", "totalRevenue": "795902000", "costOfRevenue": "404885000", "costofGoodsAndServicesSold": "404885000", "operatingIncome": "202500000", "sellingGeneralAndAdministrative": "188517000", "researchAndDevelopment": "0", "operatingExpenses": "188517000", "investmentIncomeNet": "None", "netInterestIncome": "None", "interestIncome": "None", "interestExpense": "2075000", "nonInterestIncome": "None", "otherNonOperatingIncome": "233000", "depreciation": "None", "depreciationAndAmortization": "13064000", "incomeBeforeTax": "200658000", "incomeTaxExpense": "43737000", "interestAndDebtExpense": "None", "netIncomeFromContinuingOperations": "156921000", "comprehensiveIncomeNetOfTax": "None", "ebit": "201518000", "ebitda": "214582000", "netIncome": "156921000"}, {"fiscalDateEnding": "2015-09-30", "reportedCurrency": "USD", "grossProfit": "214113000", "totalRevenue": "486855000", "costOfRevenue": "272742000", "costofGoodsAndServicesSold": "272742000", "operatingIncome": "51213000", "sellingGeneralAndAdministrative": "162900000", "researchAndDevelopment": "0", "operatingExpenses": "162900000", "investmentIncomeNet": "None", "netInterestIncome": "None", "interestIncome": "None", "interestExpense": "1532000", "nonInterestIncome": "None", "otherNonOperatingIncome": "161000", "depreciation": "None", "depreciationAndAmortization": "13158000", "incomeBeforeTax": "49842000", "incomeTaxExpense": "13465000", "interestAndDebtExpense": "None", "netIncomeFromContinuingOperations": "36377000", "comprehensiveIncomeNetOfTax": "None", "ebit": "38055000", "ebitda": "51213000", "netIncome": "36377000"}, {"fiscalDateEnding": "2015-06-30", "reportedCurrency": "USD", "grossProfit": "86596000", "totalRevenue": "213805000", "costOfRevenue": "127209000", "costofGoodsAndServicesSold": "127209000", "operatingIncome": "-63708000", "sellingGeneralAndAdministrative": "150304000", "researchAndDevelopment": "0", "operatingExpenses": "150304000", "investmentIncomeNet": "None", "netInterestIncome": "None", "interestIncome": "None", "interestExpense": "1035000", "nonInterestIncome": "None", "otherNonOperatingIncome": "61000", "depreciation": "None", "depreciationAndAmortization": "11905000", "incomeBeforeTax": "-64682000", "incomeTaxExpense": "-17355000", "interestAndDebtExpense": "None", "netIncomeFromContinuingOperations": "-47327000", "comprehensiveIncomeNetOfTax": "None", "ebit": "-65777000", "ebitda": "-53872000", "netIncome": "-47327000"}, {"fiscalDateEnding": "2015-03-31", "reportedCurrency": "USD", "grossProfit": "152324000", "totalRevenue": "340637000", "costOfRevenue": "188313000", "costofGoodsAndServicesSold": "188313000", "operatingIncome": "737000", "sellingGeneralAndAdministrative": "40425000", "researchAndDevelopment": "20872000", "operatingExpenses": "151587000", "investmentIncomeNet": "None", "netInterestIncome": "None", "interestIncome": "None", "interestExpense": "474000", "nonInterestIncome": "None", "otherNonOperatingIncome": "688000", "depreciation": "None", "depreciationAndAmortization": "11485000", "incomeBeforeTax": "951000", "incomeTaxExpense": "-455000", "interestAndDebtExpense": "None", "netIncomeFromContinuingOperations": "1406000", "comprehensiveIncomeNetOfTax": "None", "ebit": "-2504000", "ebitda": "8981000", "netIncome": "1406000"}, {"fiscalDateEnding": "2014-12-31", "reportedCurrency": "USD", "grossProfit": "415139000", "totalRevenue": "784678000", "costOfRevenue": "369539000", "costofGoodsAndServicesSold": "369539000", "operatingIncome": "214581000", "sellingGeneralAndAdministrative": "200558000", "researchAndDevelopment": "0", "operatingExpenses": "200558000", "investmentIncomeNet": "None", "netInterestIncome": "None", "interestIncome": "None", "interestExpense": "1308000", "nonInterestIncome": "None", "otherNonOperatingIncome": "43000", "depreciation": "None", "depreciationAndAmortization": "13035000", "incomeBeforeTax": "213316000", "incomeTaxExpense": "56610000", "interestAndDebtExpense": "None", "netIncomeFromContinuingOperations": "156706000", "comprehensiveIncomeNetOfTax": "None", "ebit": "214581000", "ebitda": "227616000", "netIncome": "156706000"}, {"fiscalDateEnding": "2014-09-30", "reportedCurrency": "USD", "grossProfit": "223873000", "totalRevenue": "480273000", "costOfRevenue": "256400000", "costofGoodsAndServicesSold": "256400000", "operatingIncome": "59583000", "sellingGeneralAndAdministrative": "164290000", "researchAndDevelopment": "0", "operatingExpenses": "164290000", "investmentIncomeNet": "None", "netInterestIncome": "None", "interestIncome": "None", "interestExpense": "2000000", "nonInterestIncome": "None", "otherNonOperatingIncome": "59000", "depreciation": "None", "depreciationAndAmortization": "13642000", "incomeBeforeTax": "57642000", "incomeTaxExpense": "16912000", "interestAndDebtExpense": "None", "netIncomeFromContinuingOperations": "40730000", "comprehensiveIncomeNetOfTax": "None", "ebit": "59583000", "ebitda": "73225000", "netIncome": "40730000"}, {"fiscalDateEnding": "2014-06-30", "reportedCurrency": "USD", "grossProfit": "86772000", "totalRevenue": "211469000", "costOfRevenue": "124697000", "costofGoodsAndServicesSold": "124697000", "operatingIncome": "-50482000", "sellingGeneralAndAdministrative": "137254000", "researchAndDevelopment": "0", "operatingExpenses": "137254000", "investmentIncomeNet": "None", "netInterestIncome": "None", "interestIncome": "None", "interestExpense": "438000", "nonInterestIncome": "None", "otherNonOperatingIncome": "150000", "depreciation": "None", "depreciationAndAmortization": "11131000", "incomeBeforeTax": "-50770000", "incomeTaxExpense": "-13708000", "interestAndDebtExpense": "None", "netIncomeFromContinuingOperations": "-37062000", "comprehensiveIncomeNetOfTax": "None", "ebit": "-50458000", "ebitda": "-39327000", "netIncome": "-37062000"}, {"fiscalDateEnding": "2014-03-31", "reportedCurrency": "USD", "grossProfit": "144260000", "totalRevenue": "294716000", "costOfRevenue": "150456000", "costofGoodsAndServicesSold": "150456000", "operatingIncome": "-408000", "sellingGeneralAndAdministrative": "123510000", "researchAndDevelopment": "4486000", "operatingExpenses": "144668000", "investmentIncomeNet": "None", "netInterestIncome": "None", "interestIncome": "None", "interestExpense": "516000", "nonInterestIncome": "None", "otherNonOperatingIncome": "None", "depreciation": "None", "depreciationAndAmortization": "10569000", "incomeBeforeTax": "-742000", "incomeTaxExpense": "1943000", "interestAndDebtExpense": "None", "netIncomeFromContinuingOperations": "None", "comprehensiveIncomeNetOfTax": "None", "ebit": "-226000", "ebitda": "10343000", "netIncome": "-2685000"}, {"fiscalDateEnding": "2013-12-31", "reportedCurrency": "USD", "grossProfit": "376200000", "totalRevenue": "736048000", "costOfRevenue": "359848000", "costofGoodsAndServicesSold": "359848000", "operatingIncome": "201499000", "sellingGeneralAndAdministrative": "88191000", "researchAndDevelopment": "19257000", "operatingExpenses": "174701000", "investmentIncomeNet": "None", "netInterestIncome": "None", "interestIncome": "None", "interestExpense": "1293000", "nonInterestIncome": "None", "otherNonOperatingIncome": "191000", "depreciation": "None", "depreciationAndAmortization": "14030000", "incomeBeforeTax": "200397000", "incomeTaxExpense": "59500000", "interestAndDebtExpense": "None", "netIncomeFromContinuingOperations": "115613000", "comprehensiveIncomeNetOfTax": "None", "ebit": "201499000", "ebitda": "215529000", "netIncome": "140897000"}, {"fiscalDateEnding": "2013-09-30", "reportedCurrency": "USD", "grossProfit": "166892000", "totalRevenue": "386725000", "costOfRevenue": "219833000", "costofGoodsAndServicesSold": "219833000", "operatingIncome": "46497000", "sellingGeneralAndAdministrative": "120395000", "researchAndDevelopment": "0", "operatingExpenses": "120395000", "investmentIncomeNet": "None", "netInterestIncome": "None", "interestIncome": "None", "interestExpense": "1067000", "nonInterestIncome": "None", "otherNonOperatingIncome": "272000", "depreciation": "None", "depreciationAndAmortization": "9559000", "incomeBeforeTax": "45702000", "incomeTaxExpense": "12642000", "interestAndDebtExpense": "None", "netIncomeFromContinuingOperations": "58344000", "comprehensiveIncomeNetOfTax": "None", "ebit": "36938000", "ebitda": "46497000", "netIncome": "33060000"}, {"fiscalDateEnding": "2013-06-30", "reportedCurrency": "USD", "grossProfit": "69832000", "totalRevenue": "170085000", "costOfRevenue": "100253000", "costofGoodsAndServicesSold": "100253000", "operatingIncome": "-42751000", "sellingGeneralAndAdministrative": "112583000", "researchAndDevelopment": "0", "operatingExpenses": "112583000", "investmentIncomeNet": "None", "netInterestIncome": "None", "interestIncome": "None", "interestExpense": "380000", "nonInterestIncome": "None", "otherNonOperatingIncome": "79000", "depreciation": "None", "depreciationAndAmortization": "8880000", "incomeBeforeTax": "-43052000", "incomeTaxExpense": "-13777000", "interestAndDebtExpense": "None", "netIncomeFromContinuingOperations": "-29275000", "comprehensiveIncomeNetOfTax": "None", "ebit": "-42672000", "ebitda": "-33792000", "netIncome": "-29275000"}, {"fiscalDateEnding": "2013-03-31", "reportedCurrency": "USD", "grossProfit": "123559000", "totalRevenue": "263760000", "costOfRevenue": "140201000", "costofGoodsAndServicesSold": "140201000", "operatingIncome": "2652000", "sellingGeneralAndAdministrative": "120907000", "researchAndDevelopment": "0", "operatingExpenses": "120907000", "investmentIncomeNet": "None", "netInterestIncome": "None", "interestIncome": "None", "interestExpense": "339000", "nonInterestIncome": "None", "otherNonOperatingIncome": "197000", "depreciation": "None", "depreciationAndAmortization": "8970000", "incomeBeforeTax": "2510000", "incomeTaxExpense": "1503000", "interestAndDebtExpense": "None", "netIncomeFromContinuingOperations": "1007000", "comprehensiveIncomeNetOfTax": "None", "ebit": "2849000", "ebitda": "11819000", "netIncome": "1007000"}, {"fiscalDateEnding": "2012-12-31", "reportedCurrency": "USD", "grossProfit": "285994000", "totalRevenue": "617264000", "costOfRevenue": "331270000", "costofGoodsAndServicesSold": "331270000", "operatingIncome": "144114000", "sellingGeneralAndAdministrative": "141880000", "researchAndDevelopment": "15617000", "operatingExpenses": "141880000", "investmentIncomeNet": "None", "netInterestIncome": "None", "interestIncome": "None", "interestExpense": "3009000", "nonInterestIncome": "None", "otherNonOperatingIncome": "None", "depreciation": "None", "depreciationAndAmortization": "10468000", "incomeBeforeTax": "141311000", "incomeTaxExpense": "43254000", "interestAndDebtExpense": "None", "netIncomeFromContinuingOperations": "0", "comprehensiveIncomeNetOfTax": "None", "ebit": "144320000", "ebitda": "154788000", "netIncome": "98057000"}, {"fiscalDateEnding": "2012-09-30", "reportedCurrency": "USD", "grossProfit": "159293000", "totalRevenue": "376392000", "costOfRevenue": "217099000", "costofGoodsAndServicesSold": "217099000", "operatingIncome": "59609000", "sellingGeneralAndAdministrative": "99684000", "researchAndDevelopment": "0", "operatingExpenses": "99684000", "investmentIncomeNet": "None", "netInterestIncome": "None", "interestIncome": "None", "interestExpense": "732000", "nonInterestIncome": "None", "otherNonOperatingIncome": "None", "depreciation": "None", "depreciationAndAmortization": "8233000", "incomeBeforeTax": "59002000", "incomeTaxExpense": "15941000", "interestAndDebtExpense": "None", "netIncomeFromContinuingOperations": "0", "comprehensiveIncomeNetOfTax": "None", "ebit": "59734000", "ebitda": "67967000", "netIncome": "43061000"}, {"fiscalDateEnding": "2012-06-30", "reportedCurrency": "USD", "grossProfit": "73579000", "totalRevenue": "174436000", "costOfRevenue": "100857000", "costofGoodsAndServicesSold": "100857000", "operatingIncome": "-28708000", "sellingGeneralAndAdministrative": "102287000", "researchAndDevelopment": "0", "operatingExpenses": "102287000", "investmentIncomeNet": "None", "netInterestIncome": "None", "interestIncome": "None", "interestExpense": "50000", "nonInterestIncome": "None", "otherNonOperatingIncome": "None", "depreciation": "None", "depreciationAndAmortization": "6248000", "incomeBeforeTax": "-28529000", "incomeTaxExpense": "-8390000", "interestAndDebtExpense": "None", "netIncomeFromContinuingOperations": "0", "comprehensiveIncomeNetOfTax": "None", "ebit": "-28479000", "ebitda": "-22231000", "netIncome": "-20139000"}, {"fiscalDateEnding": "2012-03-31", "reportedCurrency": "USD", "grossProfit": "113288000", "totalRevenue": "246306000", "costOfRevenue": "133018000", "costofGoodsAndServicesSold": "133018000", "operatingIncome": "11933000", "sellingGeneralAndAdministrative": "101355000", "researchAndDevelopment": "0", "operatingExpenses": "101355000", "investmentIncomeNet": "None", "netInterestIncome": "None", "interestIncome": "None", "interestExpense": "49000", "nonInterestIncome": "None", "otherNonOperatingIncome": "None", "depreciation": "None", "depreciationAndAmortization": "8418000", "incomeBeforeTax": "12334000", "incomeTaxExpense": "4299000", "interestAndDebtExpense": "None", "netIncomeFromContinuingOperations": "0", "comprehensiveIncomeNetOfTax": "None", "ebit": "12383000", "ebitda": "20801000", "netIncome": "7887000"}, {"fiscalDateEnding": "2011-12-31", "reportedCurrency": "USD", "grossProfit": "307752000", "totalRevenue": "603852000", "costOfRevenue": "296100000", "costofGoodsAndServicesSold": "296100000", "operatingIncome": "176780000", "sellingGeneralAndAdministrative": "130972000", "researchAndDevelopment": "14160000", "operatingExpenses": "130972000", "investmentIncomeNet": "None", "netInterestIncome": "None", "interestIncome": "None", "interestExpense": "146000", "nonInterestIncome": "None", "otherNonOperatingIncome": "439000", "depreciation": "None", "depreciationAndAmortization": "9082000", "incomeBeforeTax": "177073000", "incomeTaxExpense": "49865000", "interestAndDebtExpense": "None", "netIncomeFromContinuingOperations": "127208000", "comprehensiveIncomeNetOfTax": "None", "ebit": "177219000", "ebitda": "186301000", "netIncome": "124729000"}, {"fiscalDateEnding": "2011-09-30", "reportedCurrency": "USD", "grossProfit": "202853000", "totalRevenue": "414358000", "costOfRevenue": "211505000", "costofGoodsAndServicesSold": "211505000", "operatingIncome": "90661000", "sellingGeneralAndAdministrative": "112192000", "researchAndDevelopment": "0", "operatingExpenses": "112192000", "investmentIncomeNet": "None", "netInterestIncome": "None", "interestIncome": "None", "interestExpense": "148000", "nonInterestIncome": "None", "otherNonOperatingIncome": "98000", "depreciation": "None", "depreciationAndAmortization": "8356000", "incomeBeforeTax": "90611000", "incomeTaxExpense": "28266000", "interestAndDebtExpense": "None", "netIncomeFromContinuingOperations": "62345000", "comprehensiveIncomeNetOfTax": "None", "ebit": "90759000", "ebitda": "99115000", "netIncome": "62484000"}, {"fiscalDateEnding": "2011-06-30", "reportedCurrency": "USD", "grossProfit": "65912000", "totalRevenue": "154222000", "costOfRevenue": "88310000", "costofGoodsAndServicesSold": "88310000", "operatingIncome": "-10798000", "sellingGeneralAndAdministrative": "76710000", "researchAndDevelopment": "0", "operatingExpenses": "76710000", "investmentIncomeNet": "None", "netInterestIncome": "None", "interestIncome": "None", "interestExpense": "13000", "nonInterestIncome": "None", "otherNonOperatingIncome": "56000", "depreciation": "None", "depreciationAndAmortization": "5662000", "incomeBeforeTax": "-10755000", "incomeTaxExpense": "-3227000", "interestAndDebtExpense": "None", "netIncomeFromContinuingOperations": "-7528000", "comprehensiveIncomeNetOfTax": "None", "ebit": "-10742000", "ebitda": "-5080000", "netIncome": "-7339000"}, {"fiscalDateEnding": "2011-03-31", "reportedCurrency": "USD", "grossProfit": "102478000", "totalRevenue": "204851000", "costOfRevenue": "102373000", "costofGoodsAndServicesSold": "102373000", "operatingIncome": "28195000", "sellingGeneralAndAdministrative": "74283000", "researchAndDevelopment": "0", "operatingExpenses": "74283000", "investmentIncomeNet": "None", "netInterestIncome": "None", "interestIncome": "None", "interestExpense": "58000", "nonInterestIncome": "None", "otherNonOperatingIncome": "80000", "depreciation": "None", "depreciationAndAmortization": "5877000", "incomeBeforeTax": "28333000", "incomeTaxExpense": "8500000", "interestAndDebtExpense": "None", "netIncomeFromContinuingOperations": "19833000", "comprehensiveIncomeNetOfTax": "None", "ebit": "28333000", "ebitda": "34210000", "netIncome": "19178000"}, {"fiscalDateEnding": "2010-12-31", "reportedCurrency": "USD", "grossProfit": "233335000", "totalRevenue": "430124000", "costOfRevenue": "196789000", "costofGoodsAndServicesSold": "196789000", "operatingIncome": "140737000", "sellingGeneralAndAdministrative": "92598000", "researchAndDevelopment": "11833000", "operatingExpenses": "92598000", "investmentIncomeNet": "None", "netInterestIncome": "None", "interestIncome": "None", "interestExpense": "226000", "nonInterestIncome": "None", "otherNonOperatingIncome": "None", "depreciation": "None", "depreciationAndAmortization": "3447000", "incomeBeforeTax": "140983000", "incomeTaxExpense": "49628000", "interestAndDebtExpense": "None", "netIncomeFromContinuingOperations": "0", "comprehensiveIncomeNetOfTax": "None", "ebit": "141209000", "ebitda": "144656000", "netIncome": "89231000"}, {"fiscalDateEnding": "2010-09-30", "reportedCurrency": "USD", "grossProfit": "130953000", "totalRevenue": "277879000", "costOfRevenue": "146926000", "costofGoodsAndServicesSold": "146926000", "operatingIncome": "66314000", "sellingGeneralAndAdministrative": "64639000", "researchAndDevelopment": "0", "operatingExpenses": "64639000", "investmentIncomeNet": "None", "netInterestIncome": "None", "interestIncome": "None", "interestExpense": "216000", "nonInterestIncome": "None", "otherNonOperatingIncome": "429000", "depreciation": "None", "depreciationAndAmortization": "2600000", "incomeBeforeTax": "66527000", "incomeTaxExpense": "24555000", "interestAndDebtExpense": "None", "netIncomeFromContinuingOperations": "41972000", "comprehensiveIncomeNetOfTax": "None", "ebit": "66743000", "ebitda": "69343000", "netIncome": "42143000"}, {"fiscalDateEnding": "2010-06-30", "reportedCurrency": "USD", "grossProfit": "60743000", "totalRevenue": "137059000", "costOfRevenue": "76316000", "costofGoodsAndServicesSold": "76316000", "operatingIncome": "13216000", "sellingGeneralAndAdministrative": "47527000", "researchAndDevelopment": "0", "operatingExpenses": "47527000", "investmentIncomeNet": "None", "netInterestIncome": "None", "interestIncome": "None", "interestExpense": "106000", "nonInterestIncome": "None", "otherNonOperatingIncome": "603000", "depreciation": "None", "depreciationAndAmortization": "2341000", "incomeBeforeTax": "13713000", "incomeTaxExpense": "4803000", "interestAndDebtExpense": "None", "netIncomeFromContinuingOperations": "8910000", "comprehensiveIncomeNetOfTax": "None", "ebit": "13819000", "ebitda": "16160000", "netIncome": "8966000"}, {"fiscalDateEnding": "2010-03-31", "reportedCurrency": "USD", "grossProfit": "77907000", "totalRevenue": "155927000", "costOfRevenue": "78020000", "costofGoodsAndServicesSold": "78020000", "operatingIncome": "28821000", "sellingGeneralAndAdministrative": "49086000", "researchAndDevelopment": "0", "operatingExpenses": "49086000", "investmentIncomeNet": "None", "netInterestIncome": "None", "interestIncome": "None", "interestExpense": "18000", "nonInterestIncome": "None", "otherNonOperatingIncome": "None", "depreciation": "None", "depreciationAndAmortization": "3895000", "incomeBeforeTax": "28886000", "incomeTaxExpense": "10746000", "interestAndDebtExpense": "None", "netIncomeFromContinuingOperations": "0", "comprehensiveIncomeNetOfTax": "None", "ebit": "28904000", "ebitda": "32799000", "netIncome": "17895000"}, {"fiscalDateEnding": "2009-12-31", "reportedCurrency": "USD", "grossProfit": "173441000", "totalRevenue": "347989000", "costOfRevenue": "174548000", "costofGoodsAndServicesSold": "174548000", "operatingIncome": "105616000", "sellingGeneralAndAdministrative": "67825000", "researchAndDevelopment": "8111000", "operatingExpenses": "67825000", "investmentIncomeNet": "None", "netInterestIncome": "None", "interestIncome": "None", "interestExpense": "269000", "nonInterestIncome": "None", "otherNonOperatingIncome": "None", "depreciation": "None", "depreciationAndAmortization": "2834000", "incomeBeforeTax": "105650000", "incomeTaxExpense": "37602000", "interestAndDebtExpense": "None", "netIncomeFromContinuingOperations": "0", "comprehensiveIncomeNetOfTax": "None", "ebit": "105613000", "ebitda": "108447000", "netIncome": "67742000"}, {"fiscalDateEnding": "2009-09-30", "reportedCurrency": "USD", "grossProfit": "97951000", "totalRevenue": "228414000", "costOfRevenue": "130463000", "costofGoodsAndServicesSold": "130463000", "operatingIncome": "53080000", "sellingGeneralAndAdministrative": "44871000", "researchAndDevelopment": "0", "operatingExpenses": "44871000", "investmentIncomeNet": "None", "netInterestIncome": "None", "interestIncome": "None", "interestExpense": "8000", "nonInterestIncome": "None", "otherNonOperatingIncome": "None", "depreciation": "None", "depreciationAndAmortization": "2637000", "incomeBeforeTax": "53185000", "incomeTaxExpense": "19434000", "interestAndDebtExpense": "None", "netIncomeFromContinuingOperations": "0", "comprehensiveIncomeNetOfTax": "None", "ebit": "53193000", "ebitda": "55830000", "netIncome": "33825000"}, {"fiscalDateEnding": "2009-06-30", "reportedCurrency": "USD", "grossProfit": "40785000", "totalRevenue": "102548000", "costOfRevenue": "61763000", "costofGoodsAndServicesSold": "61763000", "operatingIncome": "3225000", "sellingGeneralAndAdministrative": "36560000", "researchAndDevelopment": "0", "operatingExpenses": "36560000", "investmentIncomeNet": "None", "netInterestIncome": "None", "interestIncome": "None", "interestExpense": "940000", "nonInterestIncome": "None", "otherNonOperatingIncome": "None", "depreciation": "None", "depreciationAndAmortization": "2617000", "incomeBeforeTax": "4464000", "incomeTaxExpense": "1697000", "interestAndDebtExpense": "None", "netIncomeFromContinuingOperations": "0", "comprehensiveIncomeNetOfTax": "None", "ebit": "4464000", "ebitda": "7081000", "netIncome": "2879000"}, {"fiscalDateEnding": "2009-03-31", "reportedCurrency": "USD", "grossProfit": "58913000", "totalRevenue": "134226000", "costOfRevenue": "75313000", "costofGoodsAndServicesSold": "75313000", "operatingIncome": "19326000", "sellingGeneralAndAdministrative": "39587000", "researchAndDevelopment": "0", "operatingExpenses": "39587000", "investmentIncomeNet": "None", "netInterestIncome": "None", "interestIncome": "None", "interestExpense": "17000", "nonInterestIncome": "None", "otherNonOperatingIncome": "None", "depreciation": "None", "depreciationAndAmortization": "2106000", "incomeBeforeTax": "19924000", "incomeTaxExpense": "7571000", "interestAndDebtExpense": "None", "netIncomeFromContinuingOperations": "0", "comprehensiveIncomeNetOfTax": "None", "ebit": "19941000", "ebitda": "22047000", "netIncome": "12340000"}, {"fiscalDateEnding": "2008-12-31", "reportedCurrency": "USD", "grossProfit": "137490000", "totalRevenue": "303506000", "costOfRevenue": "166016000", "costofGoodsAndServicesSold": "166016000", "operatingIncome": "63722000", "sellingGeneralAndAdministrative": "52843000", "researchAndDevelopment": "5619000", "operatingExpenses": "73768000", "investmentIncomeNet": "None", "netInterestIncome": "None", "interestIncome": "None", "interestExpense": "19867000", "nonInterestIncome": "None", "otherNonOperatingIncome": "None", "depreciation": "None", "depreciationAndAmortization": "1751000", "incomeBeforeTax": "64646000", "incomeTaxExpense": "24306000", "interestAndDebtExpense": "None", "netIncomeFromContinuingOperations": "0", "comprehensiveIncomeNetOfTax": "None", "ebit": "63722000", "ebitda": "65473000", "netIncome": "40460000"}, {"fiscalDateEnding": "2008-09-30", "reportedCurrency": "USD", "grossProfit": "85340000", "totalRevenue": "197288000", "costOfRevenue": "111948000", "costofGoodsAndServicesSold": "111948000", "operatingIncome": "43081000", "sellingGeneralAndAdministrative": "42259000", "researchAndDevelopment": "0", "operatingExpenses": "42259000", "investmentIncomeNet": "None", "netInterestIncome": "None", "interestIncome": "None", "interestExpense": "14000", "nonInterestIncome": "None", "otherNonOperatingIncome": "None", "depreciation": "None", "depreciationAndAmortization": "1608000", "incomeBeforeTax": "43502000", "incomeTaxExpense": "17445000", "interestAndDebtExpense": "None", "netIncomeFromContinuingOperations": "0", "comprehensiveIncomeNetOfTax": "None", "ebit": "43516000", "ebitda": "45124000", "netIncome": "26014000"}, {"fiscalDateEnding": "2008-06-30", "reportedCurrency": "USD", "grossProfit": "36340000", "totalRevenue": "91116000", "costOfRevenue": "54776000", "costofGoodsAndServicesSold": "54776000", "operatingIncome": "-6944000", "sellingGeneralAndAdministrative": "28384000", "researchAndDevelopment": "0", "operatingExpenses": "28384000", "investmentIncomeNet": "None", "netInterestIncome": "None", "interestIncome": "None", "interestExpense": "39000", "nonInterestIncome": "None", "otherNonOperatingIncome": "None", "depreciation": "None", "depreciationAndAmortization": "1527000", "incomeBeforeTax": "-6314000", "incomeTaxExpense": "-2494000", "interestAndDebtExpense": "None", "netIncomeFromContinuingOperations": "0", "comprehensiveIncomeNetOfTax": "None", "ebit": "-6275000", "ebitda": "-4748000", "netIncome": "-3820000"}, {"fiscalDateEnding": "2008-03-31", "reportedCurrency": "USD", "grossProfit": "46148000", "totalRevenue": "97535000", "costOfRevenue": "51387000", "costofGoodsAndServicesSold": "51387000", "operatingIncome": "17060000", "sellingGeneralAndAdministrative": "29088000", "researchAndDevelopment": "0", "operatingExpenses": "29088000", "investmentIncomeNet": "None", "netInterestIncome": "None", "interestIncome": "None", "interestExpense": "32000", "nonInterestIncome": "None", "otherNonOperatingIncome": "None", "depreciation": "None", "depreciationAndAmortization": "1122000", "incomeBeforeTax": "18668000", "incomeTaxExpense": "7374000", "interestAndDebtExpense": "None", "netIncomeFromContinuingOperations": "0", "comprehensiveIncomeNetOfTax": "None", "ebit": "18700000", "ebitda": "19822000", "netIncome": "11294000"}, {"fiscalDateEnding": "2007-12-31", "reportedCurrency": "USD", "grossProfit": "93650000", "totalRevenue": "194243000", "costOfRevenue": "100593000", "costofGoodsAndServicesSold": "100593000", "operatingIncome": "56957000", "sellingGeneralAndAdministrative": "36693000", "researchAndDevelopment": "2916000", "operatingExpenses": "36693000", "investmentIncomeNet": "None", "netInterestIncome": "None", "interestIncome": "None", "interestExpense": "1763000", "nonInterestIncome": "None", "otherNonOperatingIncome": "None", "depreciation": "None", "depreciationAndAmortization": "670000", "incomeBeforeTax": "58720000", "incomeTaxExpense": "23331000", "interestAndDebtExpense": "None", "netIncomeFromContinuingOperations": "0", "comprehensiveIncomeNetOfTax": "None", "ebit": "56957000", "ebitda": "57627000", "netIncome": "35389000"}, {"fiscalDateEnding": "2007-09-30", "reportedCurrency": "USD", "grossProfit": "58715000", "totalRevenue": "129381000", "costOfRevenue": "70666000", "costofGoodsAndServicesSold": "70666000", "operatingIncome": "30660000", "sellingGeneralAndAdministrative": "18825000", "researchAndDevelopment": "0", "operatingExpenses": "28055000", "investmentIncomeNet": "None", "netInterestIncome": "None", "interestIncome": "None", "interestExpense": "1252000", "nonInterestIncome": "None", "otherNonOperatingIncome": "None", "depreciation": "None", "depreciationAndAmortization": "1035000", "incomeBeforeTax": "31304000", "incomeTaxExpense": "11974000", "interestAndDebtExpense": "None", "netIncomeFromContinuingOperations": "0", "comprehensiveIncomeNetOfTax": "None", "ebit": "29625000", "ebitda": "30660000", "netIncome": "19330000"}, {"fiscalDateEnding": "2007-06-30", "reportedCurrency": "USD", "grossProfit": "21689000", "totalRevenue": "52730000", "costOfRevenue": "31041000", "costofGoodsAndServicesSold": "31041000", "operatingIncome": "2864000", "sellingGeneralAndAdministrative": "18825000", "researchAndDevelopment": "0", "operatingExpenses": "18825000", "investmentIncomeNet": "None", "netInterestIncome": "None", "interestIncome": "None", "interestExpense": "197000", "nonInterestIncome": "None", "otherNonOperatingIncome": "None", "depreciation": "None", "depreciationAndAmortization": "910000", "incomeBeforeTax": "4116000", "incomeTaxExpense": "1849000", "interestAndDebtExpense": "None", "netIncomeFromContinuingOperations": "0", "comprehensiveIncomeNetOfTax": "None", "ebit": "2864000", "ebitda": "3774000", "netIncome": "2267000"}, {"fiscalDateEnding": "2007-03-31", "reportedCurrency": "USD", "grossProfit": "33417000", "totalRevenue": "72575000", "costOfRevenue": "39158000", "costofGoodsAndServicesSold": "39158000", "operatingIncome": "15072000", "sellingGeneralAndAdministrative": "18345000", "researchAndDevelopment": "0", "operatingExpenses": "18345000", "investmentIncomeNet": "None", "netInterestIncome": "None", "interestIncome": "None", "interestExpense": "988000", "nonInterestIncome": "None", "otherNonOperatingIncome": "None", "depreciation": "None", "depreciationAndAmortization": "901000", "incomeBeforeTax": "15899000", "incomeTaxExpense": "6448000", "interestAndDebtExpense": "None", "netIncomeFromContinuingOperations": "0", "comprehensiveIncomeNetOfTax": "None", "ebit": "15072000", "ebitda": "15973000", "netIncome": "9451000"}, {"fiscalDateEnding": "2006-12-31", "reportedCurrency": "USD", "grossProfit": "60285000", "totalRevenue": "124376000", "costOfRevenue": "64091000", "costofGoodsAndServicesSold": "64091000", "operatingIncome": "21680000", "sellingGeneralAndAdministrative": "23305000", "researchAndDevelopment": "2506000", "operatingExpenses": "38605000", "investmentIncomeNet": "None", "netInterestIncome": "None", "interestIncome": "None", "interestExpense": "14843000", "nonInterestIncome": "None", "otherNonOperatingIncome": "None", "depreciation": "None", "depreciationAndAmortization": "818000", "incomeBeforeTax": "22124000", "incomeTaxExpense": "9581000", "interestAndDebtExpense": "None", "netIncomeFromContinuingOperations": "0", "comprehensiveIncomeNetOfTax": "None", "ebit": "21680000", "ebitda": "22498000", "netIncome": "12543000"}, {"fiscalDateEnding": "2006-09-30", "reportedCurrency": "USD", "grossProfit": "37056000", "totalRevenue": "82322000", "costOfRevenue": "45266000", "costofGoodsAndServicesSold": "45266000", "operatingIncome": "17191000", "sellingGeneralAndAdministrative": "19865000", "researchAndDevelopment": "0", "operatingExpenses": "19865000", "investmentIncomeNet": "None", "netInterestIncome": "None", "interestIncome": "None", "interestExpense": "613000", "nonInterestIncome": "None", "otherNonOperatingIncome": "None", "depreciation": "None", "depreciationAndAmortization": "781000", "incomeBeforeTax": "17716000", "incomeTaxExpense": "7336000", "interestAndDebtExpense": "None", "netIncomeFromContinuingOperations": "0", "comprehensiveIncomeNetOfTax": "None", "ebit": "17191000", "ebitda": "17972000", "netIncome": "10380000"}, {"fiscalDateEnding": "2006-06-30", "reportedCurrency": "USD", "grossProfit": "18946000", "totalRevenue": "41721000", "costOfRevenue": "22775000", "costofGoodsAndServicesSold": "22775000", "operatingIncome": "3913000", "sellingGeneralAndAdministrative": "15033000", "researchAndDevelopment": "0", "operatingExpenses": "15033000", "investmentIncomeNet": "None", "netInterestIncome": "None", "interestIncome": "None", "interestExpense": "721000", "nonInterestIncome": "None", "otherNonOperatingIncome": "None", "depreciation": "None", "depreciationAndAmortization": "756000", "incomeBeforeTax": "4525000", "incomeTaxExpense": "1995000", "interestAndDebtExpense": "None", "netIncomeFromContinuingOperations": "0", "comprehensiveIncomeNetOfTax": "None", "ebit": "3913000", "ebitda": "4669000", "netIncome": "2530000"}, {"fiscalDateEnding": "2006-03-31", "reportedCurrency": "USD", "grossProfit": "24700000", "totalRevenue": "56004000", "costOfRevenue": "31304000", "costofGoodsAndServicesSold": "31304000", "operatingIncome": "8914000", "sellingGeneralAndAdministrative": "15786000", "researchAndDevelopment": "0", "operatingExpenses": "15786000", "investmentIncomeNet": "None", "netInterestIncome": "None", "interestIncome": "None", "interestExpense": "580000", "nonInterestIncome": "None", "otherNonOperatingIncome": "None", "depreciation": "None", "depreciationAndAmortization": "727000", "incomeBeforeTax": "9494000", "incomeTaxExpense": "3845000", "interestAndDebtExpense": "None", "netIncomeFromContinuingOperations": "0", "comprehensiveIncomeNetOfTax": "None", "ebit": "8187000", "ebitda": "8914000", "netIncome": "5649000"}, {"fiscalDateEnding": "2005-12-31", "reportedCurrency": "USD", "grossProfit": "36916000", "totalRevenue": "90963000", "costOfRevenue": "54047000", "costofGoodsAndServicesSold": "54047000", "operatingIncome": "19174000", "sellingGeneralAndAdministrative": "17742000", "researchAndDevelopment": "1810000", "operatingExpenses": "17742000", "investmentIncomeNet": "None", "netInterestIncome": "None", "interestIncome": "None", "interestExpense": "77000", "nonInterestIncome": "None", "otherNonOperatingIncome": "None", "depreciation": "None", "depreciationAndAmortization": "705000", "incomeBeforeTax": "19250000", "incomeTaxExpense": "7174000", "interestAndDebtExpense": "None", "netIncomeFromContinuingOperations": "0", "comprehensiveIncomeNetOfTax": "None", "ebit": "19174000", "ebitda": "19879000", "netIncome": "12076000"}, {"fiscalDateEnding": "2005-09-30", "reportedCurrency": "USD", "grossProfit": "29070000", "totalRevenue": "69193000", "costOfRevenue": "40123000", "costofGoodsAndServicesSold": "40123000", "operatingIncome": "14018000", "sellingGeneralAndAdministrative": "15052000", "researchAndDevelopment": "0", "operatingExpenses": "15052000", "investmentIncomeNet": "None", "netInterestIncome": "None", "interestIncome": "None", "interestExpense": "167000", "nonInterestIncome": "None", "otherNonOperatingIncome": "None", "depreciation": "None", "depreciationAndAmortization": "658000", "incomeBeforeTax": "13851000", "incomeTaxExpense": "5701000", "interestAndDebtExpense": "None", "netIncomeFromContinuingOperations": "0", "comprehensiveIncomeNetOfTax": "None", "ebit": "13360000", "ebitda": "14018000", "netIncome": "8150000"}, {"fiscalDateEnding": "2005-06-30", "reportedCurrency": "USD", "grossProfit": "15969000", "totalRevenue": "40341000", "costOfRevenue": "24372000", "costofGoodsAndServicesSold": "24372000", "operatingIncome": "4677000", "sellingGeneralAndAdministrative": "11292000", "researchAndDevelopment": "0", "operatingExpenses": "11292000", "investmentIncomeNet": "None", "netInterestIncome": "None", "interestIncome": "None", "interestExpense": "2000", "nonInterestIncome": "None", "otherNonOperatingIncome": "None", "depreciation": "None", "depreciationAndAmortization": "562000", "incomeBeforeTax": "4675000", "incomeTaxExpense": "1943000", "interestAndDebtExpense": "None", "netIncomeFromContinuingOperations": "0", "comprehensiveIncomeNetOfTax": "None", "ebit": "4115000", "ebitda": "4677000", "netIncome": "2732000"}, {"fiscalDateEnding": "2005-03-31", "reportedCurrency": "USD", "grossProfit": "29567000", "totalRevenue": "64263000", "costOfRevenue": "34696000", "costofGoodsAndServicesSold": "34696000", "operatingIncome": "14399000", "sellingGeneralAndAdministrative": "15168000", "researchAndDevelopment": "0", "operatingExpenses": "15168000", "investmentIncomeNet": "None", "netInterestIncome": "None", "interestIncome": "None", "interestExpense": "67000", "nonInterestIncome": "None", "otherNonOperatingIncome": "None", "depreciation": "None", "depreciationAndAmortization": "572000", "incomeBeforeTax": "14467000", "incomeTaxExpense": "5580000", "interestAndDebtExpense": "None", "netIncomeFromContinuingOperations": "0", "comprehensiveIncomeNetOfTax": "None", "ebit": "13827000", "ebitda": "14399000", "netIncome": "8887000"}, {"fiscalDateEnding": "2004-12-31", "reportedCurrency": "USD", "grossProfit": "28886000", "totalRevenue": "74172000", "costOfRevenue": "45286000", "costofGoodsAndServicesSold": "45286000", "operatingIncome": "14202000", "sellingGeneralAndAdministrative": "14684000", "researchAndDevelopment": "1438000", "operatingExpenses": "14684000", "investmentIncomeNet": "None", "netInterestIncome": "None", "interestIncome": "None", "interestExpense": "22000", "nonInterestIncome": "None", "otherNonOperatingIncome": "None", "depreciation": "None", "depreciationAndAmortization": "453000", "incomeBeforeTax": "14224000", "incomeTaxExpense": "4976000", "interestAndDebtExpense": "None", "netIncomeFromContinuingOperations": "0", "comprehensiveIncomeNetOfTax": "None", "ebit": "14202000", "ebitda": "14655000", "netIncome": "9248000"}]}