{"symbol": "AMGN", "annualReports": [{"fiscalDateEnding": "2024-12-31", "reportedCurrency": "USD", "grossProfit": "20566000000", "totalRevenue": "33424000000", "costOfRevenue": "12858000000", "costofGoodsAndServicesSold": "12858000000", "operatingIncome": "7258000000", "sellingGeneralAndAdministrative": "2383000000", "researchAndDevelopment": "5964000000", "operatingExpenses": "13308000000", "investmentIncomeNet": "None", "netInterestIncome": "-3155000000", "interestIncome": "None", "interestExpense": "3155000000", "nonInterestIncome": "None", "otherNonOperatingIncome": "None", "depreciation": "None", "depreciationAndAmortization": "5592000000", "incomeBeforeTax": "4609000000", "incomeTaxExpense": "519000000", "interestAndDebtExpense": "None", "netIncomeFromContinuingOperations": "4090000000", "comprehensiveIncomeNetOfTax": "None", "ebit": "7764000000", "ebitda": "13356000000", "netIncome": "4090000000"}, {"fiscalDateEnding": "2023-12-31", "reportedCurrency": "USD", "grossProfit": "19739000000", "totalRevenue": "28190000000", "costOfRevenue": "8451000000", "costofGoodsAndServicesSold": "8451000000", "operatingIncome": "7897000000", "sellingGeneralAndAdministrative": "5477000000", "researchAndDevelopment": "4784000000", "operatingExpenses": "11842000000", "investmentIncomeNet": "None", "netInterestIncome": "-2469000000", "interestIncome": "None", "interestExpense": "2875000000", "nonInterestIncome": "None", "otherNonOperatingIncome": "None", "depreciation": "None", "depreciationAndAmortization": "4071000000", "incomeBeforeTax": "7855000000", "incomeTaxExpense": "1138000000", "interestAndDebtExpense": "None", "netIncomeFromContinuingOperations": "7566000000", "comprehensiveIncomeNetOfTax": "None", "ebit": "7897000000", "ebitda": "7897000000", "netIncome": "6717000000"}, {"fiscalDateEnding": "2022-12-31", "reportedCurrency": "USD", "grossProfit": "19917000000", "totalRevenue": "26323000000", "costOfRevenue": "6406000000", "costofGoodsAndServicesSold": "6406000000", "operatingIncome": "5335000000", "sellingGeneralAndAdministrative": "4573000000", "researchAndDevelopment": "4434000000", "operatingExpenses": "10351000000", "investmentIncomeNet": "None", "netInterestIncome": "-1406000000", "interestIncome": "None", "interestExpense": "1406000000", "nonInterestIncome": "None", "otherNonOperatingIncome": "-814000000", "depreciation": "None", "depreciationAndAmortization": "3261000000", "incomeBeforeTax": "7346000000", "incomeTaxExpense": "794000000", "interestAndDebtExpense": "None", "netIncomeFromContinuingOperations": "6552000000", "comprehensiveIncomeNetOfTax": "None", "ebit": "8832000000", "ebitda": "12093000000", "netIncome": "6552000000"}, {"fiscalDateEnding": "2021-12-31", "reportedCurrency": "USD", "grossProfit": "19525000000", "totalRevenue": "25979000000", "costOfRevenue": "6454000000", "costofGoodsAndServicesSold": "6454000000", "operatingIncome": "6005000000", "sellingGeneralAndAdministrative": "4525000000", "researchAndDevelopment": "4819000000", "operatingExpenses": "10381000000", "investmentIncomeNet": "None", "netInterestIncome": "-1197000000", "interestIncome": "None", "interestExpense": "1197000000", "nonInterestIncome": "None", "otherNonOperatingIncome": "259000000", "depreciation": "None", "depreciationAndAmortization": "3398000000", "incomeBeforeTax": "6701000000", "incomeTaxExpense": "808000000", "interestAndDebtExpense": "None", "netIncomeFromContinuingOperations": "5893000000", "comprehensiveIncomeNetOfTax": "None", "ebit": "9144000000", "ebitda": "12542000000", "netIncome": "5893000000"}, {"fiscalDateEnding": "2020-12-31", "reportedCurrency": "USD", "grossProfit": "19265000000", "totalRevenue": "25424000000", "costOfRevenue": "6159000000", "costofGoodsAndServicesSold": "6159000000", "operatingIncome": "5794000000", "sellingGeneralAndAdministrative": "4768000000", "researchAndDevelopment": "4207000000", "operatingExpenses": "10126000000", "investmentIncomeNet": "None", "netInterestIncome": "-1006000000", "interestIncome": "256000000", "interestExpense": "1262000000", "nonInterestIncome": "None", "otherNonOperatingIncome": "256000000", "depreciation": "None", "depreciationAndAmortization": "3601000000", "incomeBeforeTax": "8133000000", "incomeTaxExpense": "869000000", "interestAndDebtExpense": "None", "netIncomeFromContinuingOperations": "7264000000", "comprehensiveIncomeNetOfTax": "None", "ebit": "9328000000", "ebitda": "12929000000", "netIncome": "7264000000"}, {"fiscalDateEnding": "2019-12-31", "reportedCurrency": "USD", "grossProfit": "19006000000", "totalRevenue": "23362000000", "costOfRevenue": "4356000000", "costofGoodsAndServicesSold": "4356000000", "operatingIncome": "9674000000", "sellingGeneralAndAdministrative": "4361000000", "researchAndDevelopment": "4116000000", "operatingExpenses": "9332000000", "investmentIncomeNet": "None", "netInterestIncome": "-536000000", "interestIncome": "753000000", "interestExpense": "1289000000", "nonInterestIncome": "None", "otherNonOperatingIncome": "753000000", "depreciation": "None", "depreciationAndAmortization": "2206000000", "incomeBeforeTax": "9138000000", "incomeTaxExpense": "1296000000", "interestAndDebtExpense": "None", "netIncomeFromContinuingOperations": "7842000000", "comprehensiveIncomeNetOfTax": "None", "ebit": "10427000000", "ebitda": "12633000000", "netIncome": "7842000000"}, {"fiscalDateEnding": "2018-12-31", "reportedCurrency": "USD", "grossProfit": "19646000000", "totalRevenue": "23747000000", "costOfRevenue": "4101000000", "costofGoodsAndServicesSold": "4101000000", "operatingIncome": "10263000000", "sellingGeneralAndAdministrative": "5332000000", "researchAndDevelopment": "3737000000", "operatingExpenses": "9383000000", "investmentIncomeNet": "None", "netInterestIncome": "-718000000", "interestIncome": "674000000", "interestExpense": "1392000000", "nonInterestIncome": "None", "otherNonOperatingIncome": "674000000", "depreciation": "None", "depreciationAndAmortization": "1946000000", "incomeBeforeTax": "9545000000", "incomeTaxExpense": "1151000000", "interestAndDebtExpense": "None", "netIncomeFromContinuingOperations": "8394000000", "comprehensiveIncomeNetOfTax": "None", "ebit": "10937000000", "ebitda": "12883000000", "netIncome": "8394000000"}, {"fiscalDateEnding": "2017-12-31", "reportedCurrency": "USD", "grossProfit": "18780000000", "totalRevenue": "22849000000", "costOfRevenue": "4069000000", "costofGoodsAndServicesSold": "4069000000", "operatingIncome": "9973000000", "sellingGeneralAndAdministrative": "4870000000", "researchAndDevelopment": "3562000000", "operatingExpenses": "8807000000", "investmentIncomeNet": "None", "netInterestIncome": "-376000000", "interestIncome": "928000000", "interestExpense": "1304000000", "nonInterestIncome": "None", "otherNonOperatingIncome": "928000000", "depreciation": "None", "depreciationAndAmortization": "1904000000", "incomeBeforeTax": "9597000000", "incomeTaxExpense": "7618000000", "interestAndDebtExpense": "None", "netIncomeFromContinuingOperations": "1979000000", "comprehensiveIncomeNetOfTax": "None", "ebit": "10900000000", "ebitda": "12804000000", "netIncome": "1979000000"}, {"fiscalDateEnding": "2016-12-31", "reportedCurrency": "USD", "grossProfit": "18829000000", "totalRevenue": "22991000000", "costOfRevenue": "4162000000", "costofGoodsAndServicesSold": "4162000000", "operatingIncome": "9794000000", "sellingGeneralAndAdministrative": "5062000000", "researchAndDevelopment": "3840000000", "operatingExpenses": "9035000000", "investmentIncomeNet": "None", "netInterestIncome": "-631000000", "interestIncome": "629000000", "interestExpense": "1260000000", "nonInterestIncome": "None", "otherNonOperatingIncome": "629000000", "depreciation": "None", "depreciationAndAmortization": "2105000000", "incomeBeforeTax": "9163000000", "incomeTaxExpense": "1441000000", "interestAndDebtExpense": "None", "netIncomeFromContinuingOperations": "7722000000", "comprehensiveIncomeNetOfTax": "None", "ebit": "9832000000", "ebitda": "11937000000", "netIncome": "7722000000"}, {"fiscalDateEnding": "2015-12-31", "reportedCurrency": "USD", "grossProfit": "17435000000", "totalRevenue": "21662000000", "costOfRevenue": "4227000000", "costofGoodsAndServicesSold": "4227000000", "operatingIncome": "8470000000", "sellingGeneralAndAdministrative": "4846000000", "researchAndDevelopment": "4070000000", "operatingExpenses": "8965000000", "investmentIncomeNet": "None", "netInterestIncome": "None", "interestIncome": "492000000", "interestExpense": "1095000000", "nonInterestIncome": "None", "otherNonOperatingIncome": "603000000", "depreciation": "None", "depreciationAndAmortization": "2108000000", "incomeBeforeTax": "7978000000", "incomeTaxExpense": "1039000000", "interestAndDebtExpense": "None", "netIncomeFromContinuingOperations": "6939000000", "comprehensiveIncomeNetOfTax": "None", "ebit": "9024000000", "ebitda": "11132000000", "netIncome": "6939000000"}, {"fiscalDateEnding": "2014-12-31", "reportedCurrency": "USD", "grossProfit": "15641000000", "totalRevenue": "20063000000", "costOfRevenue": "4422000000", "costofGoodsAndServicesSold": "4422000000", "operatingIncome": "6191000000", "sellingGeneralAndAdministrative": "4699000000", "researchAndDevelopment": "4297000000", "operatingExpenses": "9450000000", "investmentIncomeNet": "None", "netInterestIncome": "None", "interestIncome": "None", "interestExpense": "1071000000", "nonInterestIncome": "None", "otherNonOperatingIncome": "465000000", "depreciation": "None", "depreciationAndAmortization": "2092000000", "incomeBeforeTax": "5585000000", "incomeTaxExpense": "427000000", "interestAndDebtExpense": "None", "netIncomeFromContinuingOperations": "5158000000", "comprehensiveIncomeNetOfTax": "None", "ebit": "6655000000", "ebitda": "8747000000", "netIncome": "5158000000"}, {"fiscalDateEnding": "2013-12-31", "reportedCurrency": "USD", "grossProfit": "15330000000", "totalRevenue": "18676000000", "costOfRevenue": "3346000000", "costofGoodsAndServicesSold": "3346000000", "operatingIncome": "5867000000", "sellingGeneralAndAdministrative": "5184000000", "researchAndDevelopment": "4083000000", "operatingExpenses": "9463000000", "investmentIncomeNet": "None", "netInterestIncome": "None", "interestIncome": "None", "interestExpense": "1022000000", "nonInterestIncome": "None", "otherNonOperatingIncome": "420000000", "depreciation": "None", "depreciationAndAmortization": "1286000000", "incomeBeforeTax": "5265000000", "incomeTaxExpense": "184000000", "interestAndDebtExpense": "None", "netIncomeFromContinuingOperations": "5081000000", "comprehensiveIncomeNetOfTax": "None", "ebit": "6105000000", "ebitda": "7391000000", "netIncome": "5081000000"}, {"fiscalDateEnding": "2012-12-31", "reportedCurrency": "USD", "grossProfit": "14347000000", "totalRevenue": "17265000000", "costOfRevenue": "2918000000", "costofGoodsAndServicesSold": "2918000000", "operatingIncome": "5577000000", "sellingGeneralAndAdministrative": "4801000000", "researchAndDevelopment": "3380000000", "operatingExpenses": "8770000000", "investmentIncomeNet": "None", "netInterestIncome": "None", "interestIncome": "None", "interestExpense": "1053000000", "nonInterestIncome": "None", "otherNonOperatingIncome": "485000000", "depreciation": "None", "depreciationAndAmortization": "294000000", "incomeBeforeTax": "5009000000", "incomeTaxExpense": "664000000", "interestAndDebtExpense": "None", "netIncomeFromContinuingOperations": "4345000000", "comprehensiveIncomeNetOfTax": "None", "ebit": "6062000000", "ebitda": "6356000000", "netIncome": "4345000000"}, {"fiscalDateEnding": "2011-12-31", "reportedCurrency": "USD", "grossProfit": "13155000000", "totalRevenue": "15582000000", "costOfRevenue": "2427000000", "costofGoodsAndServicesSold": "2427000000", "operatingIncome": "4312000000", "sellingGeneralAndAdministrative": "4486000000", "researchAndDevelopment": "3167000000", "operatingExpenses": "8843000000", "investmentIncomeNet": "None", "netInterestIncome": "None", "interestIncome": "None", "interestExpense": "610000000", "nonInterestIncome": "None", "otherNonOperatingIncome": "448000000", "depreciation": "None", "depreciationAndAmortization": "294000000", "incomeBeforeTax": "4150000000", "incomeTaxExpense": "467000000", "interestAndDebtExpense": "None", "netIncomeFromContinuingOperations": "3683000000", "comprehensiveIncomeNetOfTax": "None", "ebit": "4760000000", "ebitda": "5054000000", "netIncome": "3683000000"}, {"fiscalDateEnding": "2010-12-31", "reportedCurrency": "USD", "grossProfit": "12833000000", "totalRevenue": "15053000000", "costOfRevenue": "2220000000", "costofGoodsAndServicesSold": "2220000000", "operatingIncome": "5545000000", "sellingGeneralAndAdministrative": "3983000000", "researchAndDevelopment": "2894000000", "operatingExpenses": "7288000000", "investmentIncomeNet": "None", "netInterestIncome": "None", "interestIncome": "None", "interestExpense": "604000000", "nonInterestIncome": "None", "otherNonOperatingIncome": "376000000", "depreciation": "None", "depreciationAndAmortization": "294000000", "incomeBeforeTax": "5317000000", "incomeTaxExpense": "690000000", "interestAndDebtExpense": "None", "netIncomeFromContinuingOperations": "4627000000", "comprehensiveIncomeNetOfTax": "None", "ebit": "6377000000", "ebitda": "6671000000", "netIncome": "4627000000"}, {"fiscalDateEnding": "2009-12-31", "reportedCurrency": "USD", "grossProfit": "12551000000", "totalRevenue": "14642000000", "costOfRevenue": "2091000000", "costofGoodsAndServicesSold": "2091000000", "operatingIncome": "5506000000", "sellingGeneralAndAdministrative": "3820000000", "researchAndDevelopment": "2864000000", "operatingExpenses": "7045000000", "investmentIncomeNet": "None", "netInterestIncome": "None", "interestIncome": "None", "interestExpense": "578000000", "nonInterestIncome": "None", "otherNonOperatingIncome": "276000000", "depreciation": "None", "depreciationAndAmortization": "294000000", "incomeBeforeTax": "5204000000", "incomeTaxExpense": "599000000", "interestAndDebtExpense": "None", "netIncomeFromContinuingOperations": "4605000000", "comprehensiveIncomeNetOfTax": "None", "ebit": "6286000000", "ebitda": "6580000000", "netIncome": "4605000000"}, {"fiscalDateEnding": "2008-12-31", "reportedCurrency": "USD", "grossProfit": "12707000000", "totalRevenue": "15003000000", "costOfRevenue": "2296000000", "costofGoodsAndServicesSold": "2296000000", "operatingIncome": "5214000000", "sellingGeneralAndAdministrative": "3789000000", "researchAndDevelopment": "3030000000", "operatingExpenses": "7493000000", "investmentIncomeNet": "None", "netInterestIncome": "None", "interestIncome": "None", "interestExpense": "344000000", "nonInterestIncome": "None", "otherNonOperatingIncome": "None", "depreciation": "None", "depreciationAndAmortization": "1073000000", "incomeBeforeTax": "5250000000", "incomeTaxExpense": "1054000000", "interestAndDebtExpense": "None", "netIncomeFromContinuingOperations": "None", "comprehensiveIncomeNetOfTax": "None", "ebit": "5566000000", "ebitda": "6639000000", "netIncome": "4196000000"}, {"fiscalDateEnding": "2007-12-31", "reportedCurrency": "USD", "grossProfit": "12223000000", "totalRevenue": "14771000000", "costOfRevenue": "2548000000", "costofGoodsAndServicesSold": "2548000000", "operatingIncome": "3980000000", "sellingGeneralAndAdministrative": "3361000000", "researchAndDevelopment": "3266000000", "operatingExpenses": "7444000000", "investmentIncomeNet": "None", "netInterestIncome": "None", "interestIncome": "None", "interestExpense": "2136000000", "nonInterestIncome": "None", "otherNonOperatingIncome": "None", "depreciation": "None", "depreciationAndAmortization": "1202000000", "incomeBeforeTax": "3961000000", "incomeTaxExpense": "795000000", "interestAndDebtExpense": "None", "netIncomeFromContinuingOperations": "None", "comprehensiveIncomeNetOfTax": "None", "ebit": "4779000000", "ebitda": "5981000000", "netIncome": "3166000000"}, {"fiscalDateEnding": "2006-12-31", "reportedCurrency": "USD", "grossProfit": "12173000000", "totalRevenue": "14268000000", "costOfRevenue": "2095000000", "costofGoodsAndServicesSold": "2095000000", "operatingIncome": "3840000000", "sellingGeneralAndAdministrative": "3366000000", "researchAndDevelopment": "3366000000", "operatingExpenses": "7102000000", "investmentIncomeNet": "None", "netInterestIncome": "None", "interestIncome": "None", "interestExpense": "2282000000", "nonInterestIncome": "None", "otherNonOperatingIncome": "None", "depreciation": "None", "depreciationAndAmortization": "963000000", "incomeBeforeTax": "4020000000", "incomeTaxExpense": "1070000000", "interestAndDebtExpense": "None", "netIncomeFromContinuingOperations": "None", "comprehensiveIncomeNetOfTax": "None", "ebit": "6302000000", "ebitda": "7265000000", "netIncome": "2950000000"}, {"fiscalDateEnding": "2005-12-31", "reportedCurrency": "USD", "grossProfit": "10348000000", "totalRevenue": "12430000000", "costOfRevenue": "2082000000", "costofGoodsAndServicesSold": "2082000000", "operatingIncome": "4848000000", "sellingGeneralAndAdministrative": "2790000000", "researchAndDevelopment": "2314000000", "operatingExpenses": "5500000000", "investmentIncomeNet": "None", "netInterestIncome": "None", "interestIncome": "None", "interestExpense": "29000000", "nonInterestIncome": "None", "otherNonOperatingIncome": "None", "depreciation": "None", "depreciationAndAmortization": "841000000", "incomeBeforeTax": "4868000000", "incomeTaxExpense": "1194000000", "interestAndDebtExpense": "None", "netIncomeFromContinuingOperations": "None", "comprehensiveIncomeNetOfTax": "None", "ebit": "4848000000", "ebitda": "5689000000", "netIncome": "3674000000"}], "quarterlyReports": [{"fiscalDateEnding": "2024-12-31", "reportedCurrency": "USD", "grossProfit": "5974000000", "totalRevenue": "9086000000", "costOfRevenue": "3112000000", "costofGoodsAndServicesSold": "3112000000", "operatingIncome": "2311000000", "sellingGeneralAndAdministrative": "1878000000", "researchAndDevelopment": "1724000000", "operatingExpenses": "3663000000", "investmentIncomeNet": "None", "netInterestIncome": "-747000000", "interestIncome": "None", "interestExpense": "747000000", "nonInterestIncome": "None", "otherNonOperatingIncome": "None", "depreciation": "None", "depreciationAndAmortization": "1397000000", "incomeBeforeTax": "782000000", "incomeTaxExpense": "155000000", "interestAndDebtExpense": "None", "netIncomeFromContinuingOperations": "627000000", "comprehensiveIncomeNetOfTax": "None", "ebit": "1529000000", "ebitda": "2926000000", "netIncome": "627000000"}, {"fiscalDateEnding": "2024-09-30", "reportedCurrency": "USD", "grossProfit": "5193000000", "totalRevenue": "8503000000", "costOfRevenue": "3310000000", "costofGoodsAndServicesSold": "3310000000", "operatingIncome": "2047000000", "sellingGeneralAndAdministrative": "1625000000", "researchAndDevelopment": "1450000000", "operatingExpenses": "3146000000", "investmentIncomeNet": "None", "netInterestIncome": "-776000000", "interestIncome": "None", "interestExpense": "776000000", "nonInterestIncome": "None", "otherNonOperatingIncome": "None", "depreciation": "None", "depreciationAndAmortization": "1396000000", "incomeBeforeTax": "3101000000", "incomeTaxExpense": "271000000", "interestAndDebtExpense": "None", "netIncomeFromContinuingOperations": "2830000000", "comprehensiveIncomeNetOfTax": "None", "ebit": "3877000000", "ebitda": "5273000000", "netIncome": "2830000000"}, {"fiscalDateEnding": "2024-06-30", "reportedCurrency": "USD", "grossProfit": "5152000000", "totalRevenue": "8388000000", "costOfRevenue": "3236000000", "costofGoodsAndServicesSold": "3236000000", "operatingIncome": "1909000000", "sellingGeneralAndAdministrative": "1785000000", "researchAndDevelopment": "1447000000", "operatingExpenses": "3243000000", "investmentIncomeNet": "None", "netInterestIncome": "-808000000", "interestIncome": "None", "interestExpense": "808000000", "nonInterestIncome": "None", "otherNonOperatingIncome": "None", "depreciation": "None", "depreciationAndAmortization": "1400000000", "incomeBeforeTax": "794000000", "incomeTaxExpense": "48000000", "interestAndDebtExpense": "None", "netIncomeFromContinuingOperations": "746000000", "comprehensiveIncomeNetOfTax": "None", "ebit": "1602000000", "ebitda": "3002000000", "netIncome": "746000000"}, {"fiscalDateEnding": "2024-03-31", "reportedCurrency": "USD", "grossProfit": "4247000000", "totalRevenue": "7447000000", "costOfRevenue": "3200000000", "costofGoodsAndServicesSold": "3200000000", "operatingIncome": "991000000", "sellingGeneralAndAdministrative": "1808000000", "researchAndDevelopment": "1343000000", "operatingExpenses": "3256000000", "investmentIncomeNet": "None", "netInterestIncome": "-824000000", "interestIncome": "None", "interestExpense": "824000000", "nonInterestIncome": "None", "otherNonOperatingIncome": "None", "depreciation": "None", "depreciationAndAmortization": "1399000000", "incomeBeforeTax": "-68000000", "incomeTaxExpense": "45000000", "interestAndDebtExpense": "None", "netIncomeFromContinuingOperations": "-113000000", "comprehensiveIncomeNetOfTax": "None", "ebit": "756000000", "ebitda": "2155000000", "netIncome": "-113000000"}, {"fiscalDateEnding": "2023-12-31", "reportedCurrency": "USD", "grossProfit": "5084000000", "totalRevenue": "8196000000", "costOfRevenue": "3112000000", "costofGoodsAndServicesSold": "3112000000", "operatingIncome": "1271000000", "sellingGeneralAndAdministrative": "1627000000", "researchAndDevelopment": "1534000000", "operatingExpenses": "3813000000", "investmentIncomeNet": "None", "netInterestIncome": "-821000000", "interestIncome": "None", "interestExpense": "821000000", "nonInterestIncome": "None", "otherNonOperatingIncome": "None", "depreciation": "None", "depreciationAndAmortization": "1380000000", "incomeBeforeTax": "852000000", "incomeTaxExpense": "85000000", "interestAndDebtExpense": "None", "netIncomeFromContinuingOperations": "767000000", "comprehensiveIncomeNetOfTax": "None", "ebit": "668000000", "ebitda": "2048000000", "netIncome": "767000000"}, {"fiscalDateEnding": "2023-09-30", "reportedCurrency": "USD", "grossProfit": "5097000000", "totalRevenue": "6903000000", "costOfRevenue": "1806000000", "costofGoodsAndServicesSold": "1806000000", "operatingIncome": "2021000000", "sellingGeneralAndAdministrative": "1353000000", "researchAndDevelopment": "1079000000", "operatingExpenses": "3076000000", "investmentIncomeNet": "None", "netInterestIncome": "-759000000", "interestIncome": "None", "interestExpense": "759000000", "nonInterestIncome": "None", "otherNonOperatingIncome": "None", "depreciation": "None", "depreciationAndAmortization": "895000000", "incomeBeforeTax": "1947000000", "incomeTaxExpense": "217000000", "interestAndDebtExpense": "None", "netIncomeFromContinuingOperations": "1730000000", "comprehensiveIncomeNetOfTax": "None", "ebit": "2688000000", "ebitda": "3583000000", "netIncome": "1730000000"}, {"fiscalDateEnding": "2023-06-30", "reportedCurrency": "USD", "grossProfit": "5173000000", "totalRevenue": "6986000000", "costOfRevenue": "1813000000", "costofGoodsAndServicesSold": "1813000000", "operatingIncome": "2684000000", "sellingGeneralAndAdministrative": "1294000000", "researchAndDevelopment": "1113000000", "operatingExpenses": "2489000000", "investmentIncomeNet": "None", "netInterestIncome": "-752000000", "interestIncome": "None", "interestExpense": "752000000", "nonInterestIncome": "None", "otherNonOperatingIncome": "-318000000", "depreciation": "None", "depreciationAndAmortization": "896000000", "incomeBeforeTax": "1614000000", "incomeTaxExpense": "235000000", "interestAndDebtExpense": "None", "netIncomeFromContinuingOperations": "1379000000", "comprehensiveIncomeNetOfTax": "None", "ebit": "2661000000", "ebitda": "3557000000", "netIncome": "1379000000"}, {"fiscalDateEnding": "2023-03-31", "reportedCurrency": "USD", "grossProfit": "4385000000", "totalRevenue": "6105000000", "costOfRevenue": "1720000000", "costofGoodsAndServicesSold": "1720000000", "operatingIncome": "1921000000", "sellingGeneralAndAdministrative": "1258000000", "researchAndDevelopment": "1058000000", "operatingExpenses": "2464000000", "investmentIncomeNet": "None", "netInterestIncome": "-543000000", "interestIncome": "None", "interestExpense": "543000000", "nonInterestIncome": "None", "otherNonOperatingIncome": "2064000000", "depreciation": "None", "depreciationAndAmortization": "900000000", "incomeBeforeTax": "3442000000", "incomeTaxExpense": "601000000", "interestAndDebtExpense": "None", "netIncomeFromContinuingOperations": "2841000000", "comprehensiveIncomeNetOfTax": "None", "ebit": "3985000000", "ebitda": "4885000000", "netIncome": "2841000000"}, {"fiscalDateEnding": "2022-12-31", "reportedCurrency": "USD", "grossProfit": "5092000000", "totalRevenue": "6839000000", "costOfRevenue": "1747000000", "costofGoodsAndServicesSold": "1747000000", "operatingIncome": "1252000000", "sellingGeneralAndAdministrative": "731000000", "researchAndDevelopment": "1324000000", "operatingExpenses": "2862000000", "investmentIncomeNet": "None", "netInterestIncome": "-415000000", "interestIncome": "None", "interestExpense": "415000000", "nonInterestIncome": "None", "otherNonOperatingIncome": "-67000000", "depreciation": "None", "depreciationAndAmortization": "911000000", "incomeBeforeTax": "1748000000", "incomeTaxExpense": "132000000", "interestAndDebtExpense": "None", "netIncomeFromContinuingOperations": "1616000000", "comprehensiveIncomeNetOfTax": "None", "ebit": "2203000000", "ebitda": "3114000000", "netIncome": "1616000000"}, {"fiscalDateEnding": "2022-09-30", "reportedCurrency": "USD", "grossProfit": "5064000000", "totalRevenue": "6652000000", "costOfRevenue": "1588000000", "costofGoodsAndServicesSold": "1588000000", "operatingIncome": "1923000000", "sellingGeneralAndAdministrative": "1287000000", "researchAndDevelopment": "1112000000", "operatingExpenses": "2404000000", "investmentIncomeNet": "None", "netInterestIncome": "-368000000", "interestIncome": "None", "interestExpense": "368000000", "nonInterestIncome": "None", "otherNonOperatingIncome": "100000000", "depreciation": "None", "depreciationAndAmortization": "865000000", "incomeBeforeTax": "2392000000", "incomeTaxExpense": "249000000", "interestAndDebtExpense": "None", "netIncomeFromContinuingOperations": "2143000000", "comprehensiveIncomeNetOfTax": "None", "ebit": "2780000000", "ebitda": "3645000000", "netIncome": "2143000000"}, {"fiscalDateEnding": "2022-06-30", "reportedCurrency": "USD", "grossProfit": "5084000000", "totalRevenue": "6594000000", "costOfRevenue": "1510000000", "costofGoodsAndServicesSold": "1510000000", "operatingIncome": "2176000000", "sellingGeneralAndAdministrative": "1327000000", "researchAndDevelopment": "1039000000", "operatingExpenses": "2908000000", "investmentIncomeNet": "None", "netInterestIncome": "-328000000", "interestIncome": "None", "interestExpense": "328000000", "nonInterestIncome": "None", "otherNonOperatingIncome": "-317000000", "depreciation": "None", "depreciationAndAmortization": "828000000", "incomeBeforeTax": "1531000000", "incomeTaxExpense": "214000000", "interestAndDebtExpense": "None", "netIncomeFromContinuingOperations": "1317000000", "comprehensiveIncomeNetOfTax": "None", "ebit": "2176000000", "ebitda": "3004000000", "netIncome": "1317000000"}, {"fiscalDateEnding": "2022-03-31", "reportedCurrency": "USD", "grossProfit": "4677000000", "totalRevenue": "6238000000", "costOfRevenue": "1561000000", "costofGoodsAndServicesSold": "1561000000", "operatingIncome": "1129000000", "sellingGeneralAndAdministrative": "1228000000", "researchAndDevelopment": "959000000", "operatingExpenses": "2177000000", "investmentIncomeNet": "None", "netInterestIncome": "-295000000", "interestIncome": "None", "interestExpense": "295000000", "nonInterestIncome": "None", "otherNonOperatingIncome": "-530000000", "depreciation": "None", "depreciationAndAmortization": "841000000", "incomeBeforeTax": "1675000000", "incomeTaxExpense": "199000000", "interestAndDebtExpense": "None", "netIncomeFromContinuingOperations": "1476000000", "comprehensiveIncomeNetOfTax": "None", "ebit": "2490000000", "ebitda": "3331000000", "netIncome": "1476000000"}, {"fiscalDateEnding": "2021-12-31", "reportedCurrency": "USD", "grossProfit": "5128000000", "totalRevenue": "6846000000", "costOfRevenue": "1718000000", "costofGoodsAndServicesSold": "1718000000", "operatingIncome": "2304000000", "sellingGeneralAndAdministrative": "582000000", "researchAndDevelopment": "1348000000", "operatingExpenses": "2824000000", "investmentIncomeNet": "None", "netInterestIncome": "-335000000", "interestIncome": "None", "interestExpense": "335000000", "nonInterestIncome": "None", "otherNonOperatingIncome": "162000000", "depreciation": "None", "depreciationAndAmortization": "852000000", "incomeBeforeTax": "2131000000", "incomeTaxExpense": "232000000", "interestAndDebtExpense": "None", "netIncomeFromContinuingOperations": "1899000000", "comprehensiveIncomeNetOfTax": "None", "ebit": "2355000000", "ebitda": "3207000000", "netIncome": "1899000000"}, {"fiscalDateEnding": "2021-09-30", "reportedCurrency": "USD", "grossProfit": "5097000000", "totalRevenue": "6706000000", "costOfRevenue": "1609000000", "costofGoodsAndServicesSold": "1609000000", "operatingIncome": "2378000000", "sellingGeneralAndAdministrative": "1305000000", "researchAndDevelopment": "1422000000", "operatingExpenses": "2719000000", "investmentIncomeNet": "None", "netInterestIncome": "-296000000", "interestIncome": "None", "interestExpense": "296000000", "nonInterestIncome": "None", "otherNonOperatingIncome": "73000000", "depreciation": "None", "depreciationAndAmortization": "850000000", "incomeBeforeTax": "2155000000", "incomeTaxExpense": "271000000", "interestAndDebtExpense": "None", "netIncomeFromContinuingOperations": "1884000000", "comprehensiveIncomeNetOfTax": "None", "ebit": "2367000000", "ebitda": "3217000000", "netIncome": "1884000000"}, {"fiscalDateEnding": "2021-06-30", "reportedCurrency": "USD", "grossProfit": "4889000000", "totalRevenue": "6526000000", "costOfRevenue": "1637000000", "costofGoodsAndServicesSold": "1637000000", "operatingIncome": "828000000", "sellingGeneralAndAdministrative": "1384000000", "researchAndDevelopment": "1082000000", "operatingExpenses": "2556000000", "investmentIncomeNet": "None", "netInterestIncome": "-281000000", "interestIncome": "None", "interestExpense": "281000000", "nonInterestIncome": "None", "otherNonOperatingIncome": "11000000", "depreciation": "None", "depreciationAndAmortization": "855000000", "incomeBeforeTax": "558000000", "incomeTaxExpense": "94000000", "interestAndDebtExpense": "None", "netIncomeFromContinuingOperations": "464000000", "comprehensiveIncomeNetOfTax": "None", "ebit": "2423000000", "ebitda": "3278000000", "netIncome": "464000000"}, {"fiscalDateEnding": "2021-03-31", "reportedCurrency": "USD", "grossProfit": "4411000000", "totalRevenue": "5901000000", "costOfRevenue": "1490000000", "costofGoodsAndServicesSold": "1490000000", "operatingIncome": "2129000000", "sellingGeneralAndAdministrative": "1315000000", "researchAndDevelopment": "967000000", "operatingExpenses": "2282000000", "investmentIncomeNet": "None", "netInterestIncome": "-285000000", "interestIncome": "None", "interestExpense": "285000000", "nonInterestIncome": "None", "otherNonOperatingIncome": "13000000", "depreciation": "None", "depreciationAndAmortization": "841000000", "incomeBeforeTax": "1857000000", "incomeTaxExpense": "211000000", "interestAndDebtExpense": "None", "netIncomeFromContinuingOperations": "1646000000", "comprehensiveIncomeNetOfTax": "None", "ebit": "2190000000", "ebitda": "3031000000", "netIncome": "1646000000"}, {"fiscalDateEnding": "2020-12-31", "reportedCurrency": "USD", "grossProfit": "5037000000", "totalRevenue": "6634000000", "costOfRevenue": "1597000000", "costofGoodsAndServicesSold": "1597000000", "operatingIncome": "2008000000", "sellingGeneralAndAdministrative": "811000000", "researchAndDevelopment": "1229000000", "operatingExpenses": "3029000000", "investmentIncomeNet": "None", "netInterestIncome": "-131000000", "interestIncome": "187000000", "interestExpense": "318000000", "nonInterestIncome": "None", "otherNonOperatingIncome": "187000000", "depreciation": "None", "depreciationAndAmortization": "873000000", "incomeBeforeTax": "1877000000", "incomeTaxExpense": "262000000", "interestAndDebtExpense": "None", "netIncomeFromContinuingOperations": "1615000000", "comprehensiveIncomeNetOfTax": "None", "ebit": "2264000000", "ebitda": "3137000000", "netIncome": "1615000000"}, {"fiscalDateEnding": "2020-09-30", "reportedCurrency": "USD", "grossProfit": "4862000000", "totalRevenue": "6423000000", "costOfRevenue": "1561000000", "costofGoodsAndServicesSold": "1561000000", "operatingIncome": "2453000000", "sellingGeneralAndAdministrative": "1346000000", "researchAndDevelopment": "1062000000", "operatingExpenses": "2409000000", "investmentIncomeNet": "None", "netInterestIncome": "-247000000", "interestIncome": "55000000", "interestExpense": "302000000", "nonInterestIncome": "None", "otherNonOperatingIncome": "55000000", "depreciation": "None", "depreciationAndAmortization": "901000000", "incomeBeforeTax": "2206000000", "incomeTaxExpense": "185000000", "interestAndDebtExpense": "None", "netIncomeFromContinuingOperations": "2021000000", "comprehensiveIncomeNetOfTax": "None", "ebit": "2453000000", "ebitda": "3354000000", "netIncome": "2021000000"}, {"fiscalDateEnding": "2020-06-30", "reportedCurrency": "USD", "grossProfit": "4718000000", "totalRevenue": "6206000000", "costOfRevenue": "1488000000", "costofGoodsAndServicesSold": "1488000000", "operatingIncome": "2323000000", "sellingGeneralAndAdministrative": "1295000000", "researchAndDevelopment": "964000000", "operatingExpenses": "2395000000", "investmentIncomeNet": "None", "netInterestIncome": "-293000000", "interestIncome": "3000000", "interestExpense": "296000000", "nonInterestIncome": "None", "otherNonOperatingIncome": "3000000", "depreciation": "None", "depreciationAndAmortization": "930000000", "incomeBeforeTax": "2030000000", "incomeTaxExpense": "227000000", "interestAndDebtExpense": "None", "netIncomeFromContinuingOperations": "1803000000", "comprehensiveIncomeNetOfTax": "None", "ebit": "2323000000", "ebitda": "3253000000", "netIncome": "1803000000"}, {"fiscalDateEnding": "2020-03-31", "reportedCurrency": "USD", "grossProfit": "4648000000", "totalRevenue": "6161000000", "costOfRevenue": "1513000000", "costofGoodsAndServicesSold": "1513000000", "operatingIncome": "2355000000", "sellingGeneralAndAdministrative": "1316000000", "researchAndDevelopment": "952000000", "operatingExpenses": "2293000000", "investmentIncomeNet": "None", "netInterestIncome": "-335000000", "interestIncome": "11000000", "interestExpense": "346000000", "nonInterestIncome": "None", "otherNonOperatingIncome": "11000000", "depreciation": "None", "depreciationAndAmortization": "897000000", "incomeBeforeTax": "2020000000", "incomeTaxExpense": "195000000", "interestAndDebtExpense": "None", "netIncomeFromContinuingOperations": "1825000000", "comprehensiveIncomeNetOfTax": "None", "ebit": "2355000000", "ebitda": "3252000000", "netIncome": "1825000000"}, {"fiscalDateEnding": "2019-12-31", "reportedCurrency": "USD", "grossProfit": "4944000000", "totalRevenue": "6197000000", "costOfRevenue": "1253000000", "costofGoodsAndServicesSold": "1253000000", "operatingIncome": "2048000000", "sellingGeneralAndAdministrative": "1513000000", "researchAndDevelopment": "1312000000", "operatingExpenses": "2896000000", "investmentIncomeNet": "None", "netInterestIncome": "-65000000", "interestIncome": "236000000", "interestExpense": "301000000", "nonInterestIncome": "None", "otherNonOperatingIncome": "236000000", "depreciation": "None", "depreciationAndAmortization": "702000000", "incomeBeforeTax": "1983000000", "incomeTaxExpense": "280000000", "interestAndDebtExpense": "None", "netIncomeFromContinuingOperations": "1703000000", "comprehensiveIncomeNetOfTax": "None", "ebit": "2284000000", "ebitda": "2986000000", "netIncome": "1703000000"}, {"fiscalDateEnding": "2019-09-30", "reportedCurrency": "USD", "grossProfit": "4701000000", "totalRevenue": "5737000000", "costOfRevenue": "1036000000", "costofGoodsAndServicesSold": "1036000000", "operatingIncome": "2476000000", "sellingGeneralAndAdministrative": "1223000000", "researchAndDevelopment": "1001000000", "operatingExpenses": "2225000000", "investmentIncomeNet": "None", "netInterestIncome": "-199000000", "interestIncome": "114000000", "interestExpense": "313000000", "nonInterestIncome": "None", "otherNonOperatingIncome": "114000000", "depreciation": "None", "depreciationAndAmortization": "508000000", "incomeBeforeTax": "2277000000", "incomeTaxExpense": "309000000", "interestAndDebtExpense": "None", "netIncomeFromContinuingOperations": "1968000000", "comprehensiveIncomeNetOfTax": "None", "ebit": "2476000000", "ebitda": "2984000000", "netIncome": "1968000000"}, {"fiscalDateEnding": "2019-06-30", "reportedCurrency": "USD", "grossProfit": "4859000000", "totalRevenue": "5871000000", "costOfRevenue": "1012000000", "costofGoodsAndServicesSold": "1012000000", "operatingIncome": "2678000000", "sellingGeneralAndAdministrative": "1260000000", "researchAndDevelopment": "924000000", "operatingExpenses": "2181000000", "investmentIncomeNet": "None", "netInterestIncome": "-114000000", "interestIncome": "218000000", "interestExpense": "332000000", "nonInterestIncome": "None", "otherNonOperatingIncome": "218000000", "depreciation": "None", "depreciationAndAmortization": "501000000", "incomeBeforeTax": "2564000000", "incomeTaxExpense": "385000000", "interestAndDebtExpense": "None", "netIncomeFromContinuingOperations": "2179000000", "comprehensiveIncomeNetOfTax": "None", "ebit": "2678000000", "ebitda": "3179000000", "netIncome": "2179000000"}, {"fiscalDateEnding": "2019-03-31", "reportedCurrency": "USD", "grossProfit": "4502000000", "totalRevenue": "5557000000", "costOfRevenue": "1055000000", "costofGoodsAndServicesSold": "1055000000", "operatingIncome": "2472000000", "sellingGeneralAndAdministrative": "1154000000", "researchAndDevelopment": "879000000", "operatingExpenses": "2030000000", "investmentIncomeNet": "None", "netInterestIncome": "-158000000", "interestIncome": "185000000", "interestExpense": "343000000", "nonInterestIncome": "None", "otherNonOperatingIncome": "185000000", "depreciation": "None", "depreciationAndAmortization": "495000000", "incomeBeforeTax": "2314000000", "incomeTaxExpense": "322000000", "interestAndDebtExpense": "None", "netIncomeFromContinuingOperations": "1992000000", "comprehensiveIncomeNetOfTax": "None", "ebit": "2472000000", "ebitda": "2967000000", "netIncome": "1992000000"}, {"fiscalDateEnding": "2018-12-31", "reportedCurrency": "USD", "grossProfit": "5134000000", "totalRevenue": "6230000000", "costOfRevenue": "1096000000", "costofGoodsAndServicesSold": "1096000000", "operatingIncome": "2382000000", "sellingGeneralAndAdministrative": "1559000000", "researchAndDevelopment": "1182000000", "operatingExpenses": "2752000000", "investmentIncomeNet": "None", "netInterestIncome": "None", "interestIncome": "None", "interestExpense": "352000000", "nonInterestIncome": "None", "otherNonOperatingIncome": "155000000", "depreciation": "None", "depreciationAndAmortization": "490000000", "incomeBeforeTax": "2185000000", "incomeTaxExpense": "257000000", "interestAndDebtExpense": "None", "netIncomeFromContinuingOperations": "1928000000", "comprehensiveIncomeNetOfTax": "None", "ebit": "2537000000", "ebitda": "3027000000", "netIncome": "1928000000"}, {"fiscalDateEnding": "2018-09-30", "reportedCurrency": "USD", "grossProfit": "4867000000", "totalRevenue": "5904000000", "costOfRevenue": "1037000000", "costofGoodsAndServicesSold": "1037000000", "operatingIncome": "2323000000", "sellingGeneralAndAdministrative": "1293000000", "researchAndDevelopment": "926000000", "operatingExpenses": "2544000000", "investmentIncomeNet": "None", "netInterestIncome": "None", "interestIncome": "None", "interestExpense": "355000000", "nonInterestIncome": "None", "otherNonOperatingIncome": "126000000", "depreciation": "None", "depreciationAndAmortization": "501000000", "incomeBeforeTax": "2094000000", "incomeTaxExpense": "235000000", "interestAndDebtExpense": "None", "netIncomeFromContinuingOperations": "1859000000", "comprehensiveIncomeNetOfTax": "None", "ebit": "2653000000", "ebitda": "3154000000", "netIncome": "1859000000"}, {"fiscalDateEnding": "2018-06-30", "reportedCurrency": "USD", "grossProfit": "5035000000", "totalRevenue": "6059000000", "costOfRevenue": "1024000000", "costofGoodsAndServicesSold": "1024000000", "operatingIncome": "2832000000", "sellingGeneralAndAdministrative": "1353000000", "researchAndDevelopment": "869000000", "operatingExpenses": "2203000000", "investmentIncomeNet": "None", "netInterestIncome": "None", "interestIncome": "None", "interestExpense": "347000000", "nonInterestIncome": "None", "otherNonOperatingIncome": "162000000", "depreciation": "None", "depreciationAndAmortization": "484000000", "incomeBeforeTax": "2647000000", "incomeTaxExpense": "351000000", "interestAndDebtExpense": "None", "netIncomeFromContinuingOperations": "2296000000", "comprehensiveIncomeNetOfTax": "None", "ebit": "2832000000", "ebitda": "3316000000", "netIncome": "2296000000"}, {"fiscalDateEnding": "2018-03-31", "reportedCurrency": "USD", "grossProfit": "4610000000", "totalRevenue": "5554000000", "costOfRevenue": "944000000", "costofGoodsAndServicesSold": "944000000", "operatingIncome": "2726000000", "sellingGeneralAndAdministrative": "1127000000", "researchAndDevelopment": "760000000", "operatingExpenses": "1884000000", "investmentIncomeNet": "None", "netInterestIncome": "None", "interestIncome": "None", "interestExpense": "338000000", "nonInterestIncome": "None", "otherNonOperatingIncome": "231000000", "depreciation": "None", "depreciationAndAmortization": "471000000", "incomeBeforeTax": "2619000000", "incomeTaxExpense": "308000000", "interestAndDebtExpense": "None", "netIncomeFromContinuingOperations": "2311000000", "comprehensiveIncomeNetOfTax": "None", "ebit": "2726000000", "ebitda": "3197000000", "netIncome": "2311000000"}, {"fiscalDateEnding": "2017-12-31", "reportedCurrency": "USD", "grossProfit": "4743000000", "totalRevenue": "5802000000", "costOfRevenue": "1059000000", "costofGoodsAndServicesSold": "1059000000", "operatingIncome": "2245000000", "sellingGeneralAndAdministrative": "1427000000", "researchAndDevelopment": "1043000000", "operatingExpenses": "2498000000", "investmentIncomeNet": "None", "netInterestIncome": "None", "interestIncome": "None", "interestExpense": "332000000", "nonInterestIncome": "None", "otherNonOperatingIncome": "301000000", "depreciation": "None", "depreciationAndAmortization": "449000000", "incomeBeforeTax": "2214000000", "incomeTaxExpense": "6478000000", "interestAndDebtExpense": "None", "netIncomeFromContinuingOperations": "-4264000000", "comprehensiveIncomeNetOfTax": "None", "ebit": "2655000000", "ebitda": "3104000000", "netIncome": "-4264000000"}, {"fiscalDateEnding": "2017-09-30", "reportedCurrency": "USD", "grossProfit": "4783000000", "totalRevenue": "5773000000", "costOfRevenue": "990000000", "costofGoodsAndServicesSold": "990000000", "operatingIncome": "2439000000", "sellingGeneralAndAdministrative": "1170000000", "researchAndDevelopment": "877000000", "operatingExpenses": "2344000000", "investmentIncomeNet": "None", "netInterestIncome": "None", "interestIncome": "None", "interestExpense": "325000000", "nonInterestIncome": "None", "otherNonOperatingIncome": "267000000", "depreciation": "None", "depreciationAndAmortization": "464000000", "incomeBeforeTax": "2381000000", "incomeTaxExpense": "360000000", "interestAndDebtExpense": "None", "netIncomeFromContinuingOperations": "2021000000", "comprehensiveIncomeNetOfTax": "None", "ebit": "2325000000", "ebitda": "2789000000", "netIncome": "2021000000"}, {"fiscalDateEnding": "2017-06-30", "reportedCurrency": "USD", "grossProfit": "4786000000", "totalRevenue": "5810000000", "costOfRevenue": "1024000000", "costofGoodsAndServicesSold": "1024000000", "operatingIncome": "2698000000", "sellingGeneralAndAdministrative": "1209000000", "researchAndDevelopment": "873000000", "operatingExpenses": "2088000000", "investmentIncomeNet": "None", "netInterestIncome": "None", "interestIncome": "None", "interestExpense": "321000000", "nonInterestIncome": "None", "otherNonOperatingIncome": "165000000", "depreciation": "None", "depreciationAndAmortization": "518000000", "incomeBeforeTax": "2542000000", "incomeTaxExpense": "391000000", "interestAndDebtExpense": "None", "netIncomeFromContinuingOperations": "2151000000", "comprehensiveIncomeNetOfTax": "None", "ebit": "2696000000", "ebitda": "3214000000", "netIncome": "2151000000"}, {"fiscalDateEnding": "2017-03-31", "reportedCurrency": "USD", "grossProfit": "4468000000", "totalRevenue": "5464000000", "costOfRevenue": "996000000", "costofGoodsAndServicesSold": "996000000", "operatingIncome": "2591000000", "sellingGeneralAndAdministrative": "1064000000", "researchAndDevelopment": "769000000", "operatingExpenses": "1877000000", "investmentIncomeNet": "None", "netInterestIncome": "None", "interestIncome": "None", "interestExpense": "326000000", "nonInterestIncome": "None", "otherNonOperatingIncome": "195000000", "depreciation": "None", "depreciationAndAmortization": "524000000", "incomeBeforeTax": "2460000000", "incomeTaxExpense": "389000000", "interestAndDebtExpense": "None", "netIncomeFromContinuingOperations": "2071000000", "comprehensiveIncomeNetOfTax": "None", "ebit": "2596000000", "ebitda": "3120000000", "netIncome": "2071000000"}, {"fiscalDateEnding": "2016-12-31", "reportedCurrency": "USD", "grossProfit": "4898000000", "totalRevenue": "5965000000", "costOfRevenue": "1067000000", "costofGoodsAndServicesSold": "1067000000", "operatingIncome": "2485000000", "sellingGeneralAndAdministrative": "1323000000", "researchAndDevelopment": "1078000000", "operatingExpenses": "2413000000", "investmentIncomeNet": "None", "netInterestIncome": "None", "interestIncome": "None", "interestExpense": "328000000", "nonInterestIncome": "None", "otherNonOperatingIncome": "126000000", "depreciation": "None", "depreciationAndAmortization": "559000000", "incomeBeforeTax": "2283000000", "incomeTaxExpense": "348000000", "interestAndDebtExpense": "None", "netIncomeFromContinuingOperations": "1935000000", "comprehensiveIncomeNetOfTax": "None", "ebit": "2430000000", "ebitda": "2989000000", "netIncome": "1935000000"}, {"fiscalDateEnding": "2016-09-30", "reportedCurrency": "USD", "grossProfit": "4784000000", "totalRevenue": "5811000000", "costOfRevenue": "1027000000", "costofGoodsAndServicesSold": "1027000000", "operatingIncome": "2527000000", "sellingGeneralAndAdministrative": "1244000000", "researchAndDevelopment": "990000000", "operatingExpenses": "2257000000", "investmentIncomeNet": "None", "netInterestIncome": "None", "interestIncome": "None", "interestExpense": "325000000", "nonInterestIncome": "None", "otherNonOperatingIncome": "216000000", "depreciation": "None", "depreciationAndAmortization": "503000000", "incomeBeforeTax": "2418000000", "incomeTaxExpense": "401000000", "interestAndDebtExpense": "None", "netIncomeFromContinuingOperations": "2017000000", "comprehensiveIncomeNetOfTax": "None", "ebit": "2532000000", "ebitda": "3035000000", "netIncome": "2017000000"}, {"fiscalDateEnding": "2016-06-30", "reportedCurrency": "USD", "grossProfit": "4638000000", "totalRevenue": "5688000000", "costOfRevenue": "1050000000", "costofGoodsAndServicesSold": "1050000000", "operatingIncome": "2380000000", "sellingGeneralAndAdministrative": "1292000000", "researchAndDevelopment": "900000000", "operatingExpenses": "2258000000", "investmentIncomeNet": "None", "netInterestIncome": "None", "interestIncome": "None", "interestExpense": "313000000", "nonInterestIncome": "None", "otherNonOperatingIncome": "137000000", "depreciation": "None", "depreciationAndAmortization": "522000000", "incomeBeforeTax": "2204000000", "incomeTaxExpense": "334000000", "interestAndDebtExpense": "None", "netIncomeFromContinuingOperations": "1870000000", "comprehensiveIncomeNetOfTax": "None", "ebit": "2435000000", "ebitda": "2957000000", "netIncome": "1870000000"}, {"fiscalDateEnding": "2016-03-31", "reportedCurrency": "USD", "grossProfit": "4509000000", "totalRevenue": "5527000000", "costOfRevenue": "1018000000", "costofGoodsAndServicesSold": "1018000000", "operatingIncome": "2402000000", "sellingGeneralAndAdministrative": "1203000000", "researchAndDevelopment": "872000000", "operatingExpenses": "2107000000", "investmentIncomeNet": "None", "netInterestIncome": "None", "interestIncome": "None", "interestExpense": "294000000", "nonInterestIncome": "None", "otherNonOperatingIncome": "150000000", "depreciation": "None", "depreciationAndAmortization": "521000000", "incomeBeforeTax": "2258000000", "incomeTaxExpense": "358000000", "interestAndDebtExpense": "None", "netIncomeFromContinuingOperations": "1900000000", "comprehensiveIncomeNetOfTax": "None", "ebit": "2435000000", "ebitda": "2956000000", "netIncome": "1900000000"}, {"fiscalDateEnding": "2015-12-31", "reportedCurrency": "USD", "grossProfit": "4465000000", "totalRevenue": "5536000000", "costOfRevenue": "1071000000", "costofGoodsAndServicesSold": "1071000000", "operatingIncome": "2033000000", "sellingGeneralAndAdministrative": "1416000000", "researchAndDevelopment": "1093000000", "operatingExpenses": "2432000000", "investmentIncomeNet": "None", "netInterestIncome": "None", "interestIncome": "None", "interestExpense": "284000000", "nonInterestIncome": "None", "otherNonOperatingIncome": "164000000", "depreciation": "None", "depreciationAndAmortization": "542000000", "incomeBeforeTax": "1913000000", "incomeTaxExpense": "113000000", "interestAndDebtExpense": "None", "netIncomeFromContinuingOperations": "1800000000", "comprehensiveIncomeNetOfTax": "None", "ebit": "2197000000", "ebitda": "2739000000", "netIncome": "1800000000"}, {"fiscalDateEnding": "2015-09-30", "reportedCurrency": "USD", "grossProfit": "4689000000", "totalRevenue": "5723000000", "costOfRevenue": "1034000000", "costofGoodsAndServicesSold": "1034000000", "operatingIncome": "2339000000", "sellingGeneralAndAdministrative": "1244000000", "researchAndDevelopment": "1119000000", "operatingExpenses": "2350000000", "investmentIncomeNet": "None", "netInterestIncome": "None", "interestIncome": "None", "interestExpense": "282000000", "nonInterestIncome": "None", "otherNonOperatingIncome": "135000000", "depreciation": "None", "depreciationAndAmortization": "523000000", "incomeBeforeTax": "2192000000", "incomeTaxExpense": "329000000", "interestAndDebtExpense": "None", "netIncomeFromContinuingOperations": "1863000000", "comprehensiveIncomeNetOfTax": "None", "ebit": "2317000000", "ebitda": "2840000000", "netIncome": "1863000000"}, {"fiscalDateEnding": "2015-06-30", "reportedCurrency": "USD", "grossProfit": "4281000000", "totalRevenue": "5370000000", "costOfRevenue": "1089000000", "costofGoodsAndServicesSold": "1089000000", "operatingIncome": "2076000000", "sellingGeneralAndAdministrative": "1160000000", "researchAndDevelopment": "964000000", "operatingExpenses": "2205000000", "investmentIncomeNet": "None", "netInterestIncome": "None", "interestIncome": "None", "interestExpense": "277000000", "nonInterestIncome": "None", "otherNonOperatingIncome": "198000000", "depreciation": "None", "depreciationAndAmortization": "519000000", "incomeBeforeTax": "1997000000", "incomeTaxExpense": "344000000", "interestAndDebtExpense": "None", "netIncomeFromContinuingOperations": "1653000000", "comprehensiveIncomeNetOfTax": "None", "ebit": "2147000000", "ebitda": "2666000000", "netIncome": "1653000000"}, {"fiscalDateEnding": "2015-03-31", "reportedCurrency": "USD", "grossProfit": "4000000000", "totalRevenue": "5033000000", "costOfRevenue": "1033000000", "costofGoodsAndServicesSold": "1033000000", "operatingIncome": "2022000000", "sellingGeneralAndAdministrative": "1026000000", "researchAndDevelopment": "894000000", "operatingExpenses": "1978000000", "investmentIncomeNet": "None", "netInterestIncome": "None", "interestIncome": "None", "interestExpense": "252000000", "nonInterestIncome": "None", "otherNonOperatingIncome": "106000000", "depreciation": "None", "depreciationAndAmortization": "524000000", "incomeBeforeTax": "1876000000", "incomeTaxExpense": "253000000", "interestAndDebtExpense": "None", "netIncomeFromContinuingOperations": "1623000000", "comprehensiveIncomeNetOfTax": "None", "ebit": "2079000000", "ebitda": "2603000000", "netIncome": "1623000000"}, {"fiscalDateEnding": "2014-12-31", "reportedCurrency": "USD", "grossProfit": "4148000000", "totalRevenue": "5331000000", "costOfRevenue": "1183000000", "costofGoodsAndServicesSold": "1183000000", "operatingIncome": "1459000000", "sellingGeneralAndAdministrative": "1327000000", "researchAndDevelopment": "1234000000", "operatingExpenses": "2689000000", "investmentIncomeNet": "None", "netInterestIncome": "None", "interestIncome": "None", "interestExpense": "261000000", "nonInterestIncome": "None", "otherNonOperatingIncome": "88000000", "depreciation": "None", "depreciationAndAmortization": "525000000", "incomeBeforeTax": "1286000000", "incomeTaxExpense": "-8000000", "interestAndDebtExpense": "None", "netIncomeFromContinuingOperations": "1294000000", "comprehensiveIncomeNetOfTax": "None", "ebit": "1547000000", "ebitda": "2072000000", "netIncome": "1294000000"}, {"fiscalDateEnding": "2014-09-30", "reportedCurrency": "USD", "grossProfit": "3963000000", "totalRevenue": "5031000000", "costOfRevenue": "1068000000", "costofGoodsAndServicesSold": "1068000000", "operatingIncome": "1466000000", "sellingGeneralAndAdministrative": "1213000000", "researchAndDevelopment": "1018000000", "operatingExpenses": "2497000000", "investmentIncomeNet": "None", "netInterestIncome": "None", "interestIncome": "None", "interestExpense": "269000000", "nonInterestIncome": "None", "otherNonOperatingIncome": "140000000", "depreciation": "None", "depreciationAndAmortization": "543000000", "incomeBeforeTax": "1337000000", "incomeTaxExpense": "93000000", "interestAndDebtExpense": "None", "netIncomeFromContinuingOperations": "1244000000", "comprehensiveIncomeNetOfTax": "None", "ebit": "1734000000", "ebitda": "2277000000", "netIncome": "1244000000"}, {"fiscalDateEnding": "2014-06-30", "reportedCurrency": "USD", "grossProfit": "4099000000", "totalRevenue": "5180000000", "costOfRevenue": "1081000000", "costofGoodsAndServicesSold": "1081000000", "operatingIncome": "1902000000", "sellingGeneralAndAdministrative": "1136000000", "researchAndDevelopment": "1018000000", "operatingExpenses": "2197000000", "investmentIncomeNet": "None", "netInterestIncome": "None", "interestIncome": "None", "interestExpense": "282000000", "nonInterestIncome": "None", "otherNonOperatingIncome": "138000000", "depreciation": "None", "depreciationAndAmortization": "506000000", "incomeBeforeTax": "1758000000", "incomeTaxExpense": "211000000", "interestAndDebtExpense": "None", "netIncomeFromContinuingOperations": "1547000000", "comprehensiveIncomeNetOfTax": "None", "ebit": "1939000000", "ebitda": "2445000000", "netIncome": "1547000000"}, {"fiscalDateEnding": "2014-03-31", "reportedCurrency": "USD", "grossProfit": "3431000000", "totalRevenue": "4521000000", "costOfRevenue": "1090000000", "costofGoodsAndServicesSold": "1090000000", "operatingIncome": "1364000000", "sellingGeneralAndAdministrative": "1023000000", "researchAndDevelopment": "1027000000", "operatingExpenses": "2067000000", "investmentIncomeNet": "None", "netInterestIncome": "None", "interestIncome": "None", "interestExpense": "259000000", "nonInterestIncome": "None", "otherNonOperatingIncome": "99000000", "depreciation": "None", "depreciationAndAmortization": "518000000", "incomeBeforeTax": "1204000000", "incomeTaxExpense": "131000000", "interestAndDebtExpense": "None", "netIncomeFromContinuingOperations": "1073000000", "comprehensiveIncomeNetOfTax": "None", "ebit": "1380000000", "ebitda": "1898000000", "netIncome": "1073000000"}, {"fiscalDateEnding": "2013-12-31", "reportedCurrency": "USD", "grossProfit": "3982000000", "totalRevenue": "5011000000", "costOfRevenue": "1029000000", "costofGoodsAndServicesSold": "1029000000", "operatingIncome": "1187000000", "sellingGeneralAndAdministrative": "1521000000", "researchAndDevelopment": "1249000000", "operatingExpenses": "2795000000", "investmentIncomeNet": "None", "netInterestIncome": "None", "interestIncome": "None", "interestExpense": "261000000", "nonInterestIncome": "None", "otherNonOperatingIncome": "88000000", "depreciation": "None", "depreciationAndAmortization": "444000000", "incomeBeforeTax": "1014000000", "incomeTaxExpense": "-7000000", "interestAndDebtExpense": "None", "netIncomeFromContinuingOperations": "1021000000", "comprehensiveIncomeNetOfTax": "None", "ebit": "1268000000", "ebitda": "1712000000", "netIncome": "1021000000"}, {"fiscalDateEnding": "2013-09-30", "reportedCurrency": "USD", "grossProfit": "3960000000", "totalRevenue": "4748000000", "costOfRevenue": "788000000", "costofGoodsAndServicesSold": "788000000", "operatingIncome": "1688000000", "sellingGeneralAndAdministrative": "1249000000", "researchAndDevelopment": "989000000", "operatingExpenses": "2272000000", "investmentIncomeNet": "None", "netInterestIncome": "None", "interestIncome": "None", "interestExpense": "257000000", "nonInterestIncome": "None", "otherNonOperatingIncome": "72000000", "depreciation": "None", "depreciationAndAmortization": "288000000", "incomeBeforeTax": "1503000000", "incomeTaxExpense": "135000000", "interestAndDebtExpense": "None", "netIncomeFromContinuingOperations": "1368000000", "comprehensiveIncomeNetOfTax": "None", "ebit": "1723000000", "ebitda": "2011000000", "netIncome": "1368000000"}, {"fiscalDateEnding": "2013-06-30", "reportedCurrency": "USD", "grossProfit": "3894000000", "totalRevenue": "4679000000", "costOfRevenue": "785000000", "costofGoodsAndServicesSold": "785000000", "operatingIncome": "1550000000", "sellingGeneralAndAdministrative": "1256000000", "researchAndDevelopment": "967000000", "operatingExpenses": "2344000000", "investmentIncomeNet": "None", "netInterestIncome": "None", "interestIncome": "None", "interestExpense": "241000000", "nonInterestIncome": "None", "otherNonOperatingIncome": "96000000", "depreciation": "None", "depreciationAndAmortization": "277000000", "incomeBeforeTax": "1405000000", "incomeTaxExpense": "147000000", "interestAndDebtExpense": "None", "netIncomeFromContinuingOperations": "1258000000", "comprehensiveIncomeNetOfTax": "None", "ebit": "1369000000", "ebitda": "1646000000", "netIncome": "1258000000"}, {"fiscalDateEnding": "2013-03-31", "reportedCurrency": "USD", "grossProfit": "3494000000", "totalRevenue": "4238000000", "costOfRevenue": "744000000", "costofGoodsAndServicesSold": "744000000", "operatingIncome": "1442000000", "sellingGeneralAndAdministrative": "1158000000", "researchAndDevelopment": "878000000", "operatingExpenses": "2052000000", "investmentIncomeNet": "None", "netInterestIncome": "None", "interestIncome": "None", "interestExpense": "263000000", "nonInterestIncome": "None", "otherNonOperatingIncome": "164000000", "depreciation": "None", "depreciationAndAmortization": "277000000", "incomeBeforeTax": "1343000000", "incomeTaxExpense": "-91000000", "interestAndDebtExpense": "None", "netIncomeFromContinuingOperations": "1434000000", "comprehensiveIncomeNetOfTax": "None", "ebit": "1329000000", "ebitda": "1606000000", "netIncome": "1434000000"}, {"fiscalDateEnding": "2012-12-31", "reportedCurrency": "USD", "grossProfit": "3569000000", "totalRevenue": "4421000000", "costOfRevenue": "852000000", "costofGoodsAndServicesSold": "852000000", "operatingIncome": "1088000000", "sellingGeneralAndAdministrative": "1370000000", "researchAndDevelopment": "938000000", "operatingExpenses": "2481000000", "investmentIncomeNet": "None", "netInterestIncome": "None", "interestIncome": "None", "interestExpense": "291000000", "nonInterestIncome": "None", "otherNonOperatingIncome": "126000000", "depreciation": "None", "depreciationAndAmortization": "73000000", "incomeBeforeTax": "923000000", "incomeTaxExpense": "135000000", "interestAndDebtExpense": "None", "netIncomeFromContinuingOperations": "788000000", "comprehensiveIncomeNetOfTax": "None", "ebit": "1214000000", "ebitda": "1287000000", "netIncome": "788000000"}, {"fiscalDateEnding": "2012-09-30", "reportedCurrency": "USD", "grossProfit": "3614000000", "totalRevenue": "4319000000", "costOfRevenue": "705000000", "costofGoodsAndServicesSold": "705000000", "operatingIncome": "1423000000", "sellingGeneralAndAdministrative": "1127000000", "researchAndDevelopment": "880000000", "operatingExpenses": "2191000000", "investmentIncomeNet": "None", "netInterestIncome": "None", "interestIncome": "None", "interestExpense": "271000000", "nonInterestIncome": "None", "otherNonOperatingIncome": "111000000", "depreciation": "None", "depreciationAndAmortization": "74000000", "incomeBeforeTax": "1263000000", "incomeTaxExpense": "156000000", "interestAndDebtExpense": "None", "netIncomeFromContinuingOperations": "1107000000", "comprehensiveIncomeNetOfTax": "None", "ebit": "1534000000", "ebitda": "1608000000", "netIncome": "1107000000"}, {"fiscalDateEnding": "2012-06-30", "reportedCurrency": "USD", "grossProfit": "3795000000", "totalRevenue": "4477000000", "costOfRevenue": "682000000", "costofGoodsAndServicesSold": "682000000", "operatingIncome": "1589000000", "sellingGeneralAndAdministrative": "1228000000", "researchAndDevelopment": "826000000", "operatingExpenses": "2206000000", "investmentIncomeNet": "None", "netInterestIncome": "None", "interestIncome": "None", "interestExpense": "256000000", "nonInterestIncome": "None", "otherNonOperatingIncome": "124000000", "depreciation": "None", "depreciationAndAmortization": "73000000", "incomeBeforeTax": "1457000000", "incomeTaxExpense": "191000000", "interestAndDebtExpense": "None", "netIncomeFromContinuingOperations": "1266000000", "comprehensiveIncomeNetOfTax": "None", "ebit": "1713000000", "ebitda": "1786000000", "netIncome": "1266000000"}, {"fiscalDateEnding": "2012-03-31", "reportedCurrency": "USD", "grossProfit": "3369000000", "totalRevenue": "4048000000", "costOfRevenue": "679000000", "costofGoodsAndServicesSold": "679000000", "operatingIncome": "1477000000", "sellingGeneralAndAdministrative": "1076000000", "researchAndDevelopment": "736000000", "operatingExpenses": "1892000000", "investmentIncomeNet": "None", "netInterestIncome": "None", "interestIncome": "None", "interestExpense": "235000000", "nonInterestIncome": "None", "otherNonOperatingIncome": "124000000", "depreciation": "None", "depreciationAndAmortization": "74000000", "incomeBeforeTax": "1366000000", "incomeTaxExpense": "182000000", "interestAndDebtExpense": "None", "netIncomeFromContinuingOperations": "1184000000", "comprehensiveIncomeNetOfTax": "None", "ebit": "1601000000", "ebitda": "1675000000", "netIncome": "1184000000"}, {"fiscalDateEnding": "2011-12-31", "reportedCurrency": "USD", "grossProfit": "3317000000", "totalRevenue": "3973000000", "costOfRevenue": "656000000", "costofGoodsAndServicesSold": "656000000", "operatingIncome": "1162000000", "sellingGeneralAndAdministrative": "1208000000", "researchAndDevelopment": "851000000", "operatingExpenses": "1259000000", "investmentIncomeNet": "None", "netInterestIncome": "None", "interestIncome": "None", "interestExpense": "195000000", "nonInterestIncome": "None", "otherNonOperatingIncome": "84000000", "depreciation": "None", "depreciationAndAmortization": "261000000", "incomeBeforeTax": "1051000000", "incomeTaxExpense": "117000000", "interestAndDebtExpense": "None", "netIncomeFromContinuingOperations": "934000000", "comprehensiveIncomeNetOfTax": "None", "ebit": "1246000000", "ebitda": "1507000000", "netIncome": "934000000"}, {"fiscalDateEnding": "2011-09-30", "reportedCurrency": "USD", "grossProfit": "3339000000", "totalRevenue": "3944000000", "costOfRevenue": "605000000", "costofGoodsAndServicesSold": "605000000", "operatingIncome": "525000000", "sellingGeneralAndAdministrative": "1125000000", "researchAndDevelopment": "761000000", "operatingExpenses": "2814000000", "investmentIncomeNet": "None", "netInterestIncome": "None", "interestIncome": "None", "interestExpense": "158000000", "nonInterestIncome": "None", "otherNonOperatingIncome": "87000000", "depreciation": "None", "depreciationAndAmortization": "74000000", "incomeBeforeTax": "454000000", "incomeTaxExpense": "71000000", "interestAndDebtExpense": "None", "netIncomeFromContinuingOperations": "454000000", "comprehensiveIncomeNetOfTax": "None", "ebit": "612000000", "ebitda": "686000000", "netIncome": "454000000"}, {"fiscalDateEnding": "2011-06-30", "reportedCurrency": "USD", "grossProfit": "3357000000", "totalRevenue": "3959000000", "costOfRevenue": "602000000", "costofGoodsAndServicesSold": "602000000", "operatingIncome": "1332000000", "sellingGeneralAndAdministrative": "1130000000", "researchAndDevelopment": "819000000", "operatingExpenses": "2025000000", "investmentIncomeNet": "None", "netInterestIncome": "None", "interestIncome": "None", "interestExpense": "122000000", "nonInterestIncome": "None", "otherNonOperatingIncome": "129000000", "depreciation": "None", "depreciationAndAmortization": "73000000", "incomeBeforeTax": "1339000000", "incomeTaxExpense": "169000000", "interestAndDebtExpense": "None", "netIncomeFromContinuingOperations": "1170000000", "comprehensiveIncomeNetOfTax": "None", "ebit": "1332000000", "ebitda": "1405000000", "netIncome": "1170000000"}, {"fiscalDateEnding": "2011-03-31", "reportedCurrency": "USD", "grossProfit": "3142000000", "totalRevenue": "3706000000", "costOfRevenue": "564000000", "costofGoodsAndServicesSold": "564000000", "operatingIncome": "1293000000", "sellingGeneralAndAdministrative": "1023000000", "researchAndDevelopment": "736000000", "operatingExpenses": "1849000000", "investmentIncomeNet": "None", "netInterestIncome": "None", "interestIncome": "None", "interestExpense": "135000000", "nonInterestIncome": "None", "otherNonOperatingIncome": "148000000", "depreciation": "None", "depreciationAndAmortization": "74000000", "incomeBeforeTax": "1306000000", "incomeTaxExpense": "181000000", "interestAndDebtExpense": "None", "netIncomeFromContinuingOperations": "1125000000", "comprehensiveIncomeNetOfTax": "None", "ebit": "1441000000", "ebitda": "1515000000", "netIncome": "1125000000"}, {"fiscalDateEnding": "2010-12-31", "reportedCurrency": "USD", "grossProfit": "3269000000", "totalRevenue": "3841000000", "costOfRevenue": "572000000", "costofGoodsAndServicesSold": "572000000", "operatingIncome": "1068000000", "sellingGeneralAndAdministrative": "1156000000", "researchAndDevelopment": "854000000", "operatingExpenses": "2201000000", "investmentIncomeNet": "None", "netInterestIncome": "None", "interestIncome": "None", "interestExpense": "162000000", "nonInterestIncome": "None", "otherNonOperatingIncome": "93000000", "depreciation": "None", "depreciationAndAmortization": "261000000", "incomeBeforeTax": "999000000", "incomeTaxExpense": "-23000000", "interestAndDebtExpense": "None", "netIncomeFromContinuingOperations": "1022000000", "comprehensiveIncomeNetOfTax": "None", "ebit": "1161000000", "ebitda": "1422000000", "netIncome": "1022000000"}, {"fiscalDateEnding": "2010-09-30", "reportedCurrency": "USD", "grossProfit": "3229000000", "totalRevenue": "3816000000", "costOfRevenue": "587000000", "costofGoodsAndServicesSold": "587000000", "operatingIncome": "1479000000", "sellingGeneralAndAdministrative": "957000000", "researchAndDevelopment": "719000000", "operatingExpenses": "1750000000", "investmentIncomeNet": "None", "netInterestIncome": "None", "interestIncome": "None", "interestExpense": "150000000", "nonInterestIncome": "None", "otherNonOperatingIncome": "105000000", "depreciation": "None", "depreciationAndAmortization": "74000000", "incomeBeforeTax": "1434000000", "incomeTaxExpense": "198000000", "interestAndDebtExpense": "None", "netIncomeFromContinuingOperations": "1236000000", "comprehensiveIncomeNetOfTax": "None", "ebit": "1584000000", "ebitda": "1658000000", "netIncome": "1236000000"}, {"fiscalDateEnding": "2010-06-30", "reportedCurrency": "USD", "grossProfit": "3251000000", "totalRevenue": "3804000000", "costOfRevenue": "553000000", "costofGoodsAndServicesSold": "553000000", "operatingIncome": "1517000000", "sellingGeneralAndAdministrative": "986000000", "researchAndDevelopment": "675000000", "operatingExpenses": "1734000000", "investmentIncomeNet": "None", "netInterestIncome": "None", "interestIncome": "None", "interestExpense": "147000000", "nonInterestIncome": "None", "otherNonOperatingIncome": "94000000", "depreciation": "None", "depreciationAndAmortization": "73000000", "incomeBeforeTax": "1464000000", "incomeTaxExpense": "262000000", "interestAndDebtExpense": "None", "netIncomeFromContinuingOperations": "1202000000", "comprehensiveIncomeNetOfTax": "None", "ebit": "1611000000", "ebitda": "1684000000", "netIncome": "1202000000"}, {"fiscalDateEnding": "2010-03-31", "reportedCurrency": "USD", "grossProfit": "3084000000", "totalRevenue": "3592000000", "costOfRevenue": "508000000", "costofGoodsAndServicesSold": "508000000", "operatingIncome": "1481000000", "sellingGeneralAndAdministrative": "884000000", "researchAndDevelopment": "646000000", "operatingExpenses": "1603000000", "investmentIncomeNet": "None", "netInterestIncome": "None", "interestIncome": "None", "interestExpense": "145000000", "nonInterestIncome": "None", "otherNonOperatingIncome": "84000000", "depreciation": "None", "depreciationAndAmortization": "74000000", "incomeBeforeTax": "1420000000", "incomeTaxExpense": "253000000", "interestAndDebtExpense": "None", "netIncomeFromContinuingOperations": "1167000000", "comprehensiveIncomeNetOfTax": "None", "ebit": "1407000000", "ebitda": "1481000000", "netIncome": "1167000000"}, {"fiscalDateEnding": "2009-12-31", "reportedCurrency": "USD", "grossProfit": "3271000000", "totalRevenue": "3809000000", "costOfRevenue": "538000000", "costofGoodsAndServicesSold": "538000000", "operatingIncome": "1123000000", "sellingGeneralAndAdministrative": "1180000000", "researchAndDevelopment": "891000000", "operatingExpenses": "2148000000", "investmentIncomeNet": "None", "netInterestIncome": "None", "interestIncome": "None", "interestExpense": "142000000", "nonInterestIncome": "None", "otherNonOperatingIncome": "None", "depreciation": "None", "depreciationAndAmortization": "257000000", "incomeBeforeTax": "1075000000", "incomeTaxExpense": "144000000", "interestAndDebtExpense": "None", "netIncomeFromContinuingOperations": "0", "comprehensiveIncomeNetOfTax": "None", "ebit": "1217000000", "ebitda": "1474000000", "netIncome": "931000000"}, {"fiscalDateEnding": "2009-09-30", "reportedCurrency": "USD", "grossProfit": "3267000000", "totalRevenue": "3812000000", "costOfRevenue": "545000000", "costofGoodsAndServicesSold": "545000000", "operatingIncome": "1605000000", "sellingGeneralAndAdministrative": "932000000", "researchAndDevelopment": "647000000", "operatingExpenses": "1662000000", "investmentIncomeNet": "None", "netInterestIncome": "None", "interestIncome": "None", "interestExpense": "139000000", "nonInterestIncome": "None", "otherNonOperatingIncome": "74000000", "depreciation": "None", "depreciationAndAmortization": "74000000", "incomeBeforeTax": "1540000000", "incomeTaxExpense": "154000000", "interestAndDebtExpense": "None", "netIncomeFromContinuingOperations": "1386000000", "comprehensiveIncomeNetOfTax": "None", "ebit": "1679000000", "ebitda": "1753000000", "netIncome": "1386000000"}, {"fiscalDateEnding": "2009-06-30", "reportedCurrency": "USD", "grossProfit": "3182000000", "totalRevenue": "3713000000", "costOfRevenue": "531000000", "costofGoodsAndServicesSold": "531000000", "operatingIncome": "1457000000", "sellingGeneralAndAdministrative": "910000000", "researchAndDevelopment": "693000000", "operatingExpenses": "1725000000", "investmentIncomeNet": "None", "netInterestIncome": "None", "interestIncome": "None", "interestExpense": "150000000", "nonInterestIncome": "None", "otherNonOperatingIncome": "50000000", "depreciation": "None", "depreciationAndAmortization": "73000000", "incomeBeforeTax": "1357000000", "incomeTaxExpense": "88000000", "interestAndDebtExpense": "None", "netIncomeFromContinuingOperations": "1269000000", "comprehensiveIncomeNetOfTax": "None", "ebit": "1507000000", "ebitda": "1580000000", "netIncome": "1269000000"}, {"fiscalDateEnding": "2009-03-31", "reportedCurrency": "USD", "grossProfit": "2831000000", "totalRevenue": "3308000000", "costOfRevenue": "477000000", "costofGoodsAndServicesSold": "477000000", "operatingIncome": "1321000000", "sellingGeneralAndAdministrative": "798000000", "researchAndDevelopment": "633000000", "operatingExpenses": "1505000000", "investmentIncomeNet": "None", "netInterestIncome": "None", "interestIncome": "None", "interestExpense": "99000000", "nonInterestIncome": "None", "otherNonOperatingIncome": "None", "depreciation": "None", "depreciationAndAmortization": "267000000", "incomeBeforeTax": "1232000000", "incomeTaxExpense": "213000000", "interestAndDebtExpense": "None", "netIncomeFromContinuingOperations": "0", "comprehensiveIncomeNetOfTax": "None", "ebit": "1379000000", "ebitda": "1646000000", "netIncome": "1019000000"}, {"fiscalDateEnding": "2008-12-31", "reportedCurrency": "USD", "grossProfit": "3193000000", "totalRevenue": "3751000000", "costOfRevenue": "558000000", "costofGoodsAndServicesSold": "558000000", "operatingIncome": "1137000000", "sellingGeneralAndAdministrative": "1111000000", "researchAndDevelopment": "798000000", "operatingExpenses": "2056000000", "investmentIncomeNet": "None", "netInterestIncome": "None", "interestIncome": "None", "interestExpense": "57000000", "nonInterestIncome": "None", "otherNonOperatingIncome": "None", "depreciation": "None", "depreciationAndAmortization": "274000000", "incomeBeforeTax": "1154000000", "incomeTaxExpense": "193000000", "interestAndDebtExpense": "None", "netIncomeFromContinuingOperations": "0", "comprehensiveIncomeNetOfTax": "None", "ebit": "1137000000", "ebitda": "1411000000", "netIncome": "961000000"}, {"fiscalDateEnding": "2008-09-30", "reportedCurrency": "USD", "grossProfit": "3198000000", "totalRevenue": "3875000000", "costOfRevenue": "677000000", "costofGoodsAndServicesSold": "677000000", "operatingIncome": "1483000000", "sellingGeneralAndAdministrative": "900000000", "researchAndDevelopment": "729000000", "operatingExpenses": "1715000000", "investmentIncomeNet": "None", "netInterestIncome": "None", "interestIncome": "None", "interestExpense": "24000000", "nonInterestIncome": "None", "otherNonOperatingIncome": "None", "depreciation": "None", "depreciationAndAmortization": "268000000", "incomeBeforeTax": "1471000000", "incomeTaxExpense": "313000000", "interestAndDebtExpense": "None", "netIncomeFromContinuingOperations": "0", "comprehensiveIncomeNetOfTax": "None", "ebit": "1215000000", "ebitda": "1483000000", "netIncome": "1158000000"}, {"fiscalDateEnding": "2008-06-30", "reportedCurrency": "USD", "grossProfit": "3249000000", "totalRevenue": "3764000000", "costOfRevenue": "515000000", "costofGoodsAndServicesSold": "515000000", "operatingIncome": "1179000000", "sellingGeneralAndAdministrative": "904000000", "researchAndDevelopment": "809000000", "operatingExpenses": "2070000000", "investmentIncomeNet": "None", "netInterestIncome": "None", "interestIncome": "None", "interestExpense": "275000000", "nonInterestIncome": "None", "otherNonOperatingIncome": "None", "depreciation": "None", "depreciationAndAmortization": "265000000", "incomeBeforeTax": "1188000000", "incomeTaxExpense": "247000000", "interestAndDebtExpense": "None", "netIncomeFromContinuingOperations": "0", "comprehensiveIncomeNetOfTax": "None", "ebit": "914000000", "ebitda": "1179000000", "netIncome": "941000000"}, {"fiscalDateEnding": "2008-03-31", "reportedCurrency": "USD", "grossProfit": "3067000000", "totalRevenue": "3613000000", "costOfRevenue": "546000000", "costofGoodsAndServicesSold": "546000000", "operatingIncome": "1415000000", "sellingGeneralAndAdministrative": "874000000", "researchAndDevelopment": "694000000", "operatingExpenses": "1652000000", "investmentIncomeNet": "None", "netInterestIncome": "None", "interestIncome": "None", "interestExpense": "12000000", "nonInterestIncome": "None", "otherNonOperatingIncome": "None", "depreciation": "None", "depreciationAndAmortization": "266000000", "incomeBeforeTax": "1437000000", "incomeTaxExpense": "301000000", "interestAndDebtExpense": "None", "netIncomeFromContinuingOperations": "0", "comprehensiveIncomeNetOfTax": "None", "ebit": "1149000000", "ebitda": "1415000000", "netIncome": "1136000000"}, {"fiscalDateEnding": "2007-12-31", "reportedCurrency": "USD", "grossProfit": "3139000000", "totalRevenue": "3745000000", "costOfRevenue": "606000000", "costofGoodsAndServicesSold": "606000000", "operatingIncome": "1057000000", "sellingGeneralAndAdministrative": "1001000000", "researchAndDevelopment": "822000000", "operatingExpenses": "1873000000", "investmentIncomeNet": "None", "netInterestIncome": "None", "interestIncome": "None", "interestExpense": "393000000", "nonInterestIncome": "None", "otherNonOperatingIncome": "None", "depreciation": "None", "depreciationAndAmortization": "302000000", "incomeBeforeTax": "1058000000", "incomeTaxExpense": "223000000", "interestAndDebtExpense": "None", "netIncomeFromContinuingOperations": "0", "comprehensiveIncomeNetOfTax": "None", "ebit": "1266000000", "ebitda": "1568000000", "netIncome": "835000000"}, {"fiscalDateEnding": "2007-09-30", "reportedCurrency": "USD", "grossProfit": "2819000000", "totalRevenue": "3611000000", "costOfRevenue": "792000000", "costofGoodsAndServicesSold": "792000000", "operatingIncome": "393000000", "sellingGeneralAndAdministrative": "730000000", "researchAndDevelopment": "776000000", "operatingExpenses": "1836000000", "investmentIncomeNet": "None", "netInterestIncome": "None", "interestIncome": "None", "interestExpense": "1455000000", "nonInterestIncome": "None", "otherNonOperatingIncome": "None", "depreciation": "None", "depreciationAndAmortization": "374000000", "incomeBeforeTax": "372000000", "incomeTaxExpense": "171000000", "interestAndDebtExpense": "None", "netIncomeFromContinuingOperations": "0", "comprehensiveIncomeNetOfTax": "None", "ebit": "983000000", "ebitda": "1357000000", "netIncome": "201000000"}, {"fiscalDateEnding": "2007-06-30", "reportedCurrency": "USD", "grossProfit": "3170000000", "totalRevenue": "3728000000", "costOfRevenue": "558000000", "costofGoodsAndServicesSold": "558000000", "operatingIncome": "1130000000", "sellingGeneralAndAdministrative": "860000000", "researchAndDevelopment": "817000000", "operatingExpenses": "2040000000", "investmentIncomeNet": "None", "netInterestIncome": "None", "interestIncome": "None", "interestExpense": "282000000", "nonInterestIncome": "None", "otherNonOperatingIncome": "None", "depreciation": "None", "depreciationAndAmortization": "282000000", "incomeBeforeTax": "1137000000", "incomeTaxExpense": "118000000", "interestAndDebtExpense": "None", "netIncomeFromContinuingOperations": "0", "comprehensiveIncomeNetOfTax": "None", "ebit": "848000000", "ebitda": "1130000000", "netIncome": "1019000000"}, {"fiscalDateEnding": "2007-03-31", "reportedCurrency": "USD", "grossProfit": "3095000000", "totalRevenue": "3687000000", "costOfRevenue": "592000000", "costofGoodsAndServicesSold": "592000000", "operatingIncome": "1400000000", "sellingGeneralAndAdministrative": "770000000", "researchAndDevelopment": "851000000", "operatingExpenses": "1695000000", "investmentIncomeNet": "None", "netInterestIncome": "None", "interestIncome": "None", "interestExpense": "6000000", "nonInterestIncome": "None", "otherNonOperatingIncome": "None", "depreciation": "None", "depreciationAndAmortization": "244000000", "incomeBeforeTax": "1394000000", "incomeTaxExpense": "283000000", "interestAndDebtExpense": "None", "netIncomeFromContinuingOperations": "0", "comprehensiveIncomeNetOfTax": "None", "ebit": "1156000000", "ebitda": "1400000000", "netIncome": "1111000000"}, {"fiscalDateEnding": "2006-12-31", "reportedCurrency": "USD", "grossProfit": "3274000000", "totalRevenue": "3835000000", "costOfRevenue": "561000000", "costofGoodsAndServicesSold": "561000000", "operatingIncome": "989000000", "sellingGeneralAndAdministrative": "1030000000", "researchAndDevelopment": "1051000000", "operatingExpenses": "1054000000", "investmentIncomeNet": "None", "netInterestIncome": "None", "interestIncome": "None", "interestExpense": "1321000000", "nonInterestIncome": "None", "otherNonOperatingIncome": "None", "depreciation": "None", "depreciationAndAmortization": "200000000", "incomeBeforeTax": "1029000000", "incomeTaxExpense": "196000000", "interestAndDebtExpense": "None", "netIncomeFromContinuingOperations": "0", "comprehensiveIncomeNetOfTax": "None", "ebit": "2220000000", "ebitda": "2420000000", "netIncome": "833000000"}, {"fiscalDateEnding": "2006-09-30", "reportedCurrency": "USD", "grossProfit": "3123000000", "totalRevenue": "3612000000", "costOfRevenue": "489000000", "costofGoodsAndServicesSold": "489000000", "operatingIncome": "1322000000", "sellingGeneralAndAdministrative": "807000000", "researchAndDevelopment": "872000000", "operatingExpenses": "1801000000", "investmentIncomeNet": "None", "netInterestIncome": "None", "interestIncome": "None", "interestExpense": "39000000", "nonInterestIncome": "None", "otherNonOperatingIncome": "None", "depreciation": "None", "depreciationAndAmortization": "287000000", "incomeBeforeTax": "1361000000", "incomeTaxExpense": "259000000", "interestAndDebtExpense": "None", "netIncomeFromContinuingOperations": "0", "comprehensiveIncomeNetOfTax": "None", "ebit": "1035000000", "ebitda": "1322000000", "netIncome": "1102000000"}, {"fiscalDateEnding": "2006-06-30", "reportedCurrency": "USD", "grossProfit": "3111000000", "totalRevenue": "3604000000", "costOfRevenue": "493000000", "costofGoodsAndServicesSold": "493000000", "operatingIncome": "295000000", "sellingGeneralAndAdministrative": "840000000", "researchAndDevelopment": "788000000", "operatingExpenses": "1715000000", "investmentIncomeNet": "None", "netInterestIncome": "None", "interestIncome": "None", "interestExpense": "2068000000", "nonInterestIncome": "None", "otherNonOperatingIncome": "None", "depreciation": "None", "depreciationAndAmortization": "257000000", "incomeBeforeTax": "316000000", "incomeTaxExpense": "302000000", "interestAndDebtExpense": "None", "netIncomeFromContinuingOperations": "0", "comprehensiveIncomeNetOfTax": "None", "ebit": "1396000000", "ebitda": "1653000000", "netIncome": "14000000"}, {"fiscalDateEnding": "2006-03-31", "reportedCurrency": "USD", "grossProfit": "2665000000", "totalRevenue": "3217000000", "costOfRevenue": "552000000", "costofGoodsAndServicesSold": "552000000", "operatingIncome": "1234000000", "sellingGeneralAndAdministrative": "689000000", "researchAndDevelopment": "655000000", "operatingExpenses": "1431000000", "investmentIncomeNet": "None", "netInterestIncome": "None", "interestIncome": "None", "interestExpense": "170000000", "nonInterestIncome": "None", "otherNonOperatingIncome": "None", "depreciation": "None", "depreciationAndAmortization": "219000000", "incomeBeforeTax": "1314000000", "incomeTaxExpense": "313000000", "interestAndDebtExpense": "None", "netIncomeFromContinuingOperations": "0", "comprehensiveIncomeNetOfTax": "None", "ebit": "1015000000", "ebitda": "1234000000", "netIncome": "1001000000"}, {"fiscalDateEnding": "2005-12-31", "reportedCurrency": "USD", "grossProfit": "2760000000", "totalRevenue": "3271000000", "costOfRevenue": "511000000", "costofGoodsAndServicesSold": "511000000", "operatingIncome": "1101000000", "sellingGeneralAndAdministrative": "911000000", "researchAndDevelopment": "661000000", "operatingExpenses": "1659000000", "investmentIncomeNet": "None", "netInterestIncome": "None", "interestIncome": "None", "interestExpense": "10000000", "nonInterestIncome": "None", "otherNonOperatingIncome": "None", "depreciation": "None", "depreciationAndAmortization": "218000000", "incomeBeforeTax": "1111000000", "incomeTaxExpense": "287000000", "interestAndDebtExpense": "None", "netIncomeFromContinuingOperations": "0", "comprehensiveIncomeNetOfTax": "None", "ebit": "1101000000", "ebitda": "1319000000", "netIncome": "824000000"}, {"fiscalDateEnding": "2005-09-30", "reportedCurrency": "USD", "grossProfit": "2602000000", "totalRevenue": "3154000000", "costOfRevenue": "552000000", "costofGoodsAndServicesSold": "552000000", "operatingIncome": "1298000000", "sellingGeneralAndAdministrative": "656000000", "researchAndDevelopment": "562000000", "operatingExpenses": "1304000000", "investmentIncomeNet": "None", "netInterestIncome": "None", "interestIncome": "None", "interestExpense": "14000000", "nonInterestIncome": "None", "otherNonOperatingIncome": "None", "depreciation": "None", "depreciationAndAmortization": "204000000", "incomeBeforeTax": "1312000000", "incomeTaxExpense": "345000000", "interestAndDebtExpense": "None", "netIncomeFromContinuingOperations": "0", "comprehensiveIncomeNetOfTax": "None", "ebit": "1094000000", "ebitda": "1298000000", "netIncome": "967000000"}, {"fiscalDateEnding": "2005-06-30", "reportedCurrency": "USD", "grossProfit": "2642000000", "totalRevenue": "3172000000", "costOfRevenue": "530000000", "costofGoodsAndServicesSold": "530000000", "operatingIncome": "1293000000", "sellingGeneralAndAdministrative": "646000000", "researchAndDevelopment": "567000000", "operatingExpenses": "1349000000", "investmentIncomeNet": "None", "netInterestIncome": "None", "interestIncome": "None", "interestExpense": "43000000", "nonInterestIncome": "None", "otherNonOperatingIncome": "None", "depreciation": "None", "depreciationAndAmortization": "217000000", "incomeBeforeTax": "1299000000", "incomeTaxExpense": "270000000", "interestAndDebtExpense": "None", "netIncomeFromContinuingOperations": "0", "comprehensiveIncomeNetOfTax": "None", "ebit": "1076000000", "ebitda": "1293000000", "netIncome": "1029000000"}, {"fiscalDateEnding": "2005-03-31", "reportedCurrency": "USD", "grossProfit": "2344000000", "totalRevenue": "2833000000", "costOfRevenue": "489000000", "costofGoodsAndServicesSold": "489000000", "operatingIncome": "1156000000", "sellingGeneralAndAdministrative": "577000000", "researchAndDevelopment": "524000000", "operatingExpenses": "1188000000", "investmentIncomeNet": "None", "netInterestIncome": "None", "interestIncome": "None", "interestExpense": "10000000", "nonInterestIncome": "None", "otherNonOperatingIncome": "None", "depreciation": "None", "depreciationAndAmortization": "202000000", "incomeBeforeTax": "1146000000", "incomeTaxExpense": "292000000", "interestAndDebtExpense": "None", "netIncomeFromContinuingOperations": "0", "comprehensiveIncomeNetOfTax": "None", "ebit": "954000000", "ebitda": "1156000000", "netIncome": "854000000"}, {"fiscalDateEnding": "2004-12-31", "reportedCurrency": "USD", "grossProfit": "2433000000", "totalRevenue": "2909000000", "costOfRevenue": "476000000", "costofGoodsAndServicesSold": "476000000", "operatingIncome": "919000000", "sellingGeneralAndAdministrative": "816000000", "researchAndDevelopment": "617000000", "operatingExpenses": "960000000", "investmentIncomeNet": "None", "netInterestIncome": "None", "interestIncome": "None", "interestExpense": "553000000", "nonInterestIncome": "None", "otherNonOperatingIncome": "None", "depreciation": "None", "depreciationAndAmortization": "193000000", "incomeBeforeTax": "920000000", "incomeTaxExpense": "231000000", "interestAndDebtExpense": "None", "netIncomeFromContinuingOperations": "0", "comprehensiveIncomeNetOfTax": "None", "ebit": "1473000000", "ebitda": "1666000000", "netIncome": "689000000"}]}