{"symbol": "MKTX", "annualReports": [{"fiscalDateEnding": "2024-12-31", "reportedCurrency": "USD", "grossProfit": "566527000", "totalRevenue": "817097000", "costOfRevenue": "250570000", "costofGoodsAndServicesSold": "250570000", "operatingIncome": "340870000", "sellingGeneralAndAdministrative": "64781000", "researchAndDevelopment": "None", "operatingExpenses": "222484000", "investmentIncomeNet": "None", "netInterestIncome": "24445000", "interestIncome": "26046000", "interestExpense": "1601000", "nonInterestIncome": "None", "otherNonOperatingIncome": "None", "depreciation": "None", "depreciationAndAmortization": "73824000", "incomeBeforeTax": "360546000", "incomeTaxExpense": "86365000", "interestAndDebtExpense": "None", "netIncomeFromContinuingOperations": "274181000", "comprehensiveIncomeNetOfTax": "None", "ebit": "358945000", "ebitda": "432769000", "netIncome": "274181000"}, {"fiscalDateEnding": "2023-12-31", "reportedCurrency": "USD", "grossProfit": "482918000", "totalRevenue": "752547000", "costOfRevenue": "269629000", "costofGoodsAndServicesSold": "269629000", "operatingIncome": "315019000", "sellingGeneralAndAdministrative": "69193000", "researchAndDevelopment": "0.44", "operatingExpenses": "167899000", "investmentIncomeNet": "None", "netInterestIncome": "19046000", "interestIncome": "19445000", "interestExpense": "1983000", "nonInterestIncome": "None", "otherNonOperatingIncome": "None", "depreciation": "None", "depreciationAndAmortization": "76410000", "incomeBeforeTax": "332700000", "incomeTaxExpense": "74645000", "interestAndDebtExpense": "None", "netIncomeFromContinuingOperations": "247654000", "comprehensiveIncomeNetOfTax": "None", "ebit": "318689000", "ebitda": "395099000", "netIncome": "258055000"}, {"fiscalDateEnding": "2022-12-31", "reportedCurrency": "USD", "grossProfit": "536196000", "totalRevenue": "718300000", "costOfRevenue": "182104000", "costofGoodsAndServicesSold": "182104000", "operatingIncome": "326876000", "sellingGeneralAndAdministrative": "120234000", "researchAndDevelopment": "6700000", "operatingExpenses": "209320000", "investmentIncomeNet": "None", "netInterestIncome": "4340000", "interestIncome": "5040000", "interestExpense": "700000", "nonInterestIncome": "None", "otherNonOperatingIncome": "12112000", "depreciation": "None", "depreciationAndAmortization": "391893000", "incomeBeforeTax": "338288000", "incomeTaxExpense": "88064000", "interestAndDebtExpense": "None", "netIncomeFromContinuingOperations": "250224000", "comprehensiveIncomeNetOfTax": "None", "ebit": "2073000", "ebitda": "393966000", "netIncome": "250224000"}, {"fiscalDateEnding": "2021-12-31", "reportedCurrency": "USD", "grossProfit": "528035000", "totalRevenue": "698951000", "costOfRevenue": "170916000", "costofGoodsAndServicesSold": "170916000", "operatingIncome": "337235000", "sellingGeneralAndAdministrative": "112220000", "researchAndDevelopment": "0.48", "operatingExpenses": "190800000", "investmentIncomeNet": "None", "netInterestIncome": "-842000", "interestIncome": "401000", "interestExpense": "842000", "nonInterestIncome": "None", "otherNonOperatingIncome": "-2470000", "depreciation": "None", "depreciationAndAmortization": "363770000", "incomeBeforeTax": "333923000", "incomeTaxExpense": "76035000", "interestAndDebtExpense": "None", "netIncomeFromContinuingOperations": "257888000", "comprehensiveIncomeNetOfTax": "None", "ebit": "33736000", "ebitda": "397506000", "netIncome": "257888000"}, {"fiscalDateEnding": "2020-12-31", "reportedCurrency": "USD", "grossProfit": "532240000", "totalRevenue": "689125000", "costOfRevenue": "156885000", "costofGoodsAndServicesSold": "156885000", "operatingIncome": "374728000", "sellingGeneralAndAdministrative": "92518000", "researchAndDevelopment": "0.54", "operatingExpenses": "157512000", "investmentIncomeNet": "None", "netInterestIncome": "-1142000", "interestIncome": "None", "interestExpense": "1142000", "nonInterestIncome": "None", "otherNonOperatingIncome": "773000", "depreciation": "None", "depreciationAndAmortization": "314397000", "incomeBeforeTax": "374359000", "incomeTaxExpense": "74982000", "interestAndDebtExpense": "None", "netIncomeFromContinuingOperations": "299377000", "comprehensiveIncomeNetOfTax": "None", "ebit": "103169000", "ebitda": "417566000", "netIncome": "299377000"}, {"fiscalDateEnding": "2019-12-31", "reportedCurrency": "USD", "grossProfit": "380273000", "totalRevenue": "511352000", "costOfRevenue": "131079000", "costofGoodsAndServicesSold": "131079000", "operatingIncome": "250882000", "sellingGeneralAndAdministrative": "79661000", "researchAndDevelopment": "0.50", "operatingExpenses": "129391000", "investmentIncomeNet": "None", "netInterestIncome": "None", "interestIncome": "8063000", "interestExpense": "14605000", "nonInterestIncome": "None", "otherNonOperatingIncome": "6542000", "depreciation": "None", "depreciationAndAmortization": "260470000", "incomeBeforeTax": "257424000", "incomeTaxExpense": "52522000", "interestAndDebtExpense": "None", "netIncomeFromContinuingOperations": "204902000", "comprehensiveIncomeNetOfTax": "None", "ebit": "23811000", "ebitda": "284281000", "netIncome": "204902000"}, {"fiscalDateEnding": "2018-12-31", "reportedCurrency": "USD", "grossProfit": "326448000", "totalRevenue": "435565000", "costOfRevenue": "109117000", "costofGoodsAndServicesSold": "109117000", "operatingIncome": "212584000", "sellingGeneralAndAdministrative": "70916000", "researchAndDevelopment": "0.50", "operatingExpenses": "113864000", "investmentIncomeNet": "None", "netInterestIncome": "None", "interestIncome": "6112000", "interestExpense": "0", "nonInterestIncome": "None", "otherNonOperatingIncome": "5502000", "depreciation": "None", "depreciationAndAmortization": "222981000", "incomeBeforeTax": "218086000", "incomeTaxExpense": "45234000", "interestAndDebtExpense": "None", "netIncomeFromContinuingOperations": "172852000", "comprehensiveIncomeNetOfTax": "None", "ebit": "18185000", "ebitda": "241166000", "netIncome": "172852000"}, {"fiscalDateEnding": "2017-12-31", "reportedCurrency": "USD", "grossProfit": "294720000", "totalRevenue": "397471000", "costOfRevenue": "102751000", "costofGoodsAndServicesSold": "102751000", "operatingIncome": "201768000", "sellingGeneralAndAdministrative": "58119000", "researchAndDevelopment": "0.51", "operatingExpenses": "92952000", "investmentIncomeNet": "None", "netInterestIncome": "None", "interestIncome": "3619000", "interestExpense": "0", "nonInterestIncome": "None", "otherNonOperatingIncome": "None", "depreciation": "None", "depreciationAndAmortization": "195703000", "incomeBeforeTax": "201768000", "incomeTaxExpense": "53679000", "interestAndDebtExpense": "None", "netIncomeFromContinuingOperations": "148089000", "comprehensiveIncomeNetOfTax": "None", "ebit": "25339000", "ebitda": "221042000", "netIncome": "148089000"}, {"fiscalDateEnding": "2016-12-31", "reportedCurrency": "USD", "grossProfit": "273134000", "totalRevenue": "369919000", "costOfRevenue": "96785000", "costofGoodsAndServicesSold": "96785000", "operatingIncome": "191602000", "sellingGeneralAndAdministrative": "54760000", "researchAndDevelopment": "0.52", "operatingExpenses": "81532000", "investmentIncomeNet": "None", "netInterestIncome": "None", "interestIncome": "None", "interestExpense": "0", "nonInterestIncome": "None", "otherNonOperatingIncome": "None", "depreciation": "None", "depreciationAndAmortization": "178317000", "incomeBeforeTax": "191602000", "incomeTaxExpense": "65430000", "interestAndDebtExpense": "None", "netIncomeFromContinuingOperations": "126172000", "comprehensiveIncomeNetOfTax": "None", "ebit": "31123000", "ebitda": "209440000", "netIncome": "126172000"}, {"fiscalDateEnding": "2015-12-31", "reportedCurrency": "USD", "grossProfit": "219242000", "totalRevenue": "303098000", "costOfRevenue": "83856000", "costofGoodsAndServicesSold": "83856000", "operatingIncome": "147900000", "sellingGeneralAndAdministrative": "46652000", "researchAndDevelopment": "0", "operatingExpenses": "71342000", "investmentIncomeNet": "None", "netInterestIncome": "None", "interestIncome": "None", "interestExpense": "0", "nonInterestIncome": "None", "otherNonOperatingIncome": "None", "depreciation": "None", "depreciationAndAmortization": "18542000", "incomeBeforeTax": "147900000", "incomeTaxExpense": "51863000", "interestAndDebtExpense": "None", "netIncomeFromContinuingOperations": "96037000", "comprehensiveIncomeNetOfTax": "None", "ebit": "147900000", "ebitda": "166442000", "netIncome": "96037000"}, {"fiscalDateEnding": "2014-12-31", "reportedCurrency": "USD", "grossProfit": "187779000", "totalRevenue": "262774000", "costOfRevenue": "74995000", "costofGoodsAndServicesSold": "74995000", "operatingIncome": "118536000", "sellingGeneralAndAdministrative": "46095000", "researchAndDevelopment": "0", "operatingExpenses": "69243000", "investmentIncomeNet": "None", "netInterestIncome": "None", "interestIncome": "None", "interestExpense": "0", "nonInterestIncome": "None", "otherNonOperatingIncome": "None", "depreciation": "None", "depreciationAndAmortization": "17379000", "incomeBeforeTax": "118536000", "incomeTaxExpense": "43730000", "interestAndDebtExpense": "None", "netIncomeFromContinuingOperations": "74806000", "comprehensiveIncomeNetOfTax": "None", "ebit": "118536000", "ebitda": "135915000", "netIncome": "74806000"}, {"fiscalDateEnding": "2013-12-31", "reportedCurrency": "USD", "grossProfit": "174327000", "totalRevenue": "238733000", "costOfRevenue": "64406000", "costofGoodsAndServicesSold": "64406000", "operatingIncome": "107280000", "sellingGeneralAndAdministrative": "48292000", "researchAndDevelopment": "0", "operatingExpenses": "67047000", "investmentIncomeNet": "None", "netInterestIncome": "None", "interestIncome": "None", "interestExpense": "0", "nonInterestIncome": "None", "otherNonOperatingIncome": "None", "depreciation": "None", "depreciationAndAmortization": "14123000", "incomeBeforeTax": "107280000", "incomeTaxExpense": "38717000", "interestAndDebtExpense": "None", "netIncomeFromContinuingOperations": "68563000", "comprehensiveIncomeNetOfTax": "None", "ebit": "107280000", "ebitda": "121403000", "netIncome": "76016000"}, {"fiscalDateEnding": "2012-12-31", "reportedCurrency": "USD", "grossProfit": "137843000", "totalRevenue": "198204000", "costOfRevenue": "60361000", "costofGoodsAndServicesSold": "60361000", "operatingIncome": "86686000", "sellingGeneralAndAdministrative": "37454000", "researchAndDevelopment": "0", "operatingExpenses": "51157000", "investmentIncomeNet": "None", "netInterestIncome": "None", "interestIncome": "None", "interestExpense": "0", "nonInterestIncome": "None", "otherNonOperatingIncome": "None", "depreciation": "None", "depreciationAndAmortization": "8233000", "incomeBeforeTax": "86686000", "incomeTaxExpense": "26617000", "interestAndDebtExpense": "None", "netIncomeFromContinuingOperations": "60069000", "comprehensiveIncomeNetOfTax": "None", "ebit": "86686000", "ebitda": "94919000", "netIncome": "60069000"}, {"fiscalDateEnding": "2011-12-31", "reportedCurrency": "USD", "grossProfit": "122313000", "totalRevenue": "181099000", "costOfRevenue": "58786000", "costofGoodsAndServicesSold": "58786000", "operatingIncome": "78733000", "sellingGeneralAndAdministrative": "90703000", "researchAndDevelopment": "0", "operatingExpenses": "102366000", "investmentIncomeNet": "None", "netInterestIncome": "None", "interestIncome": "None", "interestExpense": "0", "nonInterestIncome": "None", "otherNonOperatingIncome": "None", "depreciation": "None", "depreciationAndAmortization": "6781000", "incomeBeforeTax": "78733000", "incomeTaxExpense": "31029000", "interestAndDebtExpense": "None", "netIncomeFromContinuingOperations": "47704000", "comprehensiveIncomeNetOfTax": "None", "ebit": "78733000", "ebitda": "85514000", "netIncome": "47704000"}, {"fiscalDateEnding": "2010-12-31", "reportedCurrency": "USD", "grossProfit": "71297000", "totalRevenue": "146228000", "costOfRevenue": "74931000", "costofGoodsAndServicesSold": "74931000", "operatingIncome": "50910000", "sellingGeneralAndAdministrative": "10962000", "researchAndDevelopment": "None", "operatingExpenses": "20387000", "investmentIncomeNet": "None", "netInterestIncome": "None", "interestIncome": "None", "interestExpense": "0", "nonInterestIncome": "None", "otherNonOperatingIncome": "None", "depreciation": "None", "depreciationAndAmortization": "6350000", "incomeBeforeTax": "50910000", "incomeTaxExpense": "19482000", "interestAndDebtExpense": "None", "netIncomeFromContinuingOperations": "None", "comprehensiveIncomeNetOfTax": "None", "ebit": "50910000", "ebitda": "57260000", "netIncome": "31428000"}, {"fiscalDateEnding": "2009-12-31", "reportedCurrency": "USD", "grossProfit": "52600000", "totalRevenue": "114439000", "costOfRevenue": "61839000", "costofGoodsAndServicesSold": "61839000", "operatingIncome": "30049000", "sellingGeneralAndAdministrative": "74718000", "researchAndDevelopment": "None", "operatingExpenses": "84390000", "investmentIncomeNet": "None", "netInterestIncome": "None", "interestIncome": "None", "interestExpense": "0", "nonInterestIncome": "None", "otherNonOperatingIncome": "None", "depreciation": "None", "depreciationAndAmortization": "6790000", "incomeBeforeTax": "30049000", "incomeTaxExpense": "13947000", "interestAndDebtExpense": "None", "netIncomeFromContinuingOperations": "None", "comprehensiveIncomeNetOfTax": "None", "ebit": "30049000", "ebitda": "36839000", "netIncome": "16102000"}, {"fiscalDateEnding": "2008-12-31", "reportedCurrency": "USD", "grossProfit": "38073000", "totalRevenue": "93085000", "costOfRevenue": "55012000", "costofGoodsAndServicesSold": "55012000", "operatingIncome": "12834000", "sellingGeneralAndAdministrative": "6408000", "researchAndDevelopment": "None", "operatingExpenses": "80251000", "investmentIncomeNet": "None", "netInterestIncome": "None", "interestIncome": "None", "interestExpense": "0", "nonInterestIncome": "None", "otherNonOperatingIncome": "None", "depreciation": "None", "depreciationAndAmortization": "7879000", "incomeBeforeTax": "12834000", "incomeTaxExpense": "4935000", "interestAndDebtExpense": "None", "netIncomeFromContinuingOperations": "None", "comprehensiveIncomeNetOfTax": "None", "ebit": "12834000", "ebitda": "20713000", "netIncome": "7899000"}, {"fiscalDateEnding": "2007-12-31", "reportedCurrency": "USD", "grossProfit": "39854000", "totalRevenue": "93643000", "costOfRevenue": "53789000", "costofGoodsAndServicesSold": "53789000", "operatingIncome": "17251000", "sellingGeneralAndAdministrative": "13528000", "researchAndDevelopment": "None", "operatingExpenses": "76392000", "investmentIncomeNet": "None", "netInterestIncome": "None", "interestIncome": "None", "interestExpense": "0", "nonInterestIncome": "None", "otherNonOperatingIncome": "None", "depreciation": "None", "depreciationAndAmortization": "7170000", "incomeBeforeTax": "17251000", "incomeTaxExpense": "6931000", "interestAndDebtExpense": "None", "netIncomeFromContinuingOperations": "None", "comprehensiveIncomeNetOfTax": "None", "ebit": "17251000", "ebitda": "24421000", "netIncome": "10320000"}, {"fiscalDateEnding": "2006-12-31", "reportedCurrency": "USD", "grossProfit": "33534000", "totalRevenue": "83316000", "costOfRevenue": "49782000", "costofGoodsAndServicesSold": "49782000", "operatingIncome": "8604000", "sellingGeneralAndAdministrative": "16433000", "researchAndDevelopment": "None", "operatingExpenses": "74712000", "investmentIncomeNet": "None", "netInterestIncome": "None", "interestIncome": "None", "interestExpense": "0", "nonInterestIncome": "None", "otherNonOperatingIncome": "None", "depreciation": "None", "depreciationAndAmortization": "6728000", "incomeBeforeTax": "8604000", "incomeTaxExpense": "3183000", "interestAndDebtExpense": "None", "netIncomeFromContinuingOperations": "None", "comprehensiveIncomeNetOfTax": "None", "ebit": "8604000", "ebitda": "15332000", "netIncome": "5421000"}, {"fiscalDateEnding": "2005-12-31", "reportedCurrency": "USD", "grossProfit": "34671000", "totalRevenue": "78560000", "costOfRevenue": "43889000", "costofGoodsAndServicesSold": "43889000", "operatingIncome": "11561000", "sellingGeneralAndAdministrative": "6618000", "researchAndDevelopment": "None", "operatingExpenses": "66999000", "investmentIncomeNet": "None", "netInterestIncome": "None", "interestIncome": "None", "interestExpense": "0", "nonInterestIncome": "None", "otherNonOperatingIncome": "None", "depreciation": "None", "depreciationAndAmortization": "4606000", "incomeBeforeTax": "11561000", "incomeTaxExpense": "3419000", "interestAndDebtExpense": "None", "netIncomeFromContinuingOperations": "None", "comprehensiveIncomeNetOfTax": "None", "ebit": "11561000", "ebitda": "16167000", "netIncome": "8142000"}], "quarterlyReports": [{"fiscalDateEnding": "2024-12-31", "reportedCurrency": "USD", "grossProfit": "138566000", "totalRevenue": "202404000", "costOfRevenue": "63838000", "costofGoodsAndServicesSold": "63838000", "operatingIncome": "79976000", "sellingGeneralAndAdministrative": "17287000", "researchAndDevelopment": "None", "operatingExpenses": "58590000", "investmentIncomeNet": "None", "netInterestIncome": "6401000", "interestIncome": "6719000", "interestExpense": "318000", "nonInterestIncome": "None", "otherNonOperatingIncome": "None", "depreciation": "None", "depreciationAndAmortization": "20154000", "incomeBeforeTax": "84595000", "incomeTaxExpense": "19456000", "interestAndDebtExpense": "None", "netIncomeFromContinuingOperations": "65139000", "comprehensiveIncomeNetOfTax": "None", "ebit": "84913000", "ebitda": "105067000", "netIncome": "65139000"}, {"fiscalDateEnding": "2024-09-30", "reportedCurrency": "USD", "grossProfit": "125896000", "totalRevenue": "206715000", "costOfRevenue": "80819000", "costofGoodsAndServicesSold": "80819000", "operatingIncome": "87055000", "sellingGeneralAndAdministrative": "16663000", "researchAndDevelopment": "None", "operatingExpenses": "15726000", "investmentIncomeNet": "None", "netInterestIncome": "6607000", "interestIncome": "6953000", "interestExpense": "346000", "nonInterestIncome": "None", "otherNonOperatingIncome": "None", "depreciation": "None", "depreciationAndAmortization": "18728000", "incomeBeforeTax": "92897000", "incomeTaxExpense": "21408000", "interestAndDebtExpense": "None", "netIncomeFromContinuingOperations": "71489000", "comprehensiveIncomeNetOfTax": "None", "ebit": "92551000", "ebitda": "111279000", "netIncome": "71489000"}, {"fiscalDateEnding": "2024-06-30", "reportedCurrency": "USD", "grossProfit": "156999000", "totalRevenue": "197248000", "costOfRevenue": "40249000", "costofGoodsAndServicesSold": "40249000", "operatingIncome": "81842000", "sellingGeneralAndAdministrative": "34043000", "researchAndDevelopment": "None", "operatingExpenses": "59531000", "investmentIncomeNet": "None", "netInterestIncome": "5780000", "interestIncome": "6401000", "interestExpense": "621000", "nonInterestIncome": "None", "otherNonOperatingIncome": "None", "depreciation": "None", "depreciationAndAmortization": "19995000", "incomeBeforeTax": "86337000", "incomeTaxExpense": "21399000", "interestAndDebtExpense": "None", "netIncomeFromContinuingOperations": "64938000", "comprehensiveIncomeNetOfTax": "None", "ebit": "81842000", "ebitda": "101837000", "netIncome": "64938000"}, {"fiscalDateEnding": "2024-03-31", "reportedCurrency": "USD", "grossProfit": "171493000", "totalRevenue": "211655000", "costOfRevenue": "40162000", "costofGoodsAndServicesSold": "40162000", "operatingIncome": "92083000", "sellingGeneralAndAdministrative": "31610000", "researchAndDevelopment": "None", "operatingExpenses": "79410000", "investmentIncomeNet": "None", "netInterestIncome": "5657000", "interestIncome": "5973000", "interestExpense": "316000", "nonInterestIncome": "None", "otherNonOperatingIncome": "None", "depreciation": "None", "depreciationAndAmortization": "19799000", "incomeBeforeTax": "96717000", "incomeTaxExpense": "24102000", "interestAndDebtExpense": "None", "netIncomeFromContinuingOperations": "72615000", "comprehensiveIncomeNetOfTax": "None", "ebit": "92083000", "ebitda": "111882000", "netIncome": "72615000"}, {"fiscalDateEnding": "2023-12-31", "reportedCurrency": "USD", "grossProfit": "155381000", "totalRevenue": "196749000", "costOfRevenue": "41368000", "costofGoodsAndServicesSold": "41368000", "operatingIncome": "76528000", "sellingGeneralAndAdministrative": "14948000", "researchAndDevelopment": "None", "operatingExpenses": "78853000", "investmentIncomeNet": "None", "netInterestIncome": "4638000", "interestIncome": "6274000", "interestExpense": "1636000", "nonInterestIncome": "None", "otherNonOperatingIncome": "None", "depreciation": "None", "depreciationAndAmortization": "21176000", "incomeBeforeTax": "83812000", "incomeTaxExpense": "14185000", "interestAndDebtExpense": "None", "netIncomeFromContinuingOperations": "69627000", "comprehensiveIncomeNetOfTax": "None", "ebit": "80693000", "ebitda": "101869000", "netIncome": "69627000"}, {"fiscalDateEnding": "2023-09-30", "reportedCurrency": "USD", "grossProfit": "123412000", "totalRevenue": "172284000", "costOfRevenue": "48872000", "costofGoodsAndServicesSold": "48872000", "operatingIncome": "66909000", "sellingGeneralAndAdministrative": "29674000", "researchAndDevelopment": "None", "operatingExpenses": "56503000", "investmentIncomeNet": "None", "netInterestIncome": "6426000", "interestIncome": "6590000", "interestExpense": "164000", "nonInterestIncome": "None", "otherNonOperatingIncome": "None", "depreciation": "None", "depreciationAndAmortization": "19051000", "incomeBeforeTax": "71743000", "incomeTaxExpense": "16802000", "interestAndDebtExpense": "None", "netIncomeFromContinuingOperations": "54941000", "comprehensiveIncomeNetOfTax": "None", "ebit": "65419000", "ebitda": "84470000", "netIncome": "54941000"}, {"fiscalDateEnding": "2023-06-30", "reportedCurrency": "USD", "grossProfit": "131463000", "totalRevenue": "179846000", "costOfRevenue": "48383000", "costofGoodsAndServicesSold": "48383000", "operatingIncome": "75727000", "sellingGeneralAndAdministrative": "31241000", "researchAndDevelopment": "None", "operatingExpenses": "55736000", "investmentIncomeNet": "None", "netInterestIncome": "5259000", "interestIncome": "5312000", "interestExpense": "53000", "nonInterestIncome": "None", "otherNonOperatingIncome": "None", "depreciation": "None", "depreciationAndAmortization": "18354000", "incomeBeforeTax": "78950000", "incomeTaxExpense": "19091000", "interestAndDebtExpense": "None", "netIncomeFromContinuingOperations": "59859000", "comprehensiveIncomeNetOfTax": "None", "ebit": "75727000", "ebitda": "94081000", "netIncome": "59859000"}, {"fiscalDateEnding": "2023-03-31", "reportedCurrency": "USD", "grossProfit": "150854000", "totalRevenue": "203169000", "costOfRevenue": "52315000", "costofGoodsAndServicesSold": "52315000", "operatingIncome": "95356000", "sellingGeneralAndAdministrative": "31497000", "researchAndDevelopment": "None", "operatingExpenses": "55498000", "investmentIncomeNet": "None", "netInterestIncome": "4119000", "interestIncome": "4249000", "interestExpense": "130000", "nonInterestIncome": "None", "otherNonOperatingIncome": "2969000", "depreciation": "None", "depreciationAndAmortization": "17829000", "incomeBeforeTax": "98195000", "incomeTaxExpense": "24567000", "interestAndDebtExpense": "None", "netIncomeFromContinuingOperations": "73628000", "comprehensiveIncomeNetOfTax": "None", "ebit": "95356000", "ebitda": "113185000", "netIncome": "73628000"}, {"fiscalDateEnding": "2022-12-31", "reportedCurrency": "USD", "grossProfit": "133794000", "totalRevenue": "177902000", "costOfRevenue": "44108000", "costofGoodsAndServicesSold": "44108000", "operatingIncome": "77673000", "sellingGeneralAndAdministrative": "32335000", "researchAndDevelopment": "6700000", "operatingExpenses": "56121000", "investmentIncomeNet": "None", "netInterestIncome": "3242000", "interestIncome": "3294000", "interestExpense": "52000", "nonInterestIncome": "None", "otherNonOperatingIncome": "1807000", "depreciation": "None", "depreciationAndAmortization": "17206000", "incomeBeforeTax": "79428000", "incomeTaxExpense": "20202000", "interestAndDebtExpense": "None", "netIncomeFromContinuingOperations": "59226000", "comprehensiveIncomeNetOfTax": "None", "ebit": "77673000", "ebitda": "94879000", "netIncome": "59226000"}, {"fiscalDateEnding": "2022-09-30", "reportedCurrency": "USD", "grossProfit": "127307000", "totalRevenue": "172112000", "costOfRevenue": "44805000", "costofGoodsAndServicesSold": "44805000", "operatingIncome": "76311000", "sellingGeneralAndAdministrative": "29686000", "researchAndDevelopment": "None", "operatingExpenses": "50996000", "investmentIncomeNet": "None", "netInterestIncome": "-138000", "interestIncome": "None", "interestExpense": "138000", "nonInterestIncome": "None", "otherNonOperatingIncome": "2690000", "depreciation": "None", "depreciationAndAmortization": "16535000", "incomeBeforeTax": "78863000", "incomeTaxExpense": "19556000", "interestAndDebtExpense": "None", "netIncomeFromContinuingOperations": "59307000", "comprehensiveIncomeNetOfTax": "None", "ebit": "76311000", "ebitda": "92846000", "netIncome": "59307000"}, {"fiscalDateEnding": "2022-06-30", "reportedCurrency": "USD", "grossProfit": "136794000", "totalRevenue": "182229000", "costOfRevenue": "45435000", "costofGoodsAndServicesSold": "45435000", "operatingIncome": "84788000", "sellingGeneralAndAdministrative": "29554000", "researchAndDevelopment": "None", "operatingExpenses": "52006000", "investmentIncomeNet": "None", "netInterestIncome": "-337000", "interestIncome": "None", "interestExpense": "337000", "nonInterestIncome": "None", "otherNonOperatingIncome": "5127000", "depreciation": "None", "depreciationAndAmortization": "16643000", "incomeBeforeTax": "89578000", "incomeTaxExpense": "22656000", "interestAndDebtExpense": "None", "netIncomeFromContinuingOperations": "66922000", "comprehensiveIncomeNetOfTax": "None", "ebit": "84790000", "ebitda": "101433000", "netIncome": "66922000"}, {"fiscalDateEnding": "2022-03-31", "reportedCurrency": "USD", "grossProfit": "138301000", "totalRevenue": "186057000", "costOfRevenue": "47756000", "costofGoodsAndServicesSold": "47756000", "operatingIncome": "88104000", "sellingGeneralAndAdministrative": "28659000", "researchAndDevelopment": "None", "operatingExpenses": "50197000", "investmentIncomeNet": "None", "netInterestIncome": "-173000", "interestIncome": "None", "interestExpense": "173000", "nonInterestIncome": "None", "otherNonOperatingIncome": "2488000", "depreciation": "None", "depreciationAndAmortization": "16770000", "incomeBeforeTax": "90419000", "incomeTaxExpense": "25650000", "interestAndDebtExpense": "None", "netIncomeFromContinuingOperations": "64769000", "comprehensiveIncomeNetOfTax": "None", "ebit": "86991000", "ebitda": "103761000", "netIncome": "64769000"}, {"fiscalDateEnding": "2021-12-31", "reportedCurrency": "USD", "grossProfit": "123842000", "totalRevenue": "165060000", "costOfRevenue": "41218000", "costofGoodsAndServicesSold": "41218000", "operatingIncome": "72581000", "sellingGeneralAndAdministrative": "30009000", "researchAndDevelopment": "None", "operatingExpenses": "51261000", "investmentIncomeNet": "None", "netInterestIncome": "-166000", "interestIncome": "None", "interestExpense": "166000", "nonInterestIncome": "None", "otherNonOperatingIncome": "-840000", "depreciation": "None", "depreciationAndAmortization": "16351000", "incomeBeforeTax": "71575000", "incomeTaxExpense": "19390000", "interestAndDebtExpense": "None", "netIncomeFromContinuingOperations": "52185000", "comprehensiveIncomeNetOfTax": "None", "ebit": "72595000", "ebitda": "88946000", "netIncome": "52185000"}, {"fiscalDateEnding": "2021-09-30", "reportedCurrency": "USD", "grossProfit": "121215000", "totalRevenue": "162093000", "costOfRevenue": "40878000", "costofGoodsAndServicesSold": "40878000", "operatingIncome": "74003000", "sellingGeneralAndAdministrative": "28158000", "researchAndDevelopment": "None", "operatingExpenses": "47212000", "investmentIncomeNet": "None", "netInterestIncome": "-314000", "interestIncome": "None", "interestExpense": "314000", "nonInterestIncome": "None", "otherNonOperatingIncome": "805000", "depreciation": "None", "depreciationAndAmortization": "15651000", "incomeBeforeTax": "74494000", "incomeTaxExpense": "16536000", "interestAndDebtExpense": "None", "netIncomeFromContinuingOperations": "57958000", "comprehensiveIncomeNetOfTax": "None", "ebit": "74008000", "ebitda": "89659000", "netIncome": "57958000"}, {"fiscalDateEnding": "2021-06-30", "reportedCurrency": "USD", "grossProfit": "135602000", "totalRevenue": "176334000", "costOfRevenue": "40732000", "costofGoodsAndServicesSold": "40732000", "operatingIncome": "87177000", "sellingGeneralAndAdministrative": "27828000", "researchAndDevelopment": "None", "operatingExpenses": "48425000", "investmentIncomeNet": "None", "netInterestIncome": "-171000", "interestIncome": "None", "interestExpense": "171000", "nonInterestIncome": "None", "otherNonOperatingIncome": "-953000", "depreciation": "None", "depreciationAndAmortization": "14801000", "incomeBeforeTax": "86053000", "incomeTaxExpense": "18765000", "interestAndDebtExpense": "None", "netIncomeFromContinuingOperations": "67288000", "comprehensiveIncomeNetOfTax": "None", "ebit": "87177000", "ebitda": "101978000", "netIncome": "67288000"}, {"fiscalDateEnding": "2021-03-31", "reportedCurrency": "USD", "grossProfit": "147376000", "totalRevenue": "195464000", "costOfRevenue": "48088000", "costofGoodsAndServicesSold": "48088000", "operatingIncome": "103474000", "sellingGeneralAndAdministrative": "26225000", "researchAndDevelopment": "None", "operatingExpenses": "43902000", "investmentIncomeNet": "None", "netInterestIncome": "-191000", "interestIncome": "None", "interestExpense": "191000", "nonInterestIncome": "None", "otherNonOperatingIncome": "-1482000", "depreciation": "None", "depreciationAndAmortization": "11779000", "incomeBeforeTax": "101801000", "incomeTaxExpense": "21344000", "interestAndDebtExpense": "None", "netIncomeFromContinuingOperations": "80457000", "comprehensiveIncomeNetOfTax": "None", "ebit": "103656000", "ebitda": "115435000", "netIncome": "80457000"}, {"fiscalDateEnding": "2020-12-31", "reportedCurrency": "USD", "grossProfit": "134874000", "totalRevenue": "171346000", "costOfRevenue": "36472000", "costofGoodsAndServicesSold": "36472000", "operatingIncome": "91697000", "sellingGeneralAndAdministrative": "25281000", "researchAndDevelopment": "None", "operatingExpenses": "43177000", "investmentIncomeNet": "None", "netInterestIncome": "-96000", "interestIncome": "None", "interestExpense": "96000", "nonInterestIncome": "None", "otherNonOperatingIncome": "-1312000", "depreciation": "None", "depreciationAndAmortization": "10592000", "incomeBeforeTax": "90289000", "incomeTaxExpense": "17358000", "interestAndDebtExpense": "None", "netIncomeFromContinuingOperations": "72931000", "comprehensiveIncomeNetOfTax": "None", "ebit": "91717000", "ebitda": "102309000", "netIncome": "72931000"}, {"fiscalDateEnding": "2020-09-30", "reportedCurrency": "USD", "grossProfit": "126423000", "totalRevenue": "164006000", "costOfRevenue": "37583000", "costofGoodsAndServicesSold": "37583000", "operatingIncome": "87807000", "sellingGeneralAndAdministrative": "23598000", "researchAndDevelopment": "None", "operatingExpenses": "38616000", "investmentIncomeNet": "None", "netInterestIncome": "-1046000", "interestIncome": "None", "interestExpense": "1046000", "nonInterestIncome": "None", "otherNonOperatingIncome": "1204000", "depreciation": "None", "depreciationAndAmortization": "9032000", "incomeBeforeTax": "87965000", "incomeTaxExpense": "20189000", "interestAndDebtExpense": "None", "netIncomeFromContinuingOperations": "67776000", "comprehensiveIncomeNetOfTax": "None", "ebit": "88667000", "ebitda": "97699000", "netIncome": "67776000"}, {"fiscalDateEnding": "2020-06-30", "reportedCurrency": "USD", "grossProfit": "143159000", "totalRevenue": "184795000", "costOfRevenue": "41636000", "costofGoodsAndServicesSold": "41636000", "operatingIncome": "104135000", "sellingGeneralAndAdministrative": "23196000", "researchAndDevelopment": "None", "operatingExpenses": "39024000", "investmentIncomeNet": "None", "netInterestIncome": "None", "interestIncome": "714000", "interestExpense": "None", "nonInterestIncome": "None", "otherNonOperatingIncome": "268000", "depreciation": "None", "depreciationAndAmortization": "8305000", "incomeBeforeTax": "104403000", "incomeTaxExpense": "20549000", "interestAndDebtExpense": "None", "netIncomeFromContinuingOperations": "83854000", "comprehensiveIncomeNetOfTax": "None", "ebit": "104403000", "ebitda": "112708000", "netIncome": "83854000"}, {"fiscalDateEnding": "2020-03-31", "reportedCurrency": "USD", "grossProfit": "127784000", "totalRevenue": "168978000", "costOfRevenue": "41194000", "costofGoodsAndServicesSold": "41194000", "operatingIncome": "91089000", "sellingGeneralAndAdministrative": "20443000", "researchAndDevelopment": "None", "operatingExpenses": "36695000", "investmentIncomeNet": "None", "netInterestIncome": "None", "interestIncome": "1269000", "interestExpense": "None", "nonInterestIncome": "None", "otherNonOperatingIncome": "613000", "depreciation": "None", "depreciationAndAmortization": "8067000", "incomeBeforeTax": "91702000", "incomeTaxExpense": "16886000", "interestAndDebtExpense": "None", "netIncomeFromContinuingOperations": "74816000", "comprehensiveIncomeNetOfTax": "None", "ebit": "91702000", "ebitda": "99769000", "netIncome": "74816000"}, {"fiscalDateEnding": "2019-12-31", "reportedCurrency": "USD", "grossProfit": "96657000", "totalRevenue": "129774000", "costOfRevenue": "33117000", "costofGoodsAndServicesSold": "33117000", "operatingIncome": "60851000", "sellingGeneralAndAdministrative": "21644000", "researchAndDevelopment": "None", "operatingExpenses": "35806000", "investmentIncomeNet": "None", "netInterestIncome": "None", "interestIncome": "1767000", "interestExpense": "None", "nonInterestIncome": "None", "otherNonOperatingIncome": "1106000", "depreciation": "None", "depreciationAndAmortization": "7730000", "incomeBeforeTax": "61957000", "incomeTaxExpense": "11684000", "interestAndDebtExpense": "None", "netIncomeFromContinuingOperations": "50273000", "comprehensiveIncomeNetOfTax": "None", "ebit": "60851000", "ebitda": "68581000", "netIncome": "50273000"}, {"fiscalDateEnding": "2019-09-30", "reportedCurrency": "USD", "grossProfit": "98916000", "totalRevenue": "131597000", "costOfRevenue": "32681000", "costofGoodsAndServicesSold": "32681000", "operatingIncome": "65965000", "sellingGeneralAndAdministrative": "20963000", "researchAndDevelopment": "None", "operatingExpenses": "32951000", "investmentIncomeNet": "None", "netInterestIncome": "None", "interestIncome": "2211000", "interestExpense": "None", "nonInterestIncome": "None", "otherNonOperatingIncome": "1373000", "depreciation": "None", "depreciationAndAmortization": "6700000", "incomeBeforeTax": "67338000", "incomeTaxExpense": "13336000", "interestAndDebtExpense": "None", "netIncomeFromContinuingOperations": "54002000", "comprehensiveIncomeNetOfTax": "None", "ebit": "67338000", "ebitda": "74038000", "netIncome": "54002000"}, {"fiscalDateEnding": "2019-06-30", "reportedCurrency": "USD", "grossProfit": "92867000", "totalRevenue": "125490000", "costOfRevenue": "32623000", "costofGoodsAndServicesSold": "32623000", "operatingIncome": "60877000", "sellingGeneralAndAdministrative": "19368000", "researchAndDevelopment": "None", "operatingExpenses": "31990000", "investmentIncomeNet": "None", "netInterestIncome": "None", "interestIncome": "2096000", "interestExpense": "None", "nonInterestIncome": "None", "otherNonOperatingIncome": "2032000", "depreciation": "None", "depreciationAndAmortization": "6345000", "incomeBeforeTax": "62909000", "incomeTaxExpense": "14804000", "interestAndDebtExpense": "None", "netIncomeFromContinuingOperations": "48105000", "comprehensiveIncomeNetOfTax": "None", "ebit": "60877000", "ebitda": "67222000", "netIncome": "48105000"}, {"fiscalDateEnding": "2019-03-31", "reportedCurrency": "USD", "grossProfit": "91833000", "totalRevenue": "124491000", "costOfRevenue": "32658000", "costofGoodsAndServicesSold": "32658000", "operatingIncome": "63189000", "sellingGeneralAndAdministrative": "17686000", "researchAndDevelopment": "None", "operatingExpenses": "28644000", "investmentIncomeNet": "None", "netInterestIncome": "None", "interestIncome": "None", "interestExpense": "None", "nonInterestIncome": "None", "otherNonOperatingIncome": "2031000", "depreciation": "None", "depreciationAndAmortization": "6082000", "incomeBeforeTax": "65220000", "incomeTaxExpense": "12698000", "interestAndDebtExpense": "None", "netIncomeFromContinuingOperations": "52522000", "comprehensiveIncomeNetOfTax": "None", "ebit": "63189000", "ebitda": "69271000", "netIncome": "52522000"}, {"fiscalDateEnding": "2018-12-31", "reportedCurrency": "USD", "grossProfit": "84642000", "totalRevenue": "112444000", "costOfRevenue": "27802000", "costofGoodsAndServicesSold": "27802000", "operatingIncome": "53965000", "sellingGeneralAndAdministrative": "19038000", "researchAndDevelopment": "0", "operatingExpenses": "30677000", "investmentIncomeNet": "None", "netInterestIncome": "None", "interestIncome": "None", "interestExpense": "0", "nonInterestIncome": "None", "otherNonOperatingIncome": "2101000", "depreciation": "None", "depreciationAndAmortization": "5848000", "incomeBeforeTax": "56066000", "incomeTaxExpense": "10235000", "interestAndDebtExpense": "None", "netIncomeFromContinuingOperations": "45831000", "comprehensiveIncomeNetOfTax": "None", "ebit": "53965000", "ebitda": "59813000", "netIncome": "45831000"}, {"fiscalDateEnding": "2018-09-30", "reportedCurrency": "USD", "grossProfit": "75161000", "totalRevenue": "101443000", "costOfRevenue": "26282000", "costofGoodsAndServicesSold": "26282000", "operatingIncome": "46412000", "sellingGeneralAndAdministrative": "17836000", "researchAndDevelopment": "0", "operatingExpenses": "28749000", "investmentIncomeNet": "None", "netInterestIncome": "None", "interestIncome": "None", "interestExpense": "0", "nonInterestIncome": "None", "otherNonOperatingIncome": "1385000", "depreciation": "None", "depreciationAndAmortization": "6173000", "incomeBeforeTax": "47797000", "incomeTaxExpense": "9203000", "interestAndDebtExpense": "None", "netIncomeFromContinuingOperations": "38594000", "comprehensiveIncomeNetOfTax": "None", "ebit": "46412000", "ebitda": "52585000", "netIncome": "38594000"}, {"fiscalDateEnding": "2018-06-30", "reportedCurrency": "USD", "grossProfit": "82148000", "totalRevenue": "108347000", "costOfRevenue": "26199000", "costofGoodsAndServicesSold": "26199000", "operatingIncome": "52034000", "sellingGeneralAndAdministrative": "17394000", "researchAndDevelopment": "0", "operatingExpenses": "28731000", "investmentIncomeNet": "None", "netInterestIncome": "None", "interestIncome": "None", "interestExpense": "0", "nonInterestIncome": "None", "otherNonOperatingIncome": "1176000", "depreciation": "None", "depreciationAndAmortization": "5790000", "incomeBeforeTax": "53210000", "incomeTaxExpense": "12723000", "interestAndDebtExpense": "None", "netIncomeFromContinuingOperations": "40487000", "comprehensiveIncomeNetOfTax": "None", "ebit": "52034000", "ebitda": "57824000", "netIncome": "40487000"}, {"fiscalDateEnding": "2018-03-31", "reportedCurrency": "USD", "grossProfit": "87048000", "totalRevenue": "115882000", "costOfRevenue": "28834000", "costofGoodsAndServicesSold": "28834000", "operatingIncome": "60173000", "sellingGeneralAndAdministrative": "16648000", "researchAndDevelopment": "0", "operatingExpenses": "25707000", "investmentIncomeNet": "None", "netInterestIncome": "None", "interestIncome": "None", "interestExpense": "0", "nonInterestIncome": "None", "otherNonOperatingIncome": "840000", "depreciation": "None", "depreciationAndAmortization": "5269000", "incomeBeforeTax": "61013000", "incomeTaxExpense": "13073000", "interestAndDebtExpense": "None", "netIncomeFromContinuingOperations": "47940000", "comprehensiveIncomeNetOfTax": "None", "ebit": "60173000", "ebitda": "65442000", "netIncome": "47940000"}, {"fiscalDateEnding": "2017-12-31", "reportedCurrency": "USD", "grossProfit": "75231000", "totalRevenue": "99565000", "costOfRevenue": "24334000", "costofGoodsAndServicesSold": "24334000", "operatingIncome": "49371000", "sellingGeneralAndAdministrative": "16170000", "researchAndDevelopment": "0", "operatingExpenses": "25860000", "investmentIncomeNet": "None", "netInterestIncome": "None", "interestIncome": "None", "interestExpense": "0", "nonInterestIncome": "None", "otherNonOperatingIncome": "None", "depreciation": "None", "depreciationAndAmortization": "5208000", "incomeBeforeTax": "49371000", "incomeTaxExpense": "15898000", "interestAndDebtExpense": "None", "netIncomeFromContinuingOperations": "33473000", "comprehensiveIncomeNetOfTax": "None", "ebit": "49371000", "ebitda": "54579000", "netIncome": "33473000"}, {"fiscalDateEnding": "2017-09-30", "reportedCurrency": "USD", "grossProfit": "71106000", "totalRevenue": "96701000", "costOfRevenue": "25595000", "costofGoodsAndServicesSold": "25595000", "operatingIncome": "47217000", "sellingGeneralAndAdministrative": "15741000", "researchAndDevelopment": "0", "operatingExpenses": "23889000", "investmentIncomeNet": "None", "netInterestIncome": "None", "interestIncome": "None", "interestExpense": "0", "nonInterestIncome": "None", "otherNonOperatingIncome": "None", "depreciation": "None", "depreciationAndAmortization": "4583000", "incomeBeforeTax": "47217000", "incomeTaxExpense": "13087000", "interestAndDebtExpense": "None", "netIncomeFromContinuingOperations": "34130000", "comprehensiveIncomeNetOfTax": "None", "ebit": "47217000", "ebitda": "51800000", "netIncome": "34130000"}, {"fiscalDateEnding": "2017-06-30", "reportedCurrency": "USD", "grossProfit": "71893000", "totalRevenue": "97314000", "costOfRevenue": "25421000", "costofGoodsAndServicesSold": "25421000", "operatingIncome": "49573000", "sellingGeneralAndAdministrative": "13231000", "researchAndDevelopment": "0", "operatingExpenses": "22320000", "investmentIncomeNet": "None", "netInterestIncome": "None", "interestIncome": "None", "interestExpense": "0", "nonInterestIncome": "None", "otherNonOperatingIncome": "None", "depreciation": "None", "depreciationAndAmortization": "4790000", "incomeBeforeTax": "49573000", "incomeTaxExpense": "11550000", "interestAndDebtExpense": "None", "netIncomeFromContinuingOperations": "38023000", "comprehensiveIncomeNetOfTax": "None", "ebit": "49573000", "ebitda": "54363000", "netIncome": "38023000"}, {"fiscalDateEnding": "2017-03-31", "reportedCurrency": "USD", "grossProfit": "76490000", "totalRevenue": "103891000", "costOfRevenue": "27401000", "costofGoodsAndServicesSold": "27401000", "operatingIncome": "55607000", "sellingGeneralAndAdministrative": "12977000", "researchAndDevelopment": "0", "operatingExpenses": "20883000", "investmentIncomeNet": "None", "netInterestIncome": "None", "interestIncome": "None", "interestExpense": "0", "nonInterestIncome": "None", "otherNonOperatingIncome": "None", "depreciation": "None", "depreciationAndAmortization": "4693000", "incomeBeforeTax": "55607000", "incomeTaxExpense": "13144000", "interestAndDebtExpense": "None", "netIncomeFromContinuingOperations": "42463000", "comprehensiveIncomeNetOfTax": "None", "ebit": "55607000", "ebitda": "60300000", "netIncome": "42463000"}, {"fiscalDateEnding": "2016-12-31", "reportedCurrency": "USD", "grossProfit": "71907000", "totalRevenue": "94436000", "costOfRevenue": "22529000", "costofGoodsAndServicesSold": "22529000", "operatingIncome": "50327000", "sellingGeneralAndAdministrative": "14096000", "researchAndDevelopment": "0", "operatingExpenses": "21580000", "investmentIncomeNet": "None", "netInterestIncome": "None", "interestIncome": "None", "interestExpense": "0", "nonInterestIncome": "None", "otherNonOperatingIncome": "None", "depreciation": "None", "depreciationAndAmortization": "4292000", "incomeBeforeTax": "50327000", "incomeTaxExpense": "17162000", "interestAndDebtExpense": "None", "netIncomeFromContinuingOperations": "33165000", "comprehensiveIncomeNetOfTax": "None", "ebit": "50327000", "ebitda": "54619000", "netIncome": "33165000"}, {"fiscalDateEnding": "2016-09-30", "reportedCurrency": "USD", "grossProfit": "66357000", "totalRevenue": "90271000", "costOfRevenue": "23914000", "costofGoodsAndServicesSold": "23914000", "operatingIncome": "46354000", "sellingGeneralAndAdministrative": "13538000", "researchAndDevelopment": "0", "operatingExpenses": "20003000", "investmentIncomeNet": "None", "netInterestIncome": "None", "interestIncome": "None", "interestExpense": "0", "nonInterestIncome": "None", "otherNonOperatingIncome": "None", "depreciation": "None", "depreciationAndAmortization": "4325000", "incomeBeforeTax": "46354000", "incomeTaxExpense": "15436000", "interestAndDebtExpense": "None", "netIncomeFromContinuingOperations": "30918000", "comprehensiveIncomeNetOfTax": "None", "ebit": "46354000", "ebitda": "50679000", "netIncome": "30918000"}, {"fiscalDateEnding": "2016-06-30", "reportedCurrency": "USD", "grossProfit": "70824000", "totalRevenue": "96639000", "costOfRevenue": "25815000", "costofGoodsAndServicesSold": "25815000", "operatingIncome": "50551000", "sellingGeneralAndAdministrative": "13909000", "researchAndDevelopment": "0", "operatingExpenses": "20273000", "investmentIncomeNet": "None", "netInterestIncome": "None", "interestIncome": "None", "interestExpense": "0", "nonInterestIncome": "None", "otherNonOperatingIncome": "None", "depreciation": "None", "depreciationAndAmortization": "4540000", "incomeBeforeTax": "50551000", "incomeTaxExpense": "17425000", "interestAndDebtExpense": "None", "netIncomeFromContinuingOperations": "33126000", "comprehensiveIncomeNetOfTax": "None", "ebit": "50551000", "ebitda": "55091000", "netIncome": "33126000"}, {"fiscalDateEnding": "2016-03-31", "reportedCurrency": "USD", "grossProfit": "64046000", "totalRevenue": "88573000", "costOfRevenue": "24527000", "costofGoodsAndServicesSold": "24527000", "operatingIncome": "44370000", "sellingGeneralAndAdministrative": "13217000", "researchAndDevelopment": "0", "operatingExpenses": "19676000", "investmentIncomeNet": "None", "netInterestIncome": "None", "interestIncome": "None", "interestExpense": "0", "nonInterestIncome": "None", "otherNonOperatingIncome": "None", "depreciation": "None", "depreciationAndAmortization": "4681000", "incomeBeforeTax": "44370000", "incomeTaxExpense": "15407000", "interestAndDebtExpense": "None", "netIncomeFromContinuingOperations": "28963000", "comprehensiveIncomeNetOfTax": "None", "ebit": "44370000", "ebitda": "49051000", "netIncome": "28963000"}, {"fiscalDateEnding": "2015-12-31", "reportedCurrency": "USD", "grossProfit": "55557000", "totalRevenue": "76644000", "costOfRevenue": "21087000", "costofGoodsAndServicesSold": "21087000", "operatingIncome": "36986000", "sellingGeneralAndAdministrative": "11998000", "researchAndDevelopment": "0", "operatingExpenses": "18571000", "investmentIncomeNet": "None", "netInterestIncome": "None", "interestIncome": "None", "interestExpense": "0", "nonInterestIncome": "None", "otherNonOperatingIncome": "None", "depreciation": "None", "depreciationAndAmortization": "4685000", "incomeBeforeTax": "36986000", "incomeTaxExpense": "12495000", "interestAndDebtExpense": "None", "netIncomeFromContinuingOperations": "24491000", "comprehensiveIncomeNetOfTax": "None", "ebit": "36986000", "ebitda": "41671000", "netIncome": "24491000"}, {"fiscalDateEnding": "2015-09-30", "reportedCurrency": "USD", "grossProfit": "53190000", "totalRevenue": "74192000", "costOfRevenue": "21002000", "costofGoodsAndServicesSold": "21002000", "operatingIncome": "35353000", "sellingGeneralAndAdministrative": "11891000", "researchAndDevelopment": "0", "operatingExpenses": "17837000", "investmentIncomeNet": "None", "netInterestIncome": "None", "interestIncome": "None", "interestExpense": "0", "nonInterestIncome": "None", "otherNonOperatingIncome": "None", "depreciation": "None", "depreciationAndAmortization": "4642000", "incomeBeforeTax": "35353000", "incomeTaxExpense": "12638000", "interestAndDebtExpense": "None", "netIncomeFromContinuingOperations": "22715000", "comprehensiveIncomeNetOfTax": "None", "ebit": "35353000", "ebitda": "39995000", "netIncome": "22715000"}, {"fiscalDateEnding": "2015-06-30", "reportedCurrency": "USD", "grossProfit": "54898000", "totalRevenue": "75491000", "costOfRevenue": "20593000", "costofGoodsAndServicesSold": "20593000", "operatingIncome": "37059000", "sellingGeneralAndAdministrative": "11472000", "researchAndDevelopment": "0", "operatingExpenses": "17839000", "investmentIncomeNet": "None", "netInterestIncome": "None", "interestIncome": "None", "interestExpense": "0", "nonInterestIncome": "None", "otherNonOperatingIncome": "None", "depreciation": "None", "depreciationAndAmortization": "4603000", "incomeBeforeTax": "37059000", "incomeTaxExpense": "12821000", "interestAndDebtExpense": "None", "netIncomeFromContinuingOperations": "24238000", "comprehensiveIncomeNetOfTax": "None", "ebit": "37059000", "ebitda": "41662000", "netIncome": "24238000"}, {"fiscalDateEnding": "2015-03-31", "reportedCurrency": "USD", "grossProfit": "55597000", "totalRevenue": "76771000", "costOfRevenue": "21174000", "costofGoodsAndServicesSold": "21174000", "operatingIncome": "38502000", "sellingGeneralAndAdministrative": "11291000", "researchAndDevelopment": "0", "operatingExpenses": "17095000", "investmentIncomeNet": "None", "netInterestIncome": "None", "interestIncome": "None", "interestExpense": "0", "nonInterestIncome": "None", "otherNonOperatingIncome": "None", "depreciation": "None", "depreciationAndAmortization": "4612000", "incomeBeforeTax": "38502000", "incomeTaxExpense": "13909000", "interestAndDebtExpense": "None", "netIncomeFromContinuingOperations": "24593000", "comprehensiveIncomeNetOfTax": "None", "ebit": "38502000", "ebitda": "43114000", "netIncome": "24593000"}, {"fiscalDateEnding": "2014-12-31", "reportedCurrency": "USD", "grossProfit": "50791000", "totalRevenue": "70167000", "costOfRevenue": "19376000", "costofGoodsAndServicesSold": "19376000", "operatingIncome": "33489000", "sellingGeneralAndAdministrative": "11448000", "researchAndDevelopment": "0", "operatingExpenses": "17302000", "investmentIncomeNet": "None", "netInterestIncome": "None", "interestIncome": "None", "interestExpense": "0", "nonInterestIncome": "None", "otherNonOperatingIncome": "None", "depreciation": "None", "depreciationAndAmortization": "4425000", "incomeBeforeTax": "33489000", "incomeTaxExpense": "11853000", "interestAndDebtExpense": "None", "netIncomeFromContinuingOperations": "21636000", "comprehensiveIncomeNetOfTax": "None", "ebit": "33489000", "ebitda": "37914000", "netIncome": "21636000"}, {"fiscalDateEnding": "2014-09-30", "reportedCurrency": "USD", "grossProfit": "45656000", "totalRevenue": "64245000", "costOfRevenue": "18589000", "costofGoodsAndServicesSold": "18589000", "operatingIncome": "28268000", "sellingGeneralAndAdministrative": "11575000", "researchAndDevelopment": "0", "operatingExpenses": "17388000", "investmentIncomeNet": "None", "netInterestIncome": "None", "interestIncome": "None", "interestExpense": "0", "nonInterestIncome": "None", "otherNonOperatingIncome": "None", "depreciation": "None", "depreciationAndAmortization": "4482000", "incomeBeforeTax": "28268000", "incomeTaxExpense": "10764000", "interestAndDebtExpense": "None", "netIncomeFromContinuingOperations": "17504000", "comprehensiveIncomeNetOfTax": "None", "ebit": "28268000", "ebitda": "32750000", "netIncome": "17504000"}, {"fiscalDateEnding": "2014-06-30", "reportedCurrency": "USD", "grossProfit": "46543000", "totalRevenue": "64964000", "costOfRevenue": "18421000", "costofGoodsAndServicesSold": "18421000", "operatingIncome": "29071000", "sellingGeneralAndAdministrative": "11321000", "researchAndDevelopment": "0", "operatingExpenses": "17472000", "investmentIncomeNet": "None", "netInterestIncome": "None", "interestIncome": "None", "interestExpense": "0", "nonInterestIncome": "None", "otherNonOperatingIncome": "None", "depreciation": "None", "depreciationAndAmortization": "4351000", "incomeBeforeTax": "29071000", "incomeTaxExpense": "10880000", "interestAndDebtExpense": "None", "netIncomeFromContinuingOperations": "18191000", "comprehensiveIncomeNetOfTax": "None", "ebit": "29071000", "ebitda": "33422000", "netIncome": "18191000"}, {"fiscalDateEnding": "2014-03-31", "reportedCurrency": "USD", "grossProfit": "44789000", "totalRevenue": "63398000", "costOfRevenue": "18609000", "costofGoodsAndServicesSold": "18609000", "operatingIncome": "27708000", "sellingGeneralAndAdministrative": "11751000", "researchAndDevelopment": "0", "operatingExpenses": "17081000", "investmentIncomeNet": "None", "netInterestIncome": "None", "interestIncome": "None", "interestExpense": "0", "nonInterestIncome": "None", "otherNonOperatingIncome": "None", "depreciation": "None", "depreciationAndAmortization": "4121000", "incomeBeforeTax": "27708000", "incomeTaxExpense": "10233000", "interestAndDebtExpense": "None", "netIncomeFromContinuingOperations": "17475000", "comprehensiveIncomeNetOfTax": "None", "ebit": "27708000", "ebitda": "31829000", "netIncome": "17475000"}, {"fiscalDateEnding": "2013-12-31", "reportedCurrency": "USD", "grossProfit": "43674000", "totalRevenue": "60442000", "costOfRevenue": "16768000", "costofGoodsAndServicesSold": "16768000", "operatingIncome": "24799000", "sellingGeneralAndAdministrative": "13772000", "researchAndDevelopment": "0", "operatingExpenses": "18875000", "investmentIncomeNet": "None", "netInterestIncome": "None", "interestIncome": "None", "interestExpense": "0", "nonInterestIncome": "None", "otherNonOperatingIncome": "None", "depreciation": "None", "depreciationAndAmortization": "3972000", "incomeBeforeTax": "24799000", "incomeTaxExpense": "9329000", "interestAndDebtExpense": "None", "netIncomeFromContinuingOperations": "15635000", "comprehensiveIncomeNetOfTax": "None", "ebit": "24799000", "ebitda": "28771000", "netIncome": "23133000"}, {"fiscalDateEnding": "2013-09-30", "reportedCurrency": "USD", "grossProfit": "43223000", "totalRevenue": "61133000", "costOfRevenue": "17910000", "costofGoodsAndServicesSold": "17910000", "operatingIncome": "26388000", "sellingGeneralAndAdministrative": "12180000", "researchAndDevelopment": "0", "operatingExpenses": "16835000", "investmentIncomeNet": "None", "netInterestIncome": "None", "interestIncome": "None", "interestExpense": "0", "nonInterestIncome": "None", "otherNonOperatingIncome": "None", "depreciation": "None", "depreciationAndAmortization": "3460000", "incomeBeforeTax": "26388000", "incomeTaxExpense": "8129000", "interestAndDebtExpense": "None", "netIncomeFromContinuingOperations": "18259000", "comprehensiveIncomeNetOfTax": "None", "ebit": "26388000", "ebitda": "29848000", "netIncome": "18213000"}, {"fiscalDateEnding": "2013-06-30", "reportedCurrency": "USD", "grossProfit": "49632000", "totalRevenue": "65559000", "costOfRevenue": "15927000", "costofGoodsAndServicesSold": "15927000", "operatingIncome": "31511000", "sellingGeneralAndAdministrative": "12185000", "researchAndDevelopment": "0", "operatingExpenses": "18121000", "investmentIncomeNet": "None", "netInterestIncome": "None", "interestIncome": "None", "interestExpense": "0", "nonInterestIncome": "None", "otherNonOperatingIncome": "None", "depreciation": "None", "depreciationAndAmortization": "4504000", "incomeBeforeTax": "31511000", "incomeTaxExpense": "12168000", "interestAndDebtExpense": "None", "netIncomeFromContinuingOperations": "19343000", "comprehensiveIncomeNetOfTax": "None", "ebit": "31511000", "ebitda": "36015000", "netIncome": "19343000"}, {"fiscalDateEnding": "2013-03-31", "reportedCurrency": "USD", "grossProfit": "39204000", "totalRevenue": "55557000", "costOfRevenue": "16353000", "costofGoodsAndServicesSold": "16353000", "operatingIncome": "24313000", "sellingGeneralAndAdministrative": "11337000", "researchAndDevelopment": "0", "operatingExpenses": "14891000", "investmentIncomeNet": "None", "netInterestIncome": "None", "interestIncome": "None", "interestExpense": "0", "nonInterestIncome": "None", "otherNonOperatingIncome": "None", "depreciation": "None", "depreciationAndAmortization": "2569000", "incomeBeforeTax": "24313000", "incomeTaxExpense": "8987000", "interestAndDebtExpense": "None", "netIncomeFromContinuingOperations": "15326000", "comprehensiveIncomeNetOfTax": "None", "ebit": "24313000", "ebitda": "26882000", "netIncome": "15326000"}, {"fiscalDateEnding": "2012-12-31", "reportedCurrency": "USD", "grossProfit": "35808000", "totalRevenue": "50387000", "costOfRevenue": "14579000", "costofGoodsAndServicesSold": "14579000", "operatingIncome": "21529000", "sellingGeneralAndAdministrative": "10718000", "researchAndDevelopment": "0", "operatingExpenses": "14279000", "investmentIncomeNet": "None", "netInterestIncome": "None", "interestIncome": "None", "interestExpense": "0", "nonInterestIncome": "None", "otherNonOperatingIncome": "None", "depreciation": "None", "depreciationAndAmortization": "2337000", "incomeBeforeTax": "21529000", "incomeTaxExpense": "1064000", "interestAndDebtExpense": "None", "netIncomeFromContinuingOperations": "20465000", "comprehensiveIncomeNetOfTax": "None", "ebit": "21529000", "ebitda": "23866000", "netIncome": "20465000"}, {"fiscalDateEnding": "2012-09-30", "reportedCurrency": "USD", "grossProfit": "29627000", "totalRevenue": "48257000", "costOfRevenue": "18630000", "costofGoodsAndServicesSold": "18630000", "operatingIncome": "21209000", "sellingGeneralAndAdministrative": "23900000", "researchAndDevelopment": "0", "operatingExpenses": "27048000", "investmentIncomeNet": "None", "netInterestIncome": "None", "interestIncome": "None", "interestExpense": "0", "nonInterestIncome": "None", "otherNonOperatingIncome": "None", "depreciation": "None", "depreciationAndAmortization": "2081000", "incomeBeforeTax": "21209000", "incomeTaxExpense": "7727000", "interestAndDebtExpense": "None", "netIncomeFromContinuingOperations": "13482000", "comprehensiveIncomeNetOfTax": "None", "ebit": "21209000", "ebitda": "23290000", "netIncome": "13482000"}, {"fiscalDateEnding": "2012-06-30", "reportedCurrency": "USD", "grossProfit": "29748000", "totalRevenue": "48825000", "costOfRevenue": "19077000", "costofGoodsAndServicesSold": "19077000", "operatingIncome": "21200000", "sellingGeneralAndAdministrative": "23932000", "researchAndDevelopment": "0", "operatingExpenses": "27625000", "investmentIncomeNet": "None", "netInterestIncome": "None", "interestIncome": "None", "interestExpense": "0", "nonInterestIncome": "None", "otherNonOperatingIncome": "None", "depreciation": "None", "depreciationAndAmortization": "1961000", "incomeBeforeTax": "21200000", "incomeTaxExpense": "8571000", "interestAndDebtExpense": "None", "netIncomeFromContinuingOperations": "12629000", "comprehensiveIncomeNetOfTax": "None", "ebit": "21200000", "ebitda": "23161000", "netIncome": "12629000"}, {"fiscalDateEnding": "2012-03-31", "reportedCurrency": "USD", "grossProfit": "31180000", "totalRevenue": "50735000", "costOfRevenue": "19555000", "costofGoodsAndServicesSold": "19555000", "operatingIncome": "22748000", "sellingGeneralAndAdministrative": "24686000", "researchAndDevelopment": "0", "operatingExpenses": "27987000", "investmentIncomeNet": "None", "netInterestIncome": "None", "interestIncome": "None", "interestExpense": "0", "nonInterestIncome": "None", "otherNonOperatingIncome": "None", "depreciation": "None", "depreciationAndAmortization": "1854000", "incomeBeforeTax": "22748000", "incomeTaxExpense": "9255000", "interestAndDebtExpense": "None", "netIncomeFromContinuingOperations": "13493000", "comprehensiveIncomeNetOfTax": "None", "ebit": "22748000", "ebitda": "24602000", "netIncome": "13493000"}, {"fiscalDateEnding": "2011-12-31", "reportedCurrency": "USD", "grossProfit": "-13651000", "totalRevenue": "45135000", "costOfRevenue": "58786000", "costofGoodsAndServicesSold": "58786000", "operatingIncome": "18866000", "sellingGeneralAndAdministrative": "35690000", "researchAndDevelopment": "0", "operatingExpenses": "-32517000", "investmentIncomeNet": "None", "netInterestIncome": "None", "interestIncome": "None", "interestExpense": "0", "nonInterestIncome": "None", "otherNonOperatingIncome": "None", "depreciation": "None", "depreciationAndAmortization": "1793000", "incomeBeforeTax": "18866000", "incomeTaxExpense": "7323000", "interestAndDebtExpense": "None", "netIncomeFromContinuingOperations": "0", "comprehensiveIncomeNetOfTax": "None", "ebit": "18866000", "ebitda": "20659000", "netIncome": "11543000"}, {"fiscalDateEnding": "2011-09-30", "reportedCurrency": "USD", "grossProfit": "29364000", "totalRevenue": "46564000", "costOfRevenue": "17200000", "costofGoodsAndServicesSold": "17200000", "operatingIncome": "22296000", "sellingGeneralAndAdministrative": "21189000", "researchAndDevelopment": "0", "operatingExpenses": "24268000", "investmentIncomeNet": "None", "netInterestIncome": "None", "interestIncome": "None", "interestExpense": "0", "nonInterestIncome": "None", "otherNonOperatingIncome": "None", "depreciation": "None", "depreciationAndAmortization": "1799000", "incomeBeforeTax": "22296000", "incomeTaxExpense": "8852000", "interestAndDebtExpense": "None", "netIncomeFromContinuingOperations": "13444000", "comprehensiveIncomeNetOfTax": "None", "ebit": "22296000", "ebitda": "24095000", "netIncome": "13444000"}, {"fiscalDateEnding": "2011-06-30", "reportedCurrency": "USD", "grossProfit": "27255000", "totalRevenue": "45791000", "costOfRevenue": "18536000", "costofGoodsAndServicesSold": "18536000", "operatingIncome": "19905000", "sellingGeneralAndAdministrative": "23011000", "researchAndDevelopment": "0", "operatingExpenses": "25886000", "investmentIncomeNet": "None", "netInterestIncome": "None", "interestIncome": "None", "interestExpense": "0", "nonInterestIncome": "None", "otherNonOperatingIncome": "None", "depreciation": "None", "depreciationAndAmortization": "1627000", "incomeBeforeTax": "19905000", "incomeTaxExpense": "7968000", "interestAndDebtExpense": "None", "netIncomeFromContinuingOperations": "11937000", "comprehensiveIncomeNetOfTax": "None", "ebit": "19905000", "ebitda": "21532000", "netIncome": "11937000"}, {"fiscalDateEnding": "2011-03-31", "reportedCurrency": "USD", "grossProfit": "24075000", "totalRevenue": "43609000", "costOfRevenue": "19534000", "costofGoodsAndServicesSold": "19534000", "operatingIncome": "17666000", "sellingGeneralAndAdministrative": "23407000", "researchAndDevelopment": "0", "operatingExpenses": "25943000", "investmentIncomeNet": "None", "netInterestIncome": "None", "interestIncome": "None", "interestExpense": "0", "nonInterestIncome": "None", "otherNonOperatingIncome": "None", "depreciation": "None", "depreciationAndAmortization": "1562000", "incomeBeforeTax": "17666000", "incomeTaxExpense": "6886000", "interestAndDebtExpense": "None", "netIncomeFromContinuingOperations": "0", "comprehensiveIncomeNetOfTax": "None", "ebit": "17666000", "ebitda": "19228000", "netIncome": "10780000"}, {"fiscalDateEnding": "2010-12-31", "reportedCurrency": "USD", "grossProfit": "-36326000", "totalRevenue": "38605000", "costOfRevenue": "74931000", "costofGoodsAndServicesSold": "74931000", "operatingIncome": "14445000", "sellingGeneralAndAdministrative": "53332000", "researchAndDevelopment": "0", "operatingExpenses": "-50771000", "investmentIncomeNet": "None", "netInterestIncome": "None", "interestIncome": "None", "interestExpense": "0", "nonInterestIncome": "None", "otherNonOperatingIncome": "None", "depreciation": "None", "depreciationAndAmortization": "1552000", "incomeBeforeTax": "14445000", "incomeTaxExpense": "5498000", "interestAndDebtExpense": "None", "netIncomeFromContinuingOperations": "0", "comprehensiveIncomeNetOfTax": "None", "ebit": "14445000", "ebitda": "15997000", "netIncome": "8947000"}, {"fiscalDateEnding": "2010-09-30", "reportedCurrency": "USD", "grossProfit": "19838000", "totalRevenue": "37413000", "costOfRevenue": "17575000", "costofGoodsAndServicesSold": "17575000", "operatingIncome": "13524000", "sellingGeneralAndAdministrative": "21650000", "researchAndDevelopment": "0", "operatingExpenses": "23889000", "investmentIncomeNet": "None", "netInterestIncome": "None", "interestIncome": "None", "interestExpense": "0", "nonInterestIncome": "None", "otherNonOperatingIncome": "None", "depreciation": "None", "depreciationAndAmortization": "1560000", "incomeBeforeTax": "13524000", "incomeTaxExpense": "4913000", "interestAndDebtExpense": "None", "netIncomeFromContinuingOperations": "0", "comprehensiveIncomeNetOfTax": "None", "ebit": "13524000", "ebitda": "15084000", "netIncome": "8611000"}, {"fiscalDateEnding": "2010-06-30", "reportedCurrency": "USD", "grossProfit": "18077000", "totalRevenue": "35326000", "costOfRevenue": "17249000", "costofGoodsAndServicesSold": "17249000", "operatingIncome": "11856000", "sellingGeneralAndAdministrative": "21089000", "researchAndDevelopment": "0", "operatingExpenses": "23470000", "investmentIncomeNet": "None", "netInterestIncome": "None", "interestIncome": "None", "interestExpense": "0", "nonInterestIncome": "None", "otherNonOperatingIncome": "None", "depreciation": "None", "depreciationAndAmortization": "1622000", "incomeBeforeTax": "11856000", "incomeTaxExpense": "4687000", "interestAndDebtExpense": "None", "netIncomeFromContinuingOperations": "0", "comprehensiveIncomeNetOfTax": "None", "ebit": "11856000", "ebitda": "13478000", "netIncome": "7169000"}, {"fiscalDateEnding": "2010-03-31", "reportedCurrency": "USD", "grossProfit": "17596000", "totalRevenue": "34884000", "costOfRevenue": "17288000", "costofGoodsAndServicesSold": "17288000", "operatingIncome": "11085000", "sellingGeneralAndAdministrative": "21555000", "researchAndDevelopment": "0", "operatingExpenses": "23799000", "investmentIncomeNet": "None", "netInterestIncome": "None", "interestIncome": "None", "interestExpense": "0", "nonInterestIncome": "None", "otherNonOperatingIncome": "None", "depreciation": "None", "depreciationAndAmortization": "1616000", "incomeBeforeTax": "11085000", "incomeTaxExpense": "4384000", "interestAndDebtExpense": "None", "netIncomeFromContinuingOperations": "0", "comprehensiveIncomeNetOfTax": "None", "ebit": "11085000", "ebitda": "12701000", "netIncome": "6701000"}, {"fiscalDateEnding": "2009-12-31", "reportedCurrency": "USD", "grossProfit": "-27880000", "totalRevenue": "33959000", "costOfRevenue": "61839000", "costofGoodsAndServicesSold": "61839000", "operatingIncome": "11039000", "sellingGeneralAndAdministrative": "20376000", "researchAndDevelopment": "0", "operatingExpenses": "22920000", "investmentIncomeNet": "None", "netInterestIncome": "None", "interestIncome": "None", "interestExpense": "0", "nonInterestIncome": "None", "otherNonOperatingIncome": "None", "depreciation": "None", "depreciationAndAmortization": "1666000", "incomeBeforeTax": "11039000", "incomeTaxExpense": "5603000", "interestAndDebtExpense": "None", "netIncomeFromContinuingOperations": "0", "comprehensiveIncomeNetOfTax": "None", "ebit": "11039000", "ebitda": "12705000", "netIncome": "5436000"}, {"fiscalDateEnding": "2009-09-30", "reportedCurrency": "USD", "grossProfit": "14147000", "totalRevenue": "30009000", "costOfRevenue": "15862000", "costofGoodsAndServicesSold": "15862000", "operatingIncome": "8543000", "sellingGeneralAndAdministrative": "19161000", "researchAndDevelopment": "0", "operatingExpenses": "21466000", "investmentIncomeNet": "None", "netInterestIncome": "None", "interestIncome": "None", "interestExpense": "0", "nonInterestIncome": "None", "otherNonOperatingIncome": "None", "depreciation": "None", "depreciationAndAmortization": "1654000", "incomeBeforeTax": "8543000", "incomeTaxExpense": "3903000", "interestAndDebtExpense": "None", "netIncomeFromContinuingOperations": "0", "comprehensiveIncomeNetOfTax": "None", "ebit": "8543000", "ebitda": "10197000", "netIncome": "4640000"}, {"fiscalDateEnding": "2009-06-30", "reportedCurrency": "USD", "grossProfit": "11109000", "totalRevenue": "25839000", "costOfRevenue": "14730000", "costofGoodsAndServicesSold": "14730000", "operatingIncome": "5736000", "sellingGeneralAndAdministrative": "17716000", "researchAndDevelopment": "0", "operatingExpenses": "20103000", "investmentIncomeNet": "None", "netInterestIncome": "None", "interestIncome": "None", "interestExpense": "0", "nonInterestIncome": "None", "otherNonOperatingIncome": "None", "depreciation": "None", "depreciationAndAmortization": "1679000", "incomeBeforeTax": "5736000", "incomeTaxExpense": "2549000", "interestAndDebtExpense": "None", "netIncomeFromContinuingOperations": "0", "comprehensiveIncomeNetOfTax": "None", "ebit": "5736000", "ebitda": "7415000", "netIncome": "3187000"}, {"fiscalDateEnding": "2009-03-31", "reportedCurrency": "USD", "grossProfit": "10272000", "totalRevenue": "24632000", "costOfRevenue": "14360000", "costofGoodsAndServicesSold": "14360000", "operatingIncome": "4731000", "sellingGeneralAndAdministrative": "17465000", "researchAndDevelopment": "0", "operatingExpenses": "19901000", "investmentIncomeNet": "None", "netInterestIncome": "None", "interestIncome": "None", "interestExpense": "0", "nonInterestIncome": "None", "otherNonOperatingIncome": "None", "depreciation": "None", "depreciationAndAmortization": "1791000", "incomeBeforeTax": "4731000", "incomeTaxExpense": "1892000", "interestAndDebtExpense": "None", "netIncomeFromContinuingOperations": "0", "comprehensiveIncomeNetOfTax": "None", "ebit": "4731000", "ebitda": "6522000", "netIncome": "2839000"}, {"fiscalDateEnding": "2008-12-31", "reportedCurrency": "USD", "grossProfit": "15392000", "totalRevenue": "21828000", "costOfRevenue": "6436000", "costofGoodsAndServicesSold": "6436000", "operatingIncome": "3012000", "sellingGeneralAndAdministrative": "16158000", "researchAndDevelopment": "0", "operatingExpenses": "18816000", "investmentIncomeNet": "None", "netInterestIncome": "None", "interestIncome": "None", "interestExpense": "0", "nonInterestIncome": "None", "otherNonOperatingIncome": "None", "depreciation": "None", "depreciationAndAmortization": "1789000", "incomeBeforeTax": "3012000", "incomeTaxExpense": "1076000", "interestAndDebtExpense": "None", "netIncomeFromContinuingOperations": "0", "comprehensiveIncomeNetOfTax": "None", "ebit": "3012000", "ebitda": "4801000", "netIncome": "1936000"}, {"fiscalDateEnding": "2008-09-30", "reportedCurrency": "USD", "grossProfit": "8841000", "totalRevenue": "22681000", "costOfRevenue": "13840000", "costofGoodsAndServicesSold": "13840000", "operatingIncome": "2098000", "sellingGeneralAndAdministrative": "1781000", "researchAndDevelopment": "0", "operatingExpenses": "20583000", "investmentIncomeNet": "None", "netInterestIncome": "None", "interestIncome": "None", "interestExpense": "0", "nonInterestIncome": "None", "otherNonOperatingIncome": "None", "depreciation": "None", "depreciationAndAmortization": "2494000", "incomeBeforeTax": "2098000", "incomeTaxExpense": "579000", "interestAndDebtExpense": "None", "netIncomeFromContinuingOperations": "0", "comprehensiveIncomeNetOfTax": "None", "ebit": "2098000", "ebitda": "4592000", "netIncome": "1519000"}, {"fiscalDateEnding": "2008-06-30", "reportedCurrency": "USD", "grossProfit": "11274000", "totalRevenue": "25637000", "costOfRevenue": "14363000", "costofGoodsAndServicesSold": "14363000", "operatingIncome": "4759000", "sellingGeneralAndAdministrative": "1495000", "researchAndDevelopment": "0", "operatingExpenses": "20878000", "investmentIncomeNet": "None", "netInterestIncome": "None", "interestIncome": "None", "interestExpense": "0", "nonInterestIncome": "None", "otherNonOperatingIncome": "None", "depreciation": "None", "depreciationAndAmortization": "1816000", "incomeBeforeTax": "4759000", "incomeTaxExpense": "1911000", "interestAndDebtExpense": "None", "netIncomeFromContinuingOperations": "0", "comprehensiveIncomeNetOfTax": "None", "ebit": "4759000", "ebitda": "6575000", "netIncome": "2848000"}, {"fiscalDateEnding": "2008-03-31", "reportedCurrency": "USD", "grossProfit": "9048000", "totalRevenue": "22939000", "costOfRevenue": "13891000", "costofGoodsAndServicesSold": "13891000", "operatingIncome": "2964000", "sellingGeneralAndAdministrative": "3721000", "researchAndDevelopment": "0", "operatingExpenses": "19975000", "investmentIncomeNet": "None", "netInterestIncome": "None", "interestIncome": "None", "interestExpense": "0", "nonInterestIncome": "None", "otherNonOperatingIncome": "None", "depreciation": "None", "depreciationAndAmortization": "1780000", "incomeBeforeTax": "2964000", "incomeTaxExpense": "1368000", "interestAndDebtExpense": "None", "netIncomeFromContinuingOperations": "0", "comprehensiveIncomeNetOfTax": "None", "ebit": "2964000", "ebitda": "4744000", "netIncome": "1596000"}, {"fiscalDateEnding": "2007-12-31", "reportedCurrency": "USD", "grossProfit": "39854000", "totalRevenue": "22376000", "costOfRevenue": "-17478000", "costofGoodsAndServicesSold": "-17478000", "operatingIncome": "3100000", "sellingGeneralAndAdministrative": "9546000", "researchAndDevelopment": "0", "operatingExpenses": "19276000", "investmentIncomeNet": "None", "netInterestIncome": "None", "interestIncome": "None", "interestExpense": "0", "nonInterestIncome": "None", "otherNonOperatingIncome": "None", "depreciation": "None", "depreciationAndAmortization": "1694000", "incomeBeforeTax": "3100000", "incomeTaxExpense": "1192000", "interestAndDebtExpense": "None", "netIncomeFromContinuingOperations": "0", "comprehensiveIncomeNetOfTax": "None", "ebit": "3100000", "ebitda": "4794000", "netIncome": "1908000"}, {"fiscalDateEnding": "2007-09-30", "reportedCurrency": "USD", "grossProfit": "22198000", "totalRevenue": "22198000", "costOfRevenue": "16869000", "costofGoodsAndServicesSold": "16869000", "operatingIncome": "3643000", "sellingGeneralAndAdministrative": "1481000", "researchAndDevelopment": "0", "operatingExpenses": "18555000", "investmentIncomeNet": "None", "netInterestIncome": "None", "interestIncome": "None", "interestExpense": "0", "nonInterestIncome": "None", "otherNonOperatingIncome": "None", "depreciation": "None", "depreciationAndAmortization": "1686000", "incomeBeforeTax": "3643000", "incomeTaxExpense": "1233000", "interestAndDebtExpense": "None", "netIncomeFromContinuingOperations": "0", "comprehensiveIncomeNetOfTax": "None", "ebit": "3643000", "ebitda": "5329000", "netIncome": "2410000"}, {"fiscalDateEnding": "2007-06-30", "reportedCurrency": "USD", "grossProfit": "11554000", "totalRevenue": "25304000", "costOfRevenue": "13750000", "costofGoodsAndServicesSold": "13750000", "operatingIncome": "6039000", "sellingGeneralAndAdministrative": "1320000", "researchAndDevelopment": "0", "operatingExpenses": "19265000", "investmentIncomeNet": "None", "netInterestIncome": "None", "interestIncome": "None", "interestExpense": "0", "nonInterestIncome": "None", "otherNonOperatingIncome": "None", "depreciation": "None", "depreciationAndAmortization": "1879000", "incomeBeforeTax": "6039000", "incomeTaxExpense": "2487000", "interestAndDebtExpense": "None", "netIncomeFromContinuingOperations": "0", "comprehensiveIncomeNetOfTax": "None", "ebit": "6039000", "ebitda": "7918000", "netIncome": "3552000"}, {"fiscalDateEnding": "2007-03-31", "reportedCurrency": "USD", "grossProfit": "9750000", "totalRevenue": "23765000", "costOfRevenue": "14015000", "costofGoodsAndServicesSold": "14015000", "operatingIncome": "4469000", "sellingGeneralAndAdministrative": "1181000", "researchAndDevelopment": "0", "operatingExpenses": "19296000", "investmentIncomeNet": "None", "netInterestIncome": "None", "interestIncome": "None", "interestExpense": "0", "nonInterestIncome": "None", "otherNonOperatingIncome": "None", "depreciation": "None", "depreciationAndAmortization": "1911000", "incomeBeforeTax": "4469000", "incomeTaxExpense": "2019000", "interestAndDebtExpense": "None", "netIncomeFromContinuingOperations": "0", "comprehensiveIncomeNetOfTax": "None", "ebit": "4469000", "ebitda": "6380000", "netIncome": "2450000"}, {"fiscalDateEnding": "2006-12-31", "reportedCurrency": "USD", "grossProfit": "33534000", "totalRevenue": "22080000", "costOfRevenue": "-11454000", "costofGoodsAndServicesSold": "-11454000", "operatingIncome": "3589000", "sellingGeneralAndAdministrative": "12407000", "researchAndDevelopment": "0", "operatingExpenses": "18491000", "investmentIncomeNet": "None", "netInterestIncome": "None", "interestIncome": "None", "interestExpense": "0", "nonInterestIncome": "None", "otherNonOperatingIncome": "None", "depreciation": "None", "depreciationAndAmortization": "1703000", "incomeBeforeTax": "3589000", "incomeTaxExpense": "1351000", "interestAndDebtExpense": "None", "netIncomeFromContinuingOperations": "0", "comprehensiveIncomeNetOfTax": "None", "ebit": "3589000", "ebitda": "5292000", "netIncome": "2238000"}, {"fiscalDateEnding": "2006-09-30", "reportedCurrency": "USD", "grossProfit": "8335000", "totalRevenue": "20774000", "costOfRevenue": "12439000", "costofGoodsAndServicesSold": "12439000", "operatingIncome": "2230000", "sellingGeneralAndAdministrative": "2181000", "researchAndDevelopment": "0", "operatingExpenses": "18544000", "investmentIncomeNet": "None", "netInterestIncome": "None", "interestIncome": "None", "interestExpense": "0", "nonInterestIncome": "None", "otherNonOperatingIncome": "None", "depreciation": "None", "depreciationAndAmortization": "1703000", "incomeBeforeTax": "2230000", "incomeTaxExpense": "933000", "interestAndDebtExpense": "None", "netIncomeFromContinuingOperations": "0", "comprehensiveIncomeNetOfTax": "None", "ebit": "2230000", "ebitda": "3933000", "netIncome": "1297000"}, {"fiscalDateEnding": "2006-06-30", "reportedCurrency": "USD", "grossProfit": "7833000", "totalRevenue": "20122000", "costOfRevenue": "12289000", "costofGoodsAndServicesSold": "12289000", "operatingIncome": "1386000", "sellingGeneralAndAdministrative": "1845000", "researchAndDevelopment": "0", "operatingExpenses": "18736000", "investmentIncomeNet": "None", "netInterestIncome": "None", "interestIncome": "None", "interestExpense": "0", "nonInterestIncome": "None", "otherNonOperatingIncome": "None", "depreciation": "None", "depreciationAndAmortization": "1637000", "incomeBeforeTax": "1386000", "incomeTaxExpense": "586000", "interestAndDebtExpense": "None", "netIncomeFromContinuingOperations": "0", "comprehensiveIncomeNetOfTax": "None", "ebit": "1386000", "ebitda": "3023000", "netIncome": "800000"}, {"fiscalDateEnding": "2006-03-31", "reportedCurrency": "USD", "grossProfit": "8005000", "totalRevenue": "20340000", "costOfRevenue": "12335000", "costofGoodsAndServicesSold": "12335000", "operatingIncome": "1399000", "sellingGeneralAndAdministrative": "4543000", "researchAndDevelopment": "0", "operatingExpenses": "18941000", "investmentIncomeNet": "None", "netInterestIncome": "None", "interestIncome": "None", "interestExpense": "0", "nonInterestIncome": "None", "otherNonOperatingIncome": "None", "depreciation": "None", "depreciationAndAmortization": "1685000", "incomeBeforeTax": "1399000", "incomeTaxExpense": "313000", "interestAndDebtExpense": "None", "netIncomeFromContinuingOperations": "0", "comprehensiveIncomeNetOfTax": "None", "ebit": "1399000", "ebitda": "3084000", "netIncome": "1086000"}, {"fiscalDateEnding": "2005-12-31", "reportedCurrency": "USD", "grossProfit": "34671000", "totalRevenue": "18882000", "costOfRevenue": "-15789000", "costofGoodsAndServicesSold": "-15789000", "operatingIncome": "1632000", "sellingGeneralAndAdministrative": "15973000", "researchAndDevelopment": "0", "operatingExpenses": "17250000", "investmentIncomeNet": "None", "netInterestIncome": "None", "interestIncome": "None", "interestExpense": "0", "nonInterestIncome": "None", "otherNonOperatingIncome": "None", "depreciation": "None", "depreciationAndAmortization": "880000", "incomeBeforeTax": "1632000", "incomeTaxExpense": "-458000", "interestAndDebtExpense": "None", "netIncomeFromContinuingOperations": "0", "comprehensiveIncomeNetOfTax": "None", "ebit": "1632000", "ebitda": "2512000", "netIncome": "2090000"}, {"fiscalDateEnding": "2005-09-30", "reportedCurrency": "USD", "grossProfit": "7756000", "totalRevenue": "19088000", "costOfRevenue": "11332000", "costofGoodsAndServicesSold": "11332000", "operatingIncome": "1741000", "sellingGeneralAndAdministrative": "4337000", "researchAndDevelopment": "0", "operatingExpenses": "17347000", "investmentIncomeNet": "None", "netInterestIncome": "None", "interestIncome": "None", "interestExpense": "0", "nonInterestIncome": "None", "otherNonOperatingIncome": "None", "depreciation": "None", "depreciationAndAmortization": "1634000", "incomeBeforeTax": "1741000", "incomeTaxExpense": "570000", "interestAndDebtExpense": "None", "netIncomeFromContinuingOperations": "0", "comprehensiveIncomeNetOfTax": "None", "ebit": "1282000", "ebitda": "2916000", "netIncome": "1171000"}, {"fiscalDateEnding": "2005-06-30", "reportedCurrency": "USD", "grossProfit": "8446000", "totalRevenue": "19282000", "costOfRevenue": "10836000", "costofGoodsAndServicesSold": "10836000", "operatingIncome": "2815000", "sellingGeneralAndAdministrative": "3958000", "researchAndDevelopment": "0", "operatingExpenses": "16467000", "investmentIncomeNet": "None", "netInterestIncome": "None", "interestIncome": "None", "interestExpense": "0", "nonInterestIncome": "None", "otherNonOperatingIncome": "None", "depreciation": "None", "depreciationAndAmortization": "1084000", "incomeBeforeTax": "2815000", "incomeTaxExpense": "991000", "interestAndDebtExpense": "None", "netIncomeFromContinuingOperations": "0", "comprehensiveIncomeNetOfTax": "None", "ebit": "2815000", "ebitda": "3899000", "netIncome": "1824000"}, {"fiscalDateEnding": "2005-03-31", "reportedCurrency": "USD", "grossProfit": "10222000", "totalRevenue": "21308000", "costOfRevenue": "11086000", "costofGoodsAndServicesSold": "11086000", "operatingIncome": "5373000", "sellingGeneralAndAdministrative": "3198000", "researchAndDevelopment": "0", "operatingExpenses": "15935000", "investmentIncomeNet": "None", "netInterestIncome": "None", "interestIncome": "None", "interestExpense": "0", "nonInterestIncome": "None", "otherNonOperatingIncome": "None", "depreciation": "None", "depreciationAndAmortization": "1008000", "incomeBeforeTax": "5373000", "incomeTaxExpense": "2316000", "interestAndDebtExpense": "None", "netIncomeFromContinuingOperations": "0", "comprehensiveIncomeNetOfTax": "None", "ebit": "5373000", "ebitda": "6381000", "netIncome": "3057000"}, {"fiscalDateEnding": "2004-12-31", "reportedCurrency": "USD", "grossProfit": "36708251", "totalRevenue": "19673285", "costOfRevenue": "-17034966", "costofGoodsAndServicesSold": "-17034966", "operatingIncome": "-55931648", "sellingGeneralAndAdministrative": "20606199", "researchAndDevelopment": "0", "operatingExpenses": "75604933", "investmentIncomeNet": "None", "netInterestIncome": "None", "interestIncome": "None", "interestExpense": "0", "nonInterestIncome": "None", "otherNonOperatingIncome": "None", "depreciation": "None", "depreciationAndAmortization": "983809", "incomeBeforeTax": "5078234", "incomeTaxExpense": "2477773", "interestAndDebtExpense": "None", "netIncomeFromContinuingOperations": "0", "comprehensiveIncomeNetOfTax": "None", "ebit": "-55931648", "ebitda": "-54947839", "netIncome": "2600461"}]}