{"symbol": "VTR", "annualReports": [{"fiscalDateEnding": "2024-12-31", "reportedCurrency": "USD", "grossProfit": "2097197000", "totalRevenue": "4924266000", "costOfRevenue": "2827069000", "costofGoodsAndServicesSold": "2827069000", "operatingIncome": "681230000", "sellingGeneralAndAdministrative": "162990000", "researchAndDevelopment": "None", "operatingExpenses": "1415967000", "investmentIncomeNet": "None", "netInterestIncome": "-602835000", "interestIncome": "None", "interestExpense": "602835000", "nonInterestIncome": "None", "otherNonOperatingIncome": "None", "depreciation": "None", "depreciationAndAmortization": "1283286000", "incomeBeforeTax": "50576000", "incomeTaxExpense": "-37775000", "interestAndDebtExpense": "None", "netIncomeFromContinuingOperations": "88351000", "comprehensiveIncomeNetOfTax": "None", "ebit": "653411000", "ebitda": "1936697000", "netIncome": "81153000"}, {"fiscalDateEnding": "2023-12-31", "reportedCurrency": "USD", "grossProfit": "770720000", "totalRevenue": "4497827000", "costOfRevenue": "3727107000", "costofGoodsAndServicesSold": "3727107000", "operatingIncome": "665115000", "sellingGeneralAndAdministrative": "148876000", "researchAndDevelopment": "0.02", "operatingExpenses": "1936581000", "investmentIncomeNet": "None", "netInterestIncome": "-574112000", "interestIncome": "None", "interestExpense": "574112000", "nonInterestIncome": "None", "otherNonOperatingIncome": "None", "depreciation": "None", "depreciationAndAmortization": "1165861000", "incomeBeforeTax": "-39836000", "incomeTaxExpense": "-9539000", "interestAndDebtExpense": "None", "netIncomeFromContinuingOperations": "-30297000", "comprehensiveIncomeNetOfTax": "None", "ebit": "665115000", "ebitda": "1830976000", "netIncome": "-40973000"}, {"fiscalDateEnding": "2022-12-31", "reportedCurrency": "USD", "grossProfit": "1846275000", "totalRevenue": "4129193000", "costOfRevenue": "2282918000", "costofGoodsAndServicesSold": "2282918000", "operatingIncome": "454078000", "sellingGeneralAndAdministrative": "144874000", "researchAndDevelopment": "0.01", "operatingExpenses": "1362429000", "investmentIncomeNet": "None", "netInterestIncome": "-467557000", "interestIncome": "439057000", "interestExpense": "467557000", "nonInterestIncome": "None", "otherNonOperatingIncome": "8361000", "depreciation": "None", "depreciationAndAmortization": "3595815000", "incomeBeforeTax": "-57857000", "incomeTaxExpense": "-16926000", "interestAndDebtExpense": "None", "netIncomeFromContinuingOperations": "-40931000", "comprehensiveIncomeNetOfTax": "None", "ebit": "-1943939000", "ebitda": "1651876000", "netIncome": "-40931000"}, {"fiscalDateEnding": "2021-12-31", "reportedCurrency": "USD", "grossProfit": "1739510000", "totalRevenue": "3828007000", "costOfRevenue": "2088497000", "costofGoodsAndServicesSold": "2088497000", "operatingIncome": "389304000", "sellingGeneralAndAdministrative": "129758000", "researchAndDevelopment": "0.02", "operatingExpenses": "1318079000", "investmentIncomeNet": "None", "netInterestIncome": "-440089000", "interestIncome": "435106000", "interestExpense": "440089000", "nonInterestIncome": "None", "otherNonOperatingIncome": "278087000", "depreciation": "None", "depreciationAndAmortization": "3224286000", "incomeBeforeTax": "61386000", "incomeTaxExpense": "4827000", "interestAndDebtExpense": "None", "netIncomeFromContinuingOperations": "56559000", "comprehensiveIncomeNetOfTax": "None", "ebit": "-1619870000", "ebitda": "1604416000", "netIncome": "49008000"}, {"fiscalDateEnding": "2020-12-31", "reportedCurrency": "USD", "grossProfit": "1855599000", "totalRevenue": "3795357000", "costOfRevenue": "1939758000", "costofGoodsAndServicesSold": "1939758000", "operatingIncome": "592577000", "sellingGeneralAndAdministrative": "130158000", "researchAndDevelopment": "0.09", "operatingExpenses": "1264159000", "investmentIncomeNet": "None", "netInterestIncome": "-461932000", "interestIncome": "7609000", "interestExpense": "469541000", "nonInterestIncome": "None", "otherNonOperatingIncome": "273009000", "depreciation": "None", "depreciationAndAmortization": "3050824000", "incomeBeforeTax": "344651000", "incomeTaxExpense": "-96534000", "interestAndDebtExpense": "None", "netIncomeFromContinuingOperations": "441185000", "comprehensiveIncomeNetOfTax": "None", "ebit": "-1327765000", "ebitda": "1723059000", "netIncome": "439149000"}, {"fiscalDateEnding": "2019-12-31", "reportedCurrency": "USD", "grossProfit": "2062223000", "totalRevenue": "3872750000", "costOfRevenue": "1810527000", "costofGoodsAndServicesSold": "1810527000", "operatingIncome": "865762000", "sellingGeneralAndAdministrative": "165996000", "researchAndDevelopment": "0.10", "operatingExpenses": "1211616000", "investmentIncomeNet": "None", "netInterestIncome": "-440678000", "interestIncome": "10984000", "interestExpense": "451662000", "nonInterestIncome": "None", "otherNonOperatingIncome": "50313000", "depreciation": "None", "depreciationAndAmortization": "2870934000", "incomeBeforeTax": "382987000", "incomeTaxExpense": "-56310000", "interestAndDebtExpense": "None", "netIncomeFromContinuingOperations": "439297000", "comprehensiveIncomeNetOfTax": "None", "ebit": "-936567000", "ebitda": "1934367000", "netIncome": "433016000"}, {"fiscalDateEnding": "2018-12-31", "reportedCurrency": "USD", "grossProfit": "2054512000", "totalRevenue": "3745810000", "costOfRevenue": "1691298000", "costofGoodsAndServicesSold": "1691298000", "operatingIncome": "861089000", "sellingGeneralAndAdministrative": "151982000", "researchAndDevelopment": "0.10", "operatingExpenses": "1071621000", "investmentIncomeNet": "None", "netInterestIncome": "-417605000", "interestIncome": "24892000", "interestExpense": "442497000", "nonInterestIncome": "None", "otherNonOperatingIncome": "104501000", "depreciation": "None", "depreciationAndAmortization": "2800187000", "incomeBeforeTax": "376038000", "incomeTaxExpense": "-39953000", "interestAndDebtExpense": "None", "netIncomeFromContinuingOperations": "415991000", "comprehensiveIncomeNetOfTax": "None", "ebit": "-1000573000", "ebitda": "1799614000", "netIncome": "409467000"}, {"fiscalDateEnding": "2017-12-31", "reportedCurrency": "USD", "grossProfit": "2087686000", "totalRevenue": "3574149000", "costOfRevenue": "1486463000", "costofGoodsAndServicesSold": "1486463000", "operatingIncome": "622086000", "sellingGeneralAndAdministrative": "135490000", "researchAndDevelopment": "0.36", "operatingExpenses": "1023438000", "investmentIncomeNet": "None", "netInterestIncome": "-442162000", "interestIncome": "6034000", "interestExpense": "448196000", "nonInterestIncome": "None", "otherNonOperatingIncome": "754000", "depreciation": "None", "depreciationAndAmortization": "2497053000", "incomeBeforeTax": "584150000", "incomeTaxExpense": "-59799000", "interestAndDebtExpense": "None", "netIncomeFromContinuingOperations": "643949000", "comprehensiveIncomeNetOfTax": "None", "ebit": "-549412000", "ebitda": "1947641000", "netIncome": "1356470000"}, {"fiscalDateEnding": "2016-12-31", "reportedCurrency": "USD", "grossProfit": "2001449000", "totalRevenue": "3443522000", "costOfRevenue": "1442073000", "costofGoodsAndServicesSold": "1442073000", "operatingIncome": "556786000", "sellingGeneralAndAdministrative": "126875000", "researchAndDevelopment": "0.15", "operatingExpenses": "1025799000", "investmentIncomeNet": "None", "netInterestIncome": "-418864000", "interestIncome": "876000", "interestExpense": "419740000", "nonInterestIncome": "None", "otherNonOperatingIncome": "-2779000", "depreciation": "None", "depreciationAndAmortization": "2442660000", "incomeBeforeTax": "522866000", "incomeTaxExpense": "-31343000", "interestAndDebtExpense": "None", "netIncomeFromContinuingOperations": "554209000", "comprehensiveIncomeNetOfTax": "None", "ebit": "-492570000", "ebitda": "1950090000", "netIncome": "649231000"}, {"fiscalDateEnding": "2015-12-31", "reportedCurrency": "USD", "grossProfit": "1876193000", "totalRevenue": "3286398000", "costOfRevenue": "1410205000", "costofGoodsAndServicesSold": "1410205000", "operatingIncome": "834724000", "sellingGeneralAndAdministrative": "128035000", "researchAndDevelopment": "0", "operatingExpenses": "1022092000", "investmentIncomeNet": "None", "netInterestIncome": "None", "interestIncome": "368534000", "interestExpense": "367114000", "nonInterestIncome": "None", "otherNonOperatingIncome": "-14411000", "depreciation": "None", "depreciationAndAmortization": "979111000", "incomeBeforeTax": "350255000", "incomeTaxExpense": "-39284000", "interestAndDebtExpense": "None", "netIncomeFromContinuingOperations": "389539000", "comprehensiveIncomeNetOfTax": "None", "ebit": "834724000", "ebitda": "1813835000", "netIncome": "417843000"}, {"fiscalDateEnding": "2014-12-31", "reportedCurrency": "USD", "grossProfit": "1863556000", "totalRevenue": "3075746000", "costOfRevenue": "1212190000", "costofGoodsAndServicesSold": "1212190000", "operatingIncome": "875835000", "sellingGeneralAndAdministrative": "121746000", "researchAndDevelopment": "0", "operatingExpenses": "948657000", "investmentIncomeNet": "None", "netInterestIncome": "None", "interestIncome": "None", "interestExpense": "376842000", "nonInterestIncome": "None", "otherNonOperatingIncome": "-65000000", "depreciation": "None", "depreciationAndAmortization": "828155000", "incomeBeforeTax": "448378000", "incomeTaxExpense": "-8732000", "interestAndDebtExpense": "None", "netIncomeFromContinuingOperations": "457110000", "comprehensiveIncomeNetOfTax": "None", "ebit": "875835000", "ebitda": "1703990000", "netIncome": "475767000"}, {"fiscalDateEnding": "2013-12-31", "reportedCurrency": "USD", "grossProfit": "1692106000", "totalRevenue": "2810053000", "costOfRevenue": "1117947000", "costofGoodsAndServicesSold": "1117947000", "operatingIncome": "835801000", "sellingGeneralAndAdministrative": "115106000", "researchAndDevelopment": "0", "operatingExpenses": "837065000", "investmentIncomeNet": "None", "netInterestIncome": "None", "interestIncome": "None", "interestExpense": "334484000", "nonInterestIncome": "None", "otherNonOperatingIncome": "-1201000", "depreciation": "None", "depreciationAndAmortization": "753136000", "incomeBeforeTax": "478482000", "incomeTaxExpense": "-11828000", "interestAndDebtExpense": "None", "netIncomeFromContinuingOperations": "490310000", "comprehensiveIncomeNetOfTax": "None", "ebit": "835801000", "ebitda": "1588937000", "netIncome": "453509000"}, {"fiscalDateEnding": "2012-12-31", "reportedCurrency": "USD", "grossProfit": "1506074000", "totalRevenue": "2485299000", "costOfRevenue": "979225000", "costofGoodsAndServicesSold": "979225000", "operatingIncome": "693639000", "sellingGeneralAndAdministrative": "98801000", "researchAndDevelopment": "0", "operatingExpenses": "824782000", "investmentIncomeNet": "None", "netInterestIncome": "None", "interestIncome": "None", "interestExpense": "293401000", "nonInterestIncome": "None", "otherNonOperatingIncome": "-19486000", "depreciation": "None", "depreciationAndAmortization": "724832000", "incomeBeforeTax": "298266000", "incomeTaxExpense": "-6282000", "interestAndDebtExpense": "None", "netIncomeFromContinuingOperations": "304548000", "comprehensiveIncomeNetOfTax": "None", "ebit": "693639000", "ebitda": "1418471000", "netIncome": "362800000"}, {"fiscalDateEnding": "2011-12-31", "reportedCurrency": "USD", "grossProfit": "1086348000", "totalRevenue": "1764991000", "costOfRevenue": "678643000", "costofGoodsAndServicesSold": "678643000", "operatingIncome": "51169000", "sellingGeneralAndAdministrative": "74537000", "researchAndDevelopment": "0", "operatingExpenses": "365125000", "investmentIncomeNet": "None", "netInterestIncome": "None", "interestIncome": "None", "interestExpense": "236807000", "nonInterestIncome": "None", "otherNonOperatingIncome": "None", "depreciation": "None", "depreciationAndAmortization": "459704000", "incomeBeforeTax": "330441000", "incomeTaxExpense": "-31137000", "interestAndDebtExpense": "None", "netIncomeFromContinuingOperations": "None", "comprehensiveIncomeNetOfTax": "None", "ebit": "541057000", "ebitda": "1000761000", "netIncome": "364493000"}, {"fiscalDateEnding": "2010-12-31", "reportedCurrency": "USD", "grossProfit": "691396000", "totalRevenue": "1016867000", "costOfRevenue": "325471000", "costofGoodsAndServicesSold": "325471000", "operatingIncome": "52215000", "sellingGeneralAndAdministrative": "49830000", "researchAndDevelopment": "None", "operatingExpenses": "265221000", "investmentIncomeNet": "None", "netInterestIncome": "None", "interestIncome": "None", "interestExpense": "178863000", "nonInterestIncome": "None", "otherNonOperatingIncome": "-10727000", "depreciation": "None", "depreciationAndAmortization": "214707000", "incomeBeforeTax": "227133000", "incomeTaxExpense": "5201000", "interestAndDebtExpense": "None", "netIncomeFromContinuingOperations": "221932000", "comprehensiveIncomeNetOfTax": "None", "ebit": "394788000", "ebitda": "609495000", "netIncome": "246167000"}, {"fiscalDateEnding": "2009-12-31", "reportedCurrency": "USD", "grossProfit": "628762000", "totalRevenue": "931575000", "costOfRevenue": "302813000", "costofGoodsAndServicesSold": "302813000", "operatingIncome": "208123000", "sellingGeneralAndAdministrative": "38830000", "researchAndDevelopment": "0", "operatingExpenses": "244491000", "investmentIncomeNet": "None", "netInterestIncome": "None", "interestIncome": "None", "interestExpense": "176990000", "nonInterestIncome": "None", "otherNonOperatingIncome": "None", "depreciation": "None", "depreciationAndAmortization": "207611000", "incomeBeforeTax": "194266000", "incomeTaxExpense": "-1719000", "interestAndDebtExpense": "None", "netIncomeFromContinuingOperations": "None", "comprehensiveIncomeNetOfTax": "None", "ebit": "371256000", "ebitda": "578867000", "netIncome": "266495000"}, {"fiscalDateEnding": "2008-12-31", "reportedCurrency": "USD", "grossProfit": "622822000", "totalRevenue": "929766000", "costOfRevenue": "306944000", "costofGoodsAndServicesSold": "306944000", "operatingIncome": "145285000", "sellingGeneralAndAdministrative": "36425000", "researchAndDevelopment": "None", "operatingExpenses": "274353000", "investmentIncomeNet": "None", "netInterestIncome": "None", "interestIncome": "None", "interestExpense": "203184000", "nonInterestIncome": "None", "otherNonOperatingIncome": "None", "depreciation": "None", "depreciationAndAmortization": "235719000", "incomeBeforeTax": "145285000", "incomeTaxExpense": "-15885000", "interestAndDebtExpense": "None", "netIncomeFromContinuingOperations": "None", "comprehensiveIncomeNetOfTax": "None", "ebit": "348469000", "ebitda": "584188000", "netIncome": "226288000"}, {"fiscalDateEnding": "2007-12-31", "reportedCurrency": "USD", "grossProfit": "573666000", "totalRevenue": "771791000", "costOfRevenue": "198125000", "costofGoodsAndServicesSold": "198125000", "operatingIncome": "126324000", "sellingGeneralAndAdministrative": "36425000", "researchAndDevelopment": "None", "operatingExpenses": "246118000", "investmentIncomeNet": "None", "netInterestIncome": "None", "interestIncome": "None", "interestExpense": "204218000", "nonInterestIncome": "None", "otherNonOperatingIncome": "None", "depreciation": "None", "depreciationAndAmortization": "237501000", "incomeBeforeTax": "120351000", "incomeTaxExpense": "-28042000", "interestAndDebtExpense": "None", "netIncomeFromContinuingOperations": "None", "comprehensiveIncomeNetOfTax": "None", "ebit": "312096000", "ebitda": "549597000", "netIncome": "282318000"}, {"fiscalDateEnding": "2006-12-31", "reportedCurrency": "USD", "grossProfit": "418449000", "totalRevenue": "418449000", "costOfRevenue": "148960000", "costofGoodsAndServicesSold": "148960000", "operatingIncome": "125422000", "sellingGeneralAndAdministrative": "26136000", "researchAndDevelopment": "None", "operatingExpenses": "154552000", "investmentIncomeNet": "None", "netInterestIncome": "None", "interestIncome": "None", "interestExpense": "136544000", "nonInterestIncome": "None", "otherNonOperatingIncome": "None", "depreciation": "None", "depreciationAndAmortization": "119653000", "incomeBeforeTax": "130583000", "incomeTaxExpense": "132467000", "interestAndDebtExpense": "None", "netIncomeFromContinuingOperations": "None", "comprehensiveIncomeNetOfTax": "None", "ebit": "279389000", "ebitda": "399042000", "netIncome": "131430000"}, {"fiscalDateEnding": "2005-12-31", "reportedCurrency": "USD", "grossProfit": "324719000", "totalRevenue": "324719000", "costOfRevenue": "115499000", "costofGoodsAndServicesSold": "115499000", "operatingIncome": "100220000", "sellingGeneralAndAdministrative": "23104000", "researchAndDevelopment": "None", "operatingExpenses": "100609000", "investmentIncomeNet": "None", "netInterestIncome": "None", "interestIncome": "None", "interestExpense": "0", "nonInterestIncome": "None", "otherNonOperatingIncome": "None", "depreciation": "None", "depreciationAndAmortization": "88002000", "incomeBeforeTax": "120900000", "incomeTaxExpense": "93527000", "interestAndDebtExpense": "None", "netIncomeFromContinuingOperations": "None", "comprehensiveIncomeNetOfTax": "None", "ebit": "224110000", "ebitda": "312112000", "netIncome": "130583000"}], "quarterlyReports": [{"fiscalDateEnding": "2024-12-31", "reportedCurrency": "USD", "grossProfit": "546000000", "totalRevenue": "1287057000", "costOfRevenue": "741057000", "costofGoodsAndServicesSold": "741057000", "operatingIncome": "195794000", "sellingGeneralAndAdministrative": "41434000", "researchAndDevelopment": "None", "operatingExpenses": "350206000", "investmentIncomeNet": "None", "netInterestIncome": "-153206000", "interestIncome": "None", "interestExpense": "153206000", "nonInterestIncome": "None", "otherNonOperatingIncome": "None", "depreciation": "None", "depreciationAndAmortization": "316568000", "incomeBeforeTax": "13188000", "incomeTaxExpense": "-45539000", "interestAndDebtExpense": "None", "netIncomeFromContinuingOperations": "58727000", "comprehensiveIncomeNetOfTax": "None", "ebit": "166394000", "ebitda": "482962000", "netIncome": "56835000"}, {"fiscalDateEnding": "2024-09-30", "reportedCurrency": "USD", "grossProfit": "521354000", "totalRevenue": "1236315000", "costOfRevenue": "714961000", "costofGoodsAndServicesSold": "714961000", "operatingIncome": "195415000", "sellingGeneralAndAdministrative": "35092000", "researchAndDevelopment": "None", "operatingExpenses": "521354000", "investmentIncomeNet": "None", "netInterestIncome": "-150437000", "interestIncome": "None", "interestExpense": "150437000", "nonInterestIncome": "None", "otherNonOperatingIncome": "None", "depreciation": "None", "depreciationAndAmortization": "286968000", "incomeBeforeTax": "23998000", "incomeTaxExpense": "3002000", "interestAndDebtExpense": "None", "netIncomeFromContinuingOperations": "20996000", "comprehensiveIncomeNetOfTax": "None", "ebit": "195415000", "ebitda": "482383000", "netIncome": "19243000"}, {"fiscalDateEnding": "2024-06-30", "reportedCurrency": "USD", "grossProfit": "224231000", "totalRevenue": "1200980000", "costOfRevenue": "976749000", "costofGoodsAndServicesSold": "976749000", "operatingIncome": "178418000", "sellingGeneralAndAdministrative": "37727000", "researchAndDevelopment": "None", "operatingExpenses": "377533000", "investmentIncomeNet": "None", "netInterestIncome": "-149259000", "interestIncome": "None", "interestExpense": "149259000", "nonInterestIncome": "None", "otherNonOperatingIncome": "None", "depreciation": "None", "depreciationAndAmortization": "294948000", "incomeBeforeTax": "28934000", "incomeTaxExpense": "7766000", "interestAndDebtExpense": "None", "netIncomeFromContinuingOperations": "21168000", "comprehensiveIncomeNetOfTax": "None", "ebit": "178418000", "ebitda": "473366000", "netIncome": "19387000"}, {"fiscalDateEnding": "2024-03-31", "reportedCurrency": "USD", "grossProfit": "210409000", "totalRevenue": "1199914000", "costOfRevenue": "989505000", "costofGoodsAndServicesSold": "989505000", "operatingIncome": "147360000", "sellingGeneralAndAdministrative": "48737000", "researchAndDevelopment": "None", "operatingExpenses": "63049000", "investmentIncomeNet": "None", "netInterestIncome": "-149933000", "interestIncome": "None", "interestExpense": "149933000", "nonInterestIncome": "None", "otherNonOperatingIncome": "None", "depreciation": "None", "depreciationAndAmortization": "294855000", "incomeBeforeTax": "-15544000", "incomeTaxExpense": "-3004000", "interestAndDebtExpense": "None", "netIncomeFromContinuingOperations": "-12540000", "comprehensiveIncomeNetOfTax": "None", "ebit": "152760000", "ebitda": "447615000", "netIncome": "-14312000"}, {"fiscalDateEnding": "2023-12-31", "reportedCurrency": "USD", "grossProfit": "-670875000", "totalRevenue": "1164392000", "costOfRevenue": "1835267000", "costofGoodsAndServicesSold": "1835267000", "operatingIncome": "-684946000", "sellingGeneralAndAdministrative": "36382000", "researchAndDevelopment": "None", "operatingExpenses": "14071000", "investmentIncomeNet": "None", "netInterestIncome": "-154853000", "interestIncome": "None", "interestExpense": "134453000", "nonInterestIncome": "None", "otherNonOperatingIncome": "None", "depreciation": "None", "depreciationAndAmortization": "1165861000", "incomeBeforeTax": "-922003000", "incomeTaxExpense": "4698000", "interestAndDebtExpense": "None", "netIncomeFromContinuingOperations": "-84716000", "comprehensiveIncomeNetOfTax": "None", "ebit": "-684946000", "ebitda": "480915000", "netIncome": "-90819000"}, {"fiscalDateEnding": "2023-09-30", "reportedCurrency": "USD", "grossProfit": "1137177000", "totalRevenue": "1149832000", "costOfRevenue": "12655000", "costofGoodsAndServicesSold": "12655000", "operatingIncome": "-12655000", "sellingGeneralAndAdministrative": "33297000", "researchAndDevelopment": "None", "operatingExpenses": "403608000", "investmentIncomeNet": "None", "netInterestIncome": "-147919000", "interestIncome": "153038000", "interestExpense": "147919000", "nonInterestIncome": "None", "otherNonOperatingIncome": "None", "depreciation": "None", "depreciationAndAmortization": "297677000", "incomeBeforeTax": "-71221000", "incomeTaxExpense": "-1662000", "interestAndDebtExpense": "None", "netIncomeFromContinuingOperations": "-69559000", "comprehensiveIncomeNetOfTax": "None", "ebit": "151543000", "ebitda": "449220000", "netIncome": "-71124000"}, {"fiscalDateEnding": "2023-06-30", "reportedCurrency": "USD", "grossProfit": "482104000", "totalRevenue": "1106358000", "costOfRevenue": "624254000", "costofGoodsAndServicesSold": "624254000", "operatingIncome": "105066000", "sellingGeneralAndAdministrative": "34399000", "researchAndDevelopment": "None", "operatingExpenses": "327023000", "investmentIncomeNet": "None", "netInterestIncome": "-143265000", "interestIncome": "112011000", "interestExpense": "143265000", "nonInterestIncome": "None", "otherNonOperatingIncome": "-23355000", "depreciation": "None", "depreciationAndAmortization": "293989000", "incomeBeforeTax": "95293000", "incomeTaxExpense": "-9773000", "interestAndDebtExpense": "None", "netIncomeFromContinuingOperations": "105066000", "comprehensiveIncomeNetOfTax": "None", "ebit": "183740000", "ebitda": "477729000", "netIncome": "103453000"}, {"fiscalDateEnding": "2023-03-31", "reportedCurrency": "USD", "grossProfit": "467608000", "totalRevenue": "1077245000", "costOfRevenue": "609637000", "costofGoodsAndServicesSold": "609637000", "operatingIncome": "135370000", "sellingGeneralAndAdministrative": "44798000", "researchAndDevelopment": "None", "operatingExpenses": "318853000", "investmentIncomeNet": "None", "netInterestIncome": "-128075000", "interestIncome": "133698000", "interestExpense": "128075000", "nonInterestIncome": "None", "otherNonOperatingIncome": "17963000", "depreciation": "None", "depreciationAndAmortization": "273519000", "incomeBeforeTax": "16110000", "incomeTaxExpense": "-2802000", "interestAndDebtExpense": "None", "netIncomeFromContinuingOperations": "18912000", "comprehensiveIncomeNetOfTax": "None", "ebit": "149593000", "ebitda": "423112000", "netIncome": "17517000"}, {"fiscalDateEnding": "2022-12-31", "reportedCurrency": "USD", "grossProfit": "459886000", "totalRevenue": "1051425000", "costOfRevenue": "591539000", "costofGoodsAndServicesSold": "591539000", "operatingIncome": "85898000", "sellingGeneralAndAdministrative": "76538000", "researchAndDevelopment": "None", "operatingExpenses": "377654000", "investmentIncomeNet": "None", "netInterestIncome": "-123399000", "interestIncome": "91553000", "interestExpense": "123399000", "nonInterestIncome": "None", "otherNonOperatingIncome": "-21519000", "depreciation": "None", "depreciationAndAmortization": "1089998000", "incomeBeforeTax": "-46003000", "incomeTaxExpense": "-2619000", "interestAndDebtExpense": "None", "netIncomeFromContinuingOperations": "-43384000", "comprehensiveIncomeNetOfTax": "None", "ebit": "-711768000", "ebitda": "378230000", "netIncome": "-43384000"}, {"fiscalDateEnding": "2022-09-30", "reportedCurrency": "USD", "grossProfit": "465700000", "totalRevenue": "1037276000", "costOfRevenue": "571576000", "costofGoodsAndServicesSold": "571576000", "operatingIncome": "121669000", "sellingGeneralAndAdministrative": "35421000", "researchAndDevelopment": "None", "operatingExpenses": "336839000", "investmentIncomeNet": "None", "netInterestIncome": "-119413000", "interestIncome": "117443000", "interestExpense": "119413000", "nonInterestIncome": "None", "otherNonOperatingIncome": "11842000", "depreciation": "None", "depreciationAndAmortization": "273381000", "incomeBeforeTax": "-2964000", "incomeTaxExpense": "-6027000", "interestAndDebtExpense": "None", "netIncomeFromContinuingOperations": "3063000", "comprehensiveIncomeNetOfTax": "None", "ebit": "152840000", "ebitda": "426221000", "netIncome": "3063000"}, {"fiscalDateEnding": "2022-06-30", "reportedCurrency": "USD", "grossProfit": "447169000", "totalRevenue": "1022938000", "costOfRevenue": "575769000", "costofGoodsAndServicesSold": "575769000", "operatingIncome": "141628000", "sellingGeneralAndAdministrative": "32915000", "researchAndDevelopment": "None", "operatingExpenses": "315928000", "investmentIncomeNet": "None", "netInterestIncome": "-113951000", "interestIncome": "114998000", "interestExpense": "113951000", "nonInterestIncome": "None", "otherNonOperatingIncome": "47042000", "depreciation": "None", "depreciationAndAmortization": "270475000", "incomeBeforeTax": "-44992000", "incomeTaxExpense": "-3790000", "interestAndDebtExpense": "None", "netIncomeFromContinuingOperations": "-41202000", "comprehensiveIncomeNetOfTax": "None", "ebit": "95725000", "ebitda": "366200000", "netIncome": "-42416000"}, {"fiscalDateEnding": "2022-03-31", "reportedCurrency": "USD", "grossProfit": "473520000", "totalRevenue": "1017554000", "costOfRevenue": "544034000", "costofGoodsAndServicesSold": "544034000", "operatingIncome": "164433000", "sellingGeneralAndAdministrative": "42998000", "researchAndDevelopment": "None", "operatingExpenses": "332008000", "investmentIncomeNet": "None", "netInterestIncome": "-110794000", "interestIncome": "115063000", "interestExpense": "110794000", "nonInterestIncome": "None", "otherNonOperatingIncome": "-29004000", "depreciation": "None", "depreciationAndAmortization": "274764000", "incomeBeforeTax": "36102000", "incomeTaxExpense": "-4490000", "interestAndDebtExpense": "None", "netIncomeFromContinuingOperations": "40592000", "comprehensiveIncomeNetOfTax": "None", "ebit": "181842000", "ebitda": "456606000", "netIncome": "38732000"}, {"fiscalDateEnding": "2021-12-31", "reportedCurrency": "USD", "grossProfit": "439868000", "totalRevenue": "1022444000", "costOfRevenue": "582576000", "costofGoodsAndServicesSold": "582576000", "operatingIncome": "63707000", "sellingGeneralAndAdministrative": "89449000", "researchAndDevelopment": "None", "operatingExpenses": "347500000", "investmentIncomeNet": "None", "netInterestIncome": "-110455000", "interestIncome": "112761000", "interestExpense": "110455000", "nonInterestIncome": "None", "otherNonOperatingIncome": "9152000", "depreciation": "None", "depreciationAndAmortization": "272559000", "incomeBeforeTax": "-43852000", "incomeTaxExpense": "-4747000", "interestAndDebtExpense": "None", "netIncomeFromContinuingOperations": "-39105000", "comprehensiveIncomeNetOfTax": "None", "ebit": "113130000", "ebitda": "385689000", "netIncome": "-39105000"}, {"fiscalDateEnding": "2021-09-30", "reportedCurrency": "USD", "grossProfit": "452228000", "totalRevenue": "976078000", "costOfRevenue": "523850000", "costofGoodsAndServicesSold": "523850000", "operatingIncome": "62774000", "sellingGeneralAndAdministrative": "30259000", "researchAndDevelopment": "None", "operatingExpenses": "343795000", "investmentIncomeNet": "None", "netInterestIncome": "-108816000", "interestIncome": "106044000", "interestExpense": "108816000", "nonInterestIncome": "None", "otherNonOperatingIncome": "216529000", "depreciation": "None", "depreciationAndAmortization": "237696000", "incomeBeforeTax": "66554000", "incomeTaxExpense": "3780000", "interestAndDebtExpense": "None", "netIncomeFromContinuingOperations": "62774000", "comprehensiveIncomeNetOfTax": "None", "ebit": "150660000", "ebitda": "388356000", "netIncome": "60680000"}, {"fiscalDateEnding": "2021-06-30", "reportedCurrency": "USD", "grossProfit": "424341000", "totalRevenue": "919194000", "costOfRevenue": "494853000", "costofGoodsAndServicesSold": "494853000", "operatingIncome": "88288000", "sellingGeneralAndAdministrative": "30588000", "researchAndDevelopment": "None", "operatingExpenses": "281229000", "investmentIncomeNet": "None", "netInterestIncome": "-110051000", "interestIncome": "105284000", "interestExpense": "110051000", "nonInterestIncome": "None", "otherNonOperatingIncome": "32461000", "depreciation": "None", "depreciationAndAmortization": "232100000", "incomeBeforeTax": "91929000", "incomeTaxExpense": "3641000", "interestAndDebtExpense": "None", "netIncomeFromContinuingOperations": "88288000", "comprehensiveIncomeNetOfTax": "None", "ebit": "175202000", "ebitda": "407302000", "netIncome": "86391000"}, {"fiscalDateEnding": "2021-03-31", "reportedCurrency": "USD", "grossProfit": "423073000", "totalRevenue": "910291000", "costOfRevenue": "487218000", "costofGoodsAndServicesSold": "487218000", "operatingIncome": "-55398000", "sellingGeneralAndAdministrative": "40309000", "researchAndDevelopment": "None", "operatingExpenses": "345555000", "investmentIncomeNet": "None", "netInterestIncome": "-110767000", "interestIncome": "111017000", "interestExpense": "110767000", "nonInterestIncome": "None", "otherNonOperatingIncome": "19945000", "depreciation": "None", "depreciationAndAmortization": "235648000", "incomeBeforeTax": "-53245000", "incomeTaxExpense": "2153000", "interestAndDebtExpense": "None", "netIncomeFromContinuingOperations": "-55398000", "comprehensiveIncomeNetOfTax": "None", "ebit": "165446000", "ebitda": "401094000", "netIncome": "-57209000"}, {"fiscalDateEnding": "2020-12-31", "reportedCurrency": "USD", "grossProfit": "457792000", "totalRevenue": "921165000", "costOfRevenue": "463373000", "costofGoodsAndServicesSold": "463373000", "operatingIncome": "32576000", "sellingGeneralAndAdministrative": "29537000", "researchAndDevelopment": "None", "operatingExpenses": "281087000", "investmentIncomeNet": "None", "netInterestIncome": "-113564000", "interestIncome": "644000", "interestExpense": "114208000", "nonInterestIncome": "None", "otherNonOperatingIncome": "30759000", "depreciation": "None", "depreciationAndAmortization": "267474000", "incomeBeforeTax": "111274000", "incomeTaxExpense": "-679000", "interestAndDebtExpense": "None", "netIncomeFromContinuingOperations": "111953000", "comprehensiveIncomeNetOfTax": "None", "ebit": "225482000", "ebitda": "492956000", "netIncome": "110451000"}, {"fiscalDateEnding": "2020-09-30", "reportedCurrency": "USD", "grossProfit": "423398000", "totalRevenue": "918940000", "costOfRevenue": "495542000", "costofGoodsAndServicesSold": "495542000", "operatingIncome": "13737000", "sellingGeneralAndAdministrative": "34228000", "researchAndDevelopment": "None", "operatingExpenses": "288593000", "investmentIncomeNet": "None", "netInterestIncome": "-114933000", "interestIncome": "114640000", "interestExpense": "115505000", "nonInterestIncome": "None", "otherNonOperatingIncome": "24407000", "depreciation": "None", "depreciationAndAmortization": "254924000", "incomeBeforeTax": "10542000", "incomeTaxExpense": "-3195000", "interestAndDebtExpense": "None", "netIncomeFromContinuingOperations": "13737000", "comprehensiveIncomeNetOfTax": "None", "ebit": "126047000", "ebitda": "380971000", "netIncome": "12751000"}, {"fiscalDateEnding": "2020-06-30", "reportedCurrency": "USD", "grossProfit": "444050000", "totalRevenue": "943198000", "costOfRevenue": "499148000", "costofGoodsAndServicesSold": "499148000", "operatingIncome": "-159235000", "sellingGeneralAndAdministrative": "29984000", "researchAndDevelopment": "None", "operatingExpenses": "409233000", "investmentIncomeNet": "None", "netInterestIncome": "-121592000", "interestIncome": "1540000", "interestExpense": "123132000", "nonInterestIncome": "None", "otherNonOperatingIncome": "-1214000", "depreciation": "None", "depreciationAndAmortization": "355396000", "incomeBeforeTax": "-102879000", "incomeTaxExpense": "56356000", "interestAndDebtExpense": "None", "netIncomeFromContinuingOperations": "-159235000", "comprehensiveIncomeNetOfTax": "None", "ebit": "20253000", "ebitda": "375649000", "netIncome": "-157170000"}, {"fiscalDateEnding": "2020-03-31", "reportedCurrency": "USD", "grossProfit": "530359000", "totalRevenue": "1012054000", "costOfRevenue": "481695000", "costofGoodsAndServicesSold": "481695000", "operatingIncome": "474730000", "sellingGeneralAndAdministrative": "42535000", "researchAndDevelopment": "None", "operatingExpenses": "291372000", "investmentIncomeNet": "None", "netInterestIncome": "-111843000", "interestIncome": "4853000", "interestExpense": "116696000", "nonInterestIncome": "None", "otherNonOperatingIncome": "219057000", "depreciation": "None", "depreciationAndAmortization": "252688000", "incomeBeforeTax": "325714000", "incomeTaxExpense": "-149016000", "interestAndDebtExpense": "None", "netIncomeFromContinuingOperations": "474730000", "comprehensiveIncomeNetOfTax": "None", "ebit": "224403000", "ebitda": "477091000", "netIncome": "473117000"}, {"fiscalDateEnding": "2019-12-31", "reportedCurrency": "USD", "grossProfit": "515150000", "totalRevenue": "996004000", "costOfRevenue": "480854000", "costofGoodsAndServicesSold": "480854000", "operatingIncome": "439297000", "sellingGeneralAndAdministrative": "41627000", "researchAndDevelopment": "None", "operatingExpenses": "390537000", "investmentIncomeNet": "None", "netInterestIncome": "-115832000", "interestIncome": "875000", "interestExpense": "116707000", "nonInterestIncome": "None", "otherNonOperatingIncome": "-19199000", "depreciation": "None", "depreciationAndAmortization": "354985000", "incomeBeforeTax": "13587000", "incomeTaxExpense": "694000", "interestAndDebtExpense": "None", "netIncomeFromContinuingOperations": "12893000", "comprehensiveIncomeNetOfTax": "None", "ebit": "130294000", "ebitda": "485279000", "netIncome": "11443000"}, {"fiscalDateEnding": "2019-09-30", "reportedCurrency": "USD", "grossProfit": "521035000", "totalRevenue": "983155000", "costOfRevenue": "462120000", "costofGoodsAndServicesSold": "462120000", "operatingIncome": "86918000", "sellingGeneralAndAdministrative": "40530000", "researchAndDevelopment": "None", "operatingExpenses": "275133000", "investmentIncomeNet": "None", "netInterestIncome": "-113347000", "interestIncome": "620000", "interestExpense": "113967000", "nonInterestIncome": "None", "otherNonOperatingIncome": "40488000", "depreciation": "None", "depreciationAndAmortization": "239926000", "incomeBeforeTax": "88923000", "incomeTaxExpense": "2005000", "interestAndDebtExpense": "None", "netIncomeFromContinuingOperations": "86918000", "comprehensiveIncomeNetOfTax": "None", "ebit": "202890000", "ebitda": "442816000", "netIncome": "85259000"}, {"fiscalDateEnding": "2019-06-30", "reportedCurrency": "USD", "grossProfit": "514301000", "totalRevenue": "950717000", "costOfRevenue": "436416000", "costofGoodsAndServicesSold": "436416000", "operatingIncome": "211898000", "sellingGeneralAndAdministrative": "43079000", "researchAndDevelopment": "None", "operatingExpenses": "269266000", "investmentIncomeNet": "None", "netInterestIncome": "-101167000", "interestIncome": "9202000", "interestExpense": "110369000", "nonInterestIncome": "None", "otherNonOperatingIncome": "23172000", "depreciation": "None", "depreciationAndAmortization": "231643000", "incomeBeforeTax": "154146000", "incomeTaxExpense": "-57752000", "interestAndDebtExpense": "None", "netIncomeFromContinuingOperations": "211898000", "comprehensiveIncomeNetOfTax": "None", "ebit": "264515000", "ebitda": "496158000", "netIncome": "210529000"}, {"fiscalDateEnding": "2019-03-31", "reportedCurrency": "USD", "grossProfit": "511737000", "totalRevenue": "942874000", "costOfRevenue": "431137000", "costofGoodsAndServicesSold": "431137000", "operatingIncome": "124725000", "sellingGeneralAndAdministrative": "40760000", "researchAndDevelopment": "None", "operatingExpenses": "276680000", "investmentIncomeNet": "None", "netInterestIncome": "-110332000", "interestIncome": "111565000", "interestExpense": "110619000", "nonInterestIncome": "None", "otherNonOperatingIncome": "5852000", "depreciation": "None", "depreciationAndAmortization": "242051000", "incomeBeforeTax": "126331000", "incomeTaxExpense": "-1257000", "interestAndDebtExpense": "None", "netIncomeFromContinuingOperations": "127588000", "comprehensiveIncomeNetOfTax": "None", "ebit": "236950000", "ebitda": "479001000", "netIncome": "125785000"}, {"fiscalDateEnding": "2018-12-31", "reportedCurrency": "USD", "grossProfit": "495760000", "totalRevenue": "923263000", "costOfRevenue": "427503000", "costofGoodsAndServicesSold": "427503000", "operatingIncome": "415991000", "sellingGeneralAndAdministrative": "38475000", "researchAndDevelopment": "0", "operatingExpenses": "282751000", "investmentIncomeNet": "None", "netInterestIncome": "None", "interestIncome": "None", "interestExpense": "110524000", "nonInterestIncome": "None", "otherNonOperatingIncome": "75858000", "depreciation": "None", "depreciationAndAmortization": "244276000", "incomeBeforeTax": "34652000", "incomeTaxExpense": "-28650000", "interestAndDebtExpense": "None", "netIncomeFromContinuingOperations": "99195000", "comprehensiveIncomeNetOfTax": "None", "ebit": "186428000", "ebitda": "430704000", "netIncome": "62273000"}, {"fiscalDateEnding": "2018-09-30", "reportedCurrency": "USD", "grossProfit": "507718000", "totalRevenue": "936538000", "costOfRevenue": "428820000", "costofGoodsAndServicesSold": "428820000", "operatingIncome": "103263000", "sellingGeneralAndAdministrative": "39677000", "researchAndDevelopment": "0", "operatingExpenses": "258256000", "investmentIncomeNet": "None", "netInterestIncome": "None", "interestIncome": "None", "interestExpense": "107581000", "nonInterestIncome": "None", "otherNonOperatingIncome": "39527000", "depreciation": "None", "depreciationAndAmortization": "223456000", "incomeBeforeTax": "95936000", "incomeTaxExpense": "-7327000", "interestAndDebtExpense": "None", "netIncomeFromContinuingOperations": "103263000", "comprehensiveIncomeNetOfTax": "None", "ebit": "203535000", "ebitda": "426991000", "netIncome": "101972000"}, {"fiscalDateEnding": "2018-06-30", "reportedCurrency": "USD", "grossProfit": "520357000", "totalRevenue": "942304000", "costOfRevenue": "421947000", "costofGoodsAndServicesSold": "421947000", "operatingIncome": "149385000", "sellingGeneralAndAdministrative": "36656000", "researchAndDevelopment": "0", "operatingExpenses": "260290000", "investmentIncomeNet": "None", "netInterestIncome": "None", "interestIncome": "None", "interestExpense": "113029000", "nonInterestIncome": "None", "otherNonOperatingIncome": "93000", "depreciation": "None", "depreciationAndAmortization": "228507000", "incomeBeforeTax": "132739000", "incomeTaxExpense": "-734000", "interestAndDebtExpense": "None", "netIncomeFromContinuingOperations": "133473000", "comprehensiveIncomeNetOfTax": "None", "ebit": "250169000", "ebitda": "478676000", "netIncome": "166519000"}, {"fiscalDateEnding": "2018-03-31", "reportedCurrency": "USD", "grossProfit": "530677000", "totalRevenue": "943705000", "costOfRevenue": "413028000", "costofGoodsAndServicesSold": "413028000", "operatingIncome": "80060000", "sellingGeneralAndAdministrative": "37174000", "researchAndDevelopment": "0", "operatingExpenses": "270324000", "investmentIncomeNet": "None", "netInterestIncome": "None", "interestIncome": "None", "interestExpense": "111363000", "nonInterestIncome": "None", "otherNonOperatingIncome": "-10977000", "depreciation": "None", "depreciationAndAmortization": "236927000", "incomeBeforeTax": "76818000", "incomeTaxExpense": "-3242000", "interestAndDebtExpense": "None", "netIncomeFromContinuingOperations": "80060000", "comprehensiveIncomeNetOfTax": "None", "ebit": "188229000", "ebitda": "425156000", "netIncome": "78703000"}, {"fiscalDateEnding": "2017-12-31", "reportedCurrency": "USD", "grossProfit": "521557000", "totalRevenue": "895288000", "costOfRevenue": "373731000", "costofGoodsAndServicesSold": "373731000", "operatingIncome": "643949000", "sellingGeneralAndAdministrative": "34930000", "researchAndDevelopment": "0", "operatingExpenses": "267580000", "investmentIncomeNet": "None", "netInterestIncome": "None", "interestIncome": "None", "interestExpense": "111951000", "nonInterestIncome": "None", "otherNonOperatingIncome": "1610000", "depreciation": "None", "depreciationAndAmortization": "237522000", "incomeBeforeTax": "132155000", "incomeTaxExpense": "-46680000", "interestAndDebtExpense": "None", "netIncomeFromContinuingOperations": "178835000", "comprehensiveIncomeNetOfTax": "None", "ebit": "244106000", "ebitda": "481628000", "netIncome": "392554000"}, {"fiscalDateEnding": "2017-09-30", "reportedCurrency": "USD", "grossProfit": "523303000", "totalRevenue": "899928000", "costOfRevenue": "376625000", "costofGoodsAndServicesSold": "376625000", "operatingIncome": "162881000", "sellingGeneralAndAdministrative": "33317000", "researchAndDevelopment": "0", "operatingExpenses": "246724000", "investmentIncomeNet": "None", "netInterestIncome": "None", "interestIncome": "None", "interestExpense": "113869000", "nonInterestIncome": "None", "otherNonOperatingIncome": "-511000", "depreciation": "None", "depreciationAndAmortization": "218009000", "incomeBeforeTax": "149115000", "incomeTaxExpense": "-7815000", "interestAndDebtExpense": "None", "netIncomeFromContinuingOperations": "156930000", "comprehensiveIncomeNetOfTax": "None", "ebit": "262984000", "ebitda": "480993000", "netIncome": "613958000"}, {"fiscalDateEnding": "2017-06-30", "reportedCurrency": "USD", "grossProfit": "529108000", "totalRevenue": "895490000", "costOfRevenue": "366382000", "costofGoodsAndServicesSold": "366382000", "operatingIncome": "158348000", "sellingGeneralAndAdministrative": "33282000", "researchAndDevelopment": "0", "operatingExpenses": "257390000", "investmentIncomeNet": "None", "netInterestIncome": "None", "interestIncome": "None", "interestExpense": "113572000", "nonInterestIncome": "None", "otherNonOperatingIncome": "-36000", "depreciation": "None", "depreciationAndAmortization": "228232000", "incomeBeforeTax": "150113000", "incomeTaxExpense": "-2159000", "interestAndDebtExpense": "None", "netIncomeFromContinuingOperations": "152272000", "comprehensiveIncomeNetOfTax": "None", "ebit": "263685000", "ebitda": "491917000", "netIncome": "151831000"}, {"fiscalDateEnding": "2017-03-31", "reportedCurrency": "USD", "grossProfit": "513718000", "totalRevenue": "883443000", "costOfRevenue": "369725000", "costofGoodsAndServicesSold": "369725000", "operatingIncome": "153651000", "sellingGeneralAndAdministrative": "33961000", "researchAndDevelopment": "0", "operatingExpenses": "251744000", "investmentIncomeNet": "None", "netInterestIncome": "None", "interestIncome": "None", "interestExpense": "108804000", "nonInterestIncome": "None", "otherNonOperatingIncome": "-309000", "depreciation": "None", "depreciationAndAmortization": "220243000", "incomeBeforeTax": "152767000", "incomeTaxExpense": "-3145000", "interestAndDebtExpense": "None", "netIncomeFromContinuingOperations": "155912000", "comprehensiveIncomeNetOfTax": "None", "ebit": "261571000", "ebitda": "481814000", "netIncome": "198127000"}, {"fiscalDateEnding": "2016-12-31", "reportedCurrency": "USD", "grossProfit": "509211000", "totalRevenue": "875713000", "costOfRevenue": "366502000", "costofGoodsAndServicesSold": "366502000", "operatingIncome": "554209000", "sellingGeneralAndAdministrative": "31488000", "researchAndDevelopment": "0", "operatingExpenses": "263677000", "investmentIncomeNet": "None", "netInterestIncome": "None", "interestIncome": "None", "interestExpense": "107739000", "nonInterestIncome": "None", "otherNonOperatingIncome": "386000", "depreciation": "None", "depreciationAndAmortization": "232189000", "incomeBeforeTax": "139739000", "incomeTaxExpense": "-2836000", "interestAndDebtExpense": "None", "netIncomeFromContinuingOperations": "142575000", "comprehensiveIncomeNetOfTax": "None", "ebit": "250661000", "ebitda": "482850000", "netIncome": "207637000"}, {"fiscalDateEnding": "2016-09-30", "reportedCurrency": "USD", "grossProfit": "505025000", "totalRevenue": "867116000", "costOfRevenue": "362091000", "costofGoodsAndServicesSold": "362091000", "operatingIncome": "160570000", "sellingGeneralAndAdministrative": "31567000", "researchAndDevelopment": "0", "operatingExpenses": "239954000", "investmentIncomeNet": "None", "netInterestIncome": "None", "interestIncome": "None", "interestExpense": "105063000", "nonInterestIncome": "None", "otherNonOperatingIncome": "-383000", "depreciation": "None", "depreciationAndAmortization": "210874000", "incomeBeforeTax": "141909000", "incomeTaxExpense": "-8537000", "interestAndDebtExpense": "None", "netIncomeFromContinuingOperations": "150446000", "comprehensiveIncomeNetOfTax": "None", "ebit": "246972000", "ebitda": "457846000", "netIncome": "149452000"}, {"fiscalDateEnding": "2016-06-30", "reportedCurrency": "USD", "grossProfit": "494597000", "totalRevenue": "848404000", "costOfRevenue": "353807000", "costofGoodsAndServicesSold": "353807000", "operatingIncome": "136988000", "sellingGeneralAndAdministrative": "32094000", "researchAndDevelopment": "0", "operatingExpenses": "254055000", "investmentIncomeNet": "None", "netInterestIncome": "None", "interestIncome": "None", "interestExpense": "103665000", "nonInterestIncome": "None", "otherNonOperatingIncome": "-2468000", "depreciation": "None", "depreciationAndAmortization": "224202000", "incomeBeforeTax": "126300000", "incomeTaxExpense": "-11549000", "interestAndDebtExpense": "None", "netIncomeFromContinuingOperations": "137849000", "comprehensiveIncomeNetOfTax": "None", "ebit": "229965000", "ebitda": "454167000", "netIncome": "143162000"}, {"fiscalDateEnding": "2016-03-31", "reportedCurrency": "USD", "grossProfit": "492616000", "totalRevenue": "852289000", "costOfRevenue": "359673000", "costofGoodsAndServicesSold": "359673000", "operatingIncome": "121349000", "sellingGeneralAndAdministrative": "31726000", "researchAndDevelopment": "0", "operatingExpenses": "268113000", "investmentIncomeNet": "None", "netInterestIncome": "None", "interestIncome": "None", "interestExpense": "103273000", "nonInterestIncome": "None", "otherNonOperatingIncome": "-314000", "depreciation": "None", "depreciationAndAmortization": "238833000", "incomeBeforeTax": "114918000", "incomeTaxExpense": "-8421000", "interestAndDebtExpense": "None", "netIncomeFromContinuingOperations": "123339000", "comprehensiveIncomeNetOfTax": "None", "ebit": "218191000", "ebitda": "457024000", "netIncome": "148980000"}, {"fiscalDateEnding": "2015-12-31", "reportedCurrency": "USD", "grossProfit": "481473000", "totalRevenue": "841274000", "costOfRevenue": "359801000", "costofGoodsAndServicesSold": "359801000", "operatingIncome": "212810000", "sellingGeneralAndAdministrative": "27636000", "researchAndDevelopment": "0", "operatingExpenses": "264431000", "investmentIncomeNet": "None", "netInterestIncome": "None", "interestIncome": "None", "interestExpense": "103692000", "nonInterestIncome": "None", "otherNonOperatingIncome": "486000", "depreciation": "None", "depreciationAndAmortization": "239190000", "incomeBeforeTax": "111683000", "incomeTaxExpense": "-11548000", "interestAndDebtExpense": "None", "netIncomeFromContinuingOperations": "86946000", "comprehensiveIncomeNetOfTax": "None", "ebit": "215375000", "ebitda": "454565000", "netIncome": "124728000"}, {"fiscalDateEnding": "2015-09-30", "reportedCurrency": "USD", "grossProfit": "473345000", "totalRevenue": "827606000", "costOfRevenue": "354261000", "costofGoodsAndServicesSold": "354261000", "operatingIncome": "45235000", "sellingGeneralAndAdministrative": "32114000", "researchAndDevelopment": "0", "operatingExpenses": "258446000", "investmentIncomeNet": "None", "netInterestIncome": "None", "interestIncome": "None", "interestExpense": "97135000", "nonInterestIncome": "None", "otherNonOperatingIncome": "-15331000", "depreciation": "None", "depreciationAndAmortization": "242352000", "incomeBeforeTax": "34538000", "incomeTaxExpense": "-10697000", "interestAndDebtExpense": "None", "netIncomeFromContinuingOperations": "45235000", "comprehensiveIncomeNetOfTax": "None", "ebit": "131673000", "ebitda": "374025000", "netIncome": "22852000"}, {"fiscalDateEnding": "2015-06-30", "reportedCurrency": "USD", "grossProfit": "542985000", "totalRevenue": "891322000", "costOfRevenue": "348337000", "costofGoodsAndServicesSold": "348337000", "operatingIncome": "152473000", "sellingGeneralAndAdministrative": "33962000", "researchAndDevelopment": "0", "operatingExpenses": "283157000", "investmentIncomeNet": "None", "netInterestIncome": "None", "interestIncome": "None", "interestExpense": "107591000", "nonInterestIncome": "None", "otherNonOperatingIncome": "455000", "depreciation": "None", "depreciationAndAmortization": "249195000", "incomeBeforeTax": "133025000", "incomeTaxExpense": "-9789000", "interestAndDebtExpense": "None", "netIncomeFromContinuingOperations": "142814000", "comprehensiveIncomeNetOfTax": "None", "ebit": "200184000", "ebitda": "449379000", "netIncome": "149821000"}, {"fiscalDateEnding": "2015-03-31", "reportedCurrency": "USD", "grossProfit": "536395000", "totalRevenue": "884024000", "costOfRevenue": "347629000", "costofGoodsAndServicesSold": "347629000", "operatingIncome": "114544000", "sellingGeneralAndAdministrative": "34330000", "researchAndDevelopment": "0", "operatingExpenses": "281771000", "investmentIncomeNet": "None", "netInterestIncome": "None", "interestIncome": "None", "interestExpense": "106590000", "nonInterestIncome": "None", "otherNonOperatingIncome": "-21000", "depreciation": "None", "depreciationAndAmortization": "246934000", "incomeBeforeTax": "107294000", "incomeTaxExpense": "-7250000", "interestAndDebtExpense": "None", "netIncomeFromContinuingOperations": "114544000", "comprehensiveIncomeNetOfTax": "None", "ebit": "171577000", "ebitda": "418511000", "netIncome": "120442000"}, {"fiscalDateEnding": "2014-12-31", "reportedCurrency": "USD", "grossProfit": "484182000", "totalRevenue": "803987000", "costOfRevenue": "319805000", "costofGoodsAndServicesSold": "319805000", "operatingIncome": "200507000", "sellingGeneralAndAdministrative": "28108000", "researchAndDevelopment": "0", "operatingExpenses": "269383000", "investmentIncomeNet": "None", "netInterestIncome": "None", "interestIncome": "None", "interestExpense": "99031000", "nonInterestIncome": "None", "otherNonOperatingIncome": "None", "depreciation": "None", "depreciationAndAmortization": "241595000", "incomeBeforeTax": "93048000", "incomeTaxExpense": "-13552000", "interestAndDebtExpense": "None", "netIncomeFromContinuingOperations": "377266000", "comprehensiveIncomeNetOfTax": "None", "ebit": "192079000", "ebitda": "433674000", "netIncome": "107190000"}, {"fiscalDateEnding": "2014-09-30", "reportedCurrency": "USD", "grossProfit": "468046000", "totalRevenue": "779035000", "costOfRevenue": "310989000", "costofGoodsAndServicesSold": "310989000", "operatingIncome": "106335000", "sellingGeneralAndAdministrative": "29466000", "researchAndDevelopment": "0", "operatingExpenses": "230690000", "investmentIncomeNet": "None", "netInterestIncome": "None", "interestIncome": "None", "interestExpense": "98469000", "nonInterestIncome": "None", "otherNonOperatingIncome": "-2414000", "depreciation": "None", "depreciationAndAmortization": "203548000", "incomeBeforeTax": "104448000", "incomeTaxExpense": "-1887000", "interestAndDebtExpense": "None", "netIncomeFromContinuingOperations": "106335000", "comprehensiveIncomeNetOfTax": "None", "ebit": "163296000", "ebitda": "366844000", "netIncome": "109132000"}, {"fiscalDateEnding": "2014-06-30", "reportedCurrency": "USD", "grossProfit": "460869000", "totalRevenue": "751254000", "costOfRevenue": "290385000", "costofGoodsAndServicesSold": "290385000", "operatingIncome": "147417000", "sellingGeneralAndAdministrative": "31306000", "researchAndDevelopment": "0", "operatingExpenses": "222124000", "investmentIncomeNet": "None", "netInterestIncome": "None", "interestIncome": "None", "interestExpense": "91501000", "nonInterestIncome": "None", "otherNonOperatingIncome": "-2924000", "depreciation": "None", "depreciationAndAmortization": "191101000", "incomeBeforeTax": "130206000", "incomeTaxExpense": "3274000", "interestAndDebtExpense": "None", "netIncomeFromContinuingOperations": "126932000", "comprehensiveIncomeNetOfTax": "None", "ebit": "221707000", "ebitda": "412808000", "netIncome": "138398000"}, {"fiscalDateEnding": "2014-03-31", "reportedCurrency": "USD", "grossProfit": "450459000", "totalRevenue": "741470000", "costOfRevenue": "291011000", "costofGoodsAndServicesSold": "291011000", "operatingIncome": "136431000", "sellingGeneralAndAdministrative": "32866000", "researchAndDevelopment": "0", "operatingExpenses": "226460000", "investmentIncomeNet": "None", "netInterestIncome": "None", "interestIncome": "None", "interestExpense": "87841000", "nonInterestIncome": "None", "otherNonOperatingIncome": "None", "depreciation": "None", "depreciationAndAmortization": "191911000", "incomeBeforeTax": "120676000", "incomeTaxExpense": "3433000", "interestAndDebtExpense": "None", "netIncomeFromContinuingOperations": "0", "comprehensiveIncomeNetOfTax": "None", "ebit": "220701000", "ebitda": "412612000", "netIncome": "121047000"}, {"fiscalDateEnding": "2013-12-31", "reportedCurrency": "USD", "grossProfit": "441437000", "totalRevenue": "732856000", "costOfRevenue": "291419000", "costofGoodsAndServicesSold": "291419000", "operatingIncome": "206604000", "sellingGeneralAndAdministrative": "30349000", "researchAndDevelopment": "0", "operatingExpenses": "228385000", "investmentIncomeNet": "None", "netInterestIncome": "None", "interestIncome": "None", "interestExpense": "90168000", "nonInterestIncome": "None", "otherNonOperatingIncome": "-62365000", "depreciation": "None", "depreciationAndAmortization": "198036000", "incomeBeforeTax": "109829000", "incomeTaxExpense": "1272000", "interestAndDebtExpense": "None", "netIncomeFromContinuingOperations": "111314000", "comprehensiveIncomeNetOfTax": "None", "ebit": "206604000", "ebitda": "404640000", "netIncome": "108440000"}, {"fiscalDateEnding": "2013-09-30", "reportedCurrency": "USD", "grossProfit": "425623000", "totalRevenue": "712386000", "costOfRevenue": "286763000", "costofGoodsAndServicesSold": "286763000", "operatingIncome": "135231000", "sellingGeneralAndAdministrative": "28659000", "researchAndDevelopment": "0", "operatingExpenses": "206369000", "investmentIncomeNet": "None", "netInterestIncome": "None", "interestIncome": "None", "interestExpense": "84089000", "nonInterestIncome": "None", "otherNonOperatingIncome": "189000", "depreciation": "None", "depreciationAndAmortization": "184418000", "incomeBeforeTax": "124903000", "incomeTaxExpense": "-2780000", "interestAndDebtExpense": "None", "netIncomeFromContinuingOperations": "127683000", "comprehensiveIncomeNetOfTax": "None", "ebit": "208757000", "ebitda": "393175000", "netIncome": "118296000"}, {"fiscalDateEnding": "2013-06-30", "reportedCurrency": "USD", "grossProfit": "414441000", "totalRevenue": "685846000", "costOfRevenue": "271405000", "costofGoodsAndServicesSold": "271405000", "operatingIncome": "132159000", "sellingGeneralAndAdministrative": "27327000", "researchAndDevelopment": "0", "operatingExpenses": "200033000", "investmentIncomeNet": "None", "netInterestIncome": "None", "interestIncome": "None", "interestExpense": "83046000", "nonInterestIncome": "None", "otherNonOperatingIncome": "720000", "depreciation": "None", "depreciationAndAmortization": "189917000", "incomeBeforeTax": "120524000", "incomeTaxExpense": "-12064000", "interestAndDebtExpense": "None", "netIncomeFromContinuingOperations": "132588000", "comprehensiveIncomeNetOfTax": "None", "ebit": "203265000", "ebitda": "393182000", "netIncome": "114580000"}, {"fiscalDateEnding": "2013-03-31", "reportedCurrency": "USD", "grossProfit": "415780000", "totalRevenue": "684868000", "costOfRevenue": "269088000", "costofGoodsAndServicesSold": "269088000", "operatingIncome": "129427000", "sellingGeneralAndAdministrative": "28774000", "researchAndDevelopment": "0", "operatingExpenses": "207791000", "investmentIncomeNet": "None", "netInterestIncome": "None", "interestIncome": "None", "interestExpense": "79600000", "nonInterestIncome": "None", "otherNonOperatingIncome": "None", "depreciation": "None", "depreciationAndAmortization": "181614000", "incomeBeforeTax": "120469000", "incomeTaxExpense": "1744000", "interestAndDebtExpense": "None", "netIncomeFromContinuingOperations": "118725000", "comprehensiveIncomeNetOfTax": "None", "ebit": "201907000", "ebitda": "383521000", "netIncome": "112193000"}, {"fiscalDateEnding": "2012-12-31", "reportedCurrency": "USD", "grossProfit": "396343000", "totalRevenue": "660711000", "costOfRevenue": "264368000", "costofGoodsAndServicesSold": "264368000", "operatingIncome": "183914000", "sellingGeneralAndAdministrative": "23022000", "researchAndDevelopment": "0", "operatingExpenses": "210776000", "investmentIncomeNet": "None", "netInterestIncome": "None", "interestIncome": "None", "interestExpense": "76700000", "nonInterestIncome": "None", "otherNonOperatingIncome": "None", "depreciation": "None", "depreciationAndAmortization": "187754000", "incomeBeforeTax": "94296000", "incomeTaxExpense": "-3555000", "interestAndDebtExpense": "None", "netIncomeFromContinuingOperations": "0", "comprehensiveIncomeNetOfTax": "None", "ebit": "194133000", "ebitda": "381887000", "netIncome": "86267000"}, {"fiscalDateEnding": "2012-09-30", "reportedCurrency": "USD", "grossProfit": "387458000", "totalRevenue": "641950000", "costOfRevenue": "254492000", "costofGoodsAndServicesSold": "254492000", "operatingIncome": "115268000", "sellingGeneralAndAdministrative": "26872000", "researchAndDevelopment": "0", "operatingExpenses": "219288000", "investmentIncomeNet": "None", "netInterestIncome": "None", "interestIncome": "None", "interestExpense": "75139000", "nonInterestIncome": "None", "otherNonOperatingIncome": "None", "depreciation": "None", "depreciationAndAmortization": "165296000", "incomeBeforeTax": "89308000", "incomeTaxExpense": "-8886000", "interestAndDebtExpense": "None", "netIncomeFromContinuingOperations": "0", "comprehensiveIncomeNetOfTax": "None", "ebit": "192782000", "ebitda": "358078000", "netIncome": "111882000"}, {"fiscalDateEnding": "2012-06-30", "reportedCurrency": "USD", "grossProfit": "375215000", "totalRevenue": "616448000", "costOfRevenue": "241233000", "costofGoodsAndServicesSold": "241233000", "operatingIncome": "42254000", "sellingGeneralAndAdministrative": "26710000", "researchAndDevelopment": "0", "operatingExpenses": "216059000", "investmentIncomeNet": "None", "netInterestIncome": "None", "interestIncome": "None", "interestExpense": "74428000", "nonInterestIncome": "None", "otherNonOperatingIncome": "None", "depreciation": "None", "depreciationAndAmortization": "211877000", "incomeBeforeTax": "36561000", "incomeTaxExpense": "-5179000", "interestAndDebtExpense": "None", "netIncomeFromContinuingOperations": "0", "comprehensiveIncomeNetOfTax": "None", "ebit": "88845000", "ebitda": "300722000", "netIncome": "74025000"}, {"fiscalDateEnding": "2012-03-31", "reportedCurrency": "USD", "grossProfit": "353950000", "totalRevenue": "573694000", "costOfRevenue": "219744000", "costofGoodsAndServicesSold": "219744000", "operatingIncome": "47763000", "sellingGeneralAndAdministrative": "22200000", "researchAndDevelopment": "0", "operatingExpenses": "185397000", "investmentIncomeNet": "None", "netInterestIncome": "None", "interestIncome": "None", "interestExpense": "70668000", "nonInterestIncome": "None", "otherNonOperatingIncome": "None", "depreciation": "None", "depreciationAndAmortization": "154528000", "incomeBeforeTax": "58784000", "incomeTaxExpense": "11338000", "interestAndDebtExpense": "None", "netIncomeFromContinuingOperations": "0", "comprehensiveIncomeNetOfTax": "None", "ebit": "132089000", "ebitda": "286617000", "netIncome": "90626000"}, {"fiscalDateEnding": "2011-12-31", "reportedCurrency": "USD", "grossProfit": "346072000", "totalRevenue": "563913000", "costOfRevenue": "217841000", "costofGoodsAndServicesSold": "217841000", "operatingIncome": "51169000", "sellingGeneralAndAdministrative": "14832000", "researchAndDevelopment": "0", "operatingExpenses": "20574000", "investmentIncomeNet": "None", "netInterestIncome": "None", "interestIncome": "None", "interestExpense": "66761000", "nonInterestIncome": "None", "otherNonOperatingIncome": "None", "depreciation": "None", "depreciationAndAmortization": "166163000", "incomeBeforeTax": "182916000", "incomeTaxExpense": "-7827000", "interestAndDebtExpense": "None", "netIncomeFromContinuingOperations": "0", "comprehensiveIncomeNetOfTax": "None", "ebit": "249677000", "ebitda": "415840000", "netIncome": "192948000"}, {"fiscalDateEnding": "2011-09-30", "reportedCurrency": "USD", "grossProfit": "539305000", "totalRevenue": "565957000", "costOfRevenue": "26652000", "costofGoodsAndServicesSold": "26652000", "operatingIncome": "101984000", "sellingGeneralAndAdministrative": "20624000", "researchAndDevelopment": "0", "operatingExpenses": "299616000", "investmentIncomeNet": "None", "netInterestIncome": "None", "interestIncome": "None", "interestExpense": "73756000", "nonInterestIncome": "None", "otherNonOperatingIncome": "-8503000", "depreciation": "None", "depreciationAndAmortization": "161027000", "incomeBeforeTax": "88080000", "incomeTaxExpense": "-13904000", "interestAndDebtExpense": "None", "netIncomeFromContinuingOperations": "101984000", "comprehensiveIncomeNetOfTax": "None", "ebit": "153363000", "ebitda": "314390000", "netIncome": "102885000"}, {"fiscalDateEnding": "2011-06-30", "reportedCurrency": "USD", "grossProfit": "117999000", "totalRevenue": "128382000", "costOfRevenue": "10383000", "costofGoodsAndServicesSold": "10383000", "operatingIncome": "19734000", "sellingGeneralAndAdministrative": "15554000", "researchAndDevelopment": "0", "operatingExpenses": "48373000", "investmentIncomeNet": "None", "netInterestIncome": "None", "interestIncome": "None", "interestExpense": "27792000", "nonInterestIncome": "None", "otherNonOperatingIncome": "-89000", "depreciation": "None", "depreciationAndAmortization": "26126000", "incomeBeforeTax": "13608000", "incomeTaxExpense": "-6209000", "interestAndDebtExpense": "None", "netIncomeFromContinuingOperations": "19734000", "comprehensiveIncomeNetOfTax": "None", "ebit": "101100000", "ebitda": "127226000", "netIncome": "29616000"}, {"fiscalDateEnding": "2011-03-31", "reportedCurrency": "USD", "grossProfit": "178138000", "totalRevenue": "270461000", "costOfRevenue": "92323000", "costofGoodsAndServicesSold": "92323000", "operatingIncome": "52469000", "sellingGeneralAndAdministrative": "14832000", "researchAndDevelopment": "0", "operatingExpenses": "83111000", "investmentIncomeNet": "None", "netInterestIncome": "None", "interestIncome": "None", "interestExpense": "42558000", "nonInterestIncome": "None", "otherNonOperatingIncome": "-16691000", "depreciation": "None", "depreciationAndAmortization": "54195000", "incomeBeforeTax": "45849000", "incomeTaxExpense": "-3197000", "interestAndDebtExpense": "None", "netIncomeFromContinuingOperations": "49046000", "comprehensiveIncomeNetOfTax": "None", "ebit": "87070000", "ebitda": "141265000", "netIncome": "48984000"}, {"fiscalDateEnding": "2010-12-31", "reportedCurrency": "USD", "grossProfit": "183225000", "totalRevenue": "267994000", "costOfRevenue": "84769000", "costofGoodsAndServicesSold": "84769000", "operatingIncome": "62867000", "sellingGeneralAndAdministrative": "14011000", "researchAndDevelopment": "0", "operatingExpenses": "74944000", "investmentIncomeNet": "None", "netInterestIncome": "None", "interestIncome": "None", "interestExpense": "45414000", "nonInterestIncome": "None", "otherNonOperatingIncome": "None", "depreciation": "None", "depreciationAndAmortization": "64365000", "incomeBeforeTax": "60501000", "incomeTaxExpense": "2849000", "interestAndDebtExpense": "None", "netIncomeFromContinuingOperations": "0", "comprehensiveIncomeNetOfTax": "None", "ebit": "105915000", "ebitda": "170280000", "netIncome": "77583000"}, {"fiscalDateEnding": "2010-09-30", "reportedCurrency": "USD", "grossProfit": "178025000", "totalRevenue": "264665000", "costOfRevenue": "86640000", "costofGoodsAndServicesSold": "86640000", "operatingIncome": "65124000", "sellingGeneralAndAdministrative": "15278000", "researchAndDevelopment": "0", "operatingExpenses": "67382000", "investmentIncomeNet": "None", "netInterestIncome": "None", "interestIncome": "None", "interestExpense": "45519000", "nonInterestIncome": "None", "otherNonOperatingIncome": "None", "depreciation": "None", "depreciationAndAmortization": "50563000", "incomeBeforeTax": "60401000", "incomeTaxExpense": "1657000", "interestAndDebtExpense": "None", "netIncomeFromContinuingOperations": "0", "comprehensiveIncomeNetOfTax": "None", "ebit": "107557000", "ebitda": "158120000", "netIncome": "57898000"}, {"fiscalDateEnding": "2010-06-30", "reportedCurrency": "USD", "grossProfit": "168795000", "totalRevenue": "243978000", "costOfRevenue": "75183000", "costofGoodsAndServicesSold": "75183000", "operatingIncome": "58159000", "sellingGeneralAndAdministrative": "9858000", "researchAndDevelopment": "0", "operatingExpenses": "66713000", "investmentIncomeNet": "None", "netInterestIncome": "None", "interestIncome": "None", "interestExpense": "44045000", "nonInterestIncome": "None", "otherNonOperatingIncome": "None", "depreciation": "None", "depreciationAndAmortization": "52398000", "incomeBeforeTax": "53830000", "incomeTaxExpense": "409000", "interestAndDebtExpense": "None", "netIncomeFromContinuingOperations": "0", "comprehensiveIncomeNetOfTax": "None", "ebit": "95149000", "ebitda": "147547000", "netIncome": "58067000"}, {"fiscalDateEnding": "2010-03-31", "reportedCurrency": "USD", "grossProfit": "162666000", "totalRevenue": "241545000", "costOfRevenue": "78879000", "costofGoodsAndServicesSold": "78879000", "operatingIncome": "52708000", "sellingGeneralAndAdministrative": "10683000", "researchAndDevelopment": "0", "operatingExpenses": "141932000", "investmentIncomeNet": "None", "netInterestIncome": "None", "interestIncome": "None", "interestExpense": "44300000", "nonInterestIncome": "None", "otherNonOperatingIncome": "None", "depreciation": "None", "depreciationAndAmortization": "54691000", "incomeBeforeTax": "52994000", "incomeTaxExpense": "286000", "interestAndDebtExpense": "None", "netIncomeFromContinuingOperations": "0", "comprehensiveIncomeNetOfTax": "None", "ebit": "94645000", "ebitda": "149336000", "netIncome": "52619000"}, {"fiscalDateEnding": "2009-12-31", "reportedCurrency": "USD", "grossProfit": "160393000", "totalRevenue": "238836000", "costOfRevenue": "78443000", "costofGoodsAndServicesSold": "78443000", "operatingIncome": "197611000", "sellingGeneralAndAdministrative": "38830000", "researchAndDevelopment": "0", "operatingExpenses": "66314000", "investmentIncomeNet": "None", "netInterestIncome": "None", "interestIncome": "None", "interestExpense": "44561000", "nonInterestIncome": "None", "otherNonOperatingIncome": "None", "depreciation": "None", "depreciationAndAmortization": "59301000", "incomeBeforeTax": "54014000", "incomeTaxExpense": "-367000", "interestAndDebtExpense": "None", "netIncomeFromContinuingOperations": "0", "comprehensiveIncomeNetOfTax": "None", "ebit": "98575000", "ebitda": "157876000", "netIncome": "54081000"}, {"fiscalDateEnding": "2009-09-30", "reportedCurrency": "USD", "grossProfit": "159492000", "totalRevenue": "235830000", "costOfRevenue": "76338000", "costofGoodsAndServicesSold": "76338000", "operatingIncome": "55794000", "sellingGeneralAndAdministrative": "9657000", "researchAndDevelopment": "0", "operatingExpenses": "60038000", "investmentIncomeNet": "None", "netInterestIncome": "None", "interestIncome": "None", "interestExpense": "43660000", "nonInterestIncome": "None", "otherNonOperatingIncome": "None", "depreciation": "None", "depreciationAndAmortization": "52268000", "incomeBeforeTax": "49900000", "incomeTaxExpense": "-410000", "interestAndDebtExpense": "None", "netIncomeFromContinuingOperations": "0", "comprehensiveIncomeNetOfTax": "None", "ebit": "90448000", "ebitda": "142716000", "netIncome": "49805000"}, {"fiscalDateEnding": "2009-06-30", "reportedCurrency": "USD", "grossProfit": "159424000", "totalRevenue": "231988000", "costOfRevenue": "72564000", "costofGoodsAndServicesSold": "72564000", "operatingIncome": "50179000", "sellingGeneralAndAdministrative": "10355000", "researchAndDevelopment": "0", "operatingExpenses": "65182000", "investmentIncomeNet": "None", "netInterestIncome": "None", "interestIncome": "None", "interestExpense": "44171000", "nonInterestIncome": "None", "otherNonOperatingIncome": "None", "depreciation": "None", "depreciationAndAmortization": "48847000", "incomeBeforeTax": "46569000", "incomeTaxExpense": "-395000", "interestAndDebtExpense": "None", "netIncomeFromContinuingOperations": "0", "comprehensiveIncomeNetOfTax": "None", "ebit": "46964000", "ebitda": "95811000", "netIncome": "88381000"}, {"fiscalDateEnding": "2009-03-31", "reportedCurrency": "USD", "grossProfit": "155383000", "totalRevenue": "230851000", "costOfRevenue": "75468000", "costofGoodsAndServicesSold": "75468000", "operatingIncome": "48474000", "sellingGeneralAndAdministrative": "10598000", "researchAndDevelopment": "0", "operatingExpenses": "60582000", "investmentIncomeNet": "None", "netInterestIncome": "None", "interestIncome": "None", "interestExpense": "46613000", "nonInterestIncome": "None", "otherNonOperatingIncome": "None", "depreciation": "None", "depreciationAndAmortization": "50516000", "incomeBeforeTax": "46134000", "incomeTaxExpense": "-547000", "interestAndDebtExpense": "None", "netIncomeFromContinuingOperations": "0", "comprehensiveIncomeNetOfTax": "None", "ebit": "91187000", "ebitda": "141703000", "netIncome": "74228000"}, {"fiscalDateEnding": "2008-12-31", "reportedCurrency": "USD", "grossProfit": "151509000", "totalRevenue": "227956000", "costOfRevenue": "76447000", "costofGoodsAndServicesSold": "76447000", "operatingIncome": "142709000", "sellingGeneralAndAdministrative": "28168000", "researchAndDevelopment": "0", "operatingExpenses": "60210000", "investmentIncomeNet": "None", "netInterestIncome": "None", "interestIncome": "None", "interestExpense": "47342000", "nonInterestIncome": "None", "otherNonOperatingIncome": "None", "depreciation": "None", "depreciationAndAmortization": "61607000", "incomeBeforeTax": "42636000", "incomeTaxExpense": "-1720000", "interestAndDebtExpense": "None", "netIncomeFromContinuingOperations": "0", "comprehensiveIncomeNetOfTax": "None", "ebit": "89978000", "ebitda": "151585000", "netIncome": "58475000"}, {"fiscalDateEnding": "2008-09-30", "reportedCurrency": "USD", "grossProfit": "156856000", "totalRevenue": "238554000", "costOfRevenue": "81698000", "costofGoodsAndServicesSold": "81698000", "operatingIncome": "64073000", "sellingGeneralAndAdministrative": "11626000", "researchAndDevelopment": "0", "operatingExpenses": "62939000", "investmentIncomeNet": "None", "netInterestIncome": "None", "interestIncome": "None", "interestExpense": "51344000", "nonInterestIncome": "None", "otherNonOperatingIncome": "None", "depreciation": "None", "depreciationAndAmortization": "44645000", "incomeBeforeTax": "64698000", "incomeTaxExpense": "-415000", "interestAndDebtExpense": "None", "netIncomeFromContinuingOperations": "0", "comprehensiveIncomeNetOfTax": "None", "ebit": "100241000", "ebitda": "144886000", "netIncome": "63766000"}, {"fiscalDateEnding": "2008-06-30", "reportedCurrency": "USD", "grossProfit": "161671000", "totalRevenue": "233513000", "costOfRevenue": "71842000", "costofGoodsAndServicesSold": "71842000", "operatingIncome": "40240000", "sellingGeneralAndAdministrative": "9610000", "researchAndDevelopment": "0", "operatingExpenses": "68987000", "investmentIncomeNet": "None", "netInterestIncome": "None", "interestIncome": "None", "interestExpense": "52444000", "nonInterestIncome": "None", "otherNonOperatingIncome": "None", "depreciation": "None", "depreciationAndAmortization": "61086000", "incomeBeforeTax": "40240000", "incomeTaxExpense": "-3712000", "interestAndDebtExpense": "None", "netIncomeFromContinuingOperations": "0", "comprehensiveIncomeNetOfTax": "None", "ebit": "87828000", "ebitda": "148914000", "netIncome": "70153000"}, {"fiscalDateEnding": "2008-03-31", "reportedCurrency": "USD", "grossProfit": "154807000", "totalRevenue": "231764000", "costOfRevenue": "76957000", "costofGoodsAndServicesSold": "76957000", "operatingIncome": "31098000", "sellingGeneralAndAdministrative": "8257000", "researchAndDevelopment": "0", "operatingExpenses": "156795000", "investmentIncomeNet": "None", "netInterestIncome": "None", "interestIncome": "None", "interestExpense": "52351000", "nonInterestIncome": "None", "otherNonOperatingIncome": "None", "depreciation": "None", "depreciationAndAmortization": "68725000", "incomeBeforeTax": "21538000", "incomeTaxExpense": "-10038000", "interestAndDebtExpense": "None", "netIncomeFromContinuingOperations": "0", "comprehensiveIncomeNetOfTax": "None", "ebit": "77103000", "ebitda": "145828000", "netIncome": "31154000"}, {"fiscalDateEnding": "2007-12-31", "reportedCurrency": "USD", "grossProfit": "232553000", "totalRevenue": "232553000", "costOfRevenue": "157796000", "costofGoodsAndServicesSold": "157796000", "operatingIncome": "146695000", "sellingGeneralAndAdministrative": "11506000", "researchAndDevelopment": "0", "operatingExpenses": "-38802000", "investmentIncomeNet": "None", "netInterestIncome": "None", "interestIncome": "None", "interestExpense": "53313000", "nonInterestIncome": "None", "otherNonOperatingIncome": "None", "depreciation": "None", "depreciationAndAmortization": "75000000", "incomeBeforeTax": "17043000", "incomeTaxExpense": "-12968000", "interestAndDebtExpense": "None", "netIncomeFromContinuingOperations": "0", "comprehensiveIncomeNetOfTax": "None", "ebit": "70251000", "ebitda": "145251000", "netIncome": "29401000"}, {"fiscalDateEnding": "2007-09-30", "reportedCurrency": "USD", "grossProfit": "154912000", "totalRevenue": "226294000", "costOfRevenue": "71382000", "costofGoodsAndServicesSold": "71382000", "operatingIncome": "28014000", "sellingGeneralAndAdministrative": "9315000", "researchAndDevelopment": "0", "operatingExpenses": "151529000", "investmentIncomeNet": "None", "netInterestIncome": "None", "interestIncome": "None", "interestExpense": "52961000", "nonInterestIncome": "None", "otherNonOperatingIncome": "None", "depreciation": "None", "depreciationAndAmortization": "70716000", "incomeBeforeTax": "19226000", "incomeTaxExpense": "-9463000", "interestAndDebtExpense": "None", "netIncomeFromContinuingOperations": "0", "comprehensiveIncomeNetOfTax": "None", "ebit": "70516000", "ebitda": "141232000", "netIncome": "28014000"}, {"fiscalDateEnding": "2007-06-30", "reportedCurrency": "USD", "grossProfit": "143315000", "totalRevenue": "193722000", "costOfRevenue": "50407000", "costofGoodsAndServicesSold": "50407000", "operatingIncome": "45136000", "sellingGeneralAndAdministrative": "8023000", "researchAndDevelopment": "0", "operatingExpenses": "97849000", "investmentIncomeNet": "None", "netInterestIncome": "None", "interestIncome": "None", "interestExpense": "54414000", "nonInterestIncome": "None", "otherNonOperatingIncome": "None", "depreciation": "None", "depreciationAndAmortization": "58352000", "incomeBeforeTax": "39933000", "incomeTaxExpense": "-5611000", "interestAndDebtExpense": "None", "netIncomeFromContinuingOperations": "0", "comprehensiveIncomeNetOfTax": "None", "ebit": "94407000", "ebitda": "152759000", "netIncome": "174598000"}, {"fiscalDateEnding": "2007-03-31", "reportedCurrency": "USD", "grossProfit": "121848000", "totalRevenue": "121848000", "costOfRevenue": "40801000", "costofGoodsAndServicesSold": "40801000", "operatingIncome": "85675000", "sellingGeneralAndAdministrative": "7583000", "researchAndDevelopment": "0", "operatingExpenses": "36173000", "investmentIncomeNet": "None", "netInterestIncome": "None", "interestIncome": "None", "interestExpense": "38809000", "nonInterestIncome": "None", "otherNonOperatingIncome": "None", "depreciation": "None", "depreciationAndAmortization": "33433000", "incomeBeforeTax": "45106000", "incomeTaxExpense": "0", "interestAndDebtExpense": "None", "netIncomeFromContinuingOperations": "0", "comprehensiveIncomeNetOfTax": "None", "ebit": "85675000", "ebitda": "119108000", "netIncome": "45106000"}, {"fiscalDateEnding": "2006-12-31", "reportedCurrency": "USD", "grossProfit": "110662000", "totalRevenue": "110662000", "costOfRevenue": "39639000", "costofGoodsAndServicesSold": "39639000", "operatingIncome": "125422000", "sellingGeneralAndAdministrative": "6679000", "researchAndDevelopment": "0", "operatingExpenses": "38499000", "investmentIncomeNet": "None", "netInterestIncome": "None", "interestIncome": "None", "interestExpense": "38582000", "nonInterestIncome": "None", "otherNonOperatingIncome": "None", "depreciation": "None", "depreciationAndAmortization": "32421000", "incomeBeforeTax": "130583000", "incomeTaxExpense": "90633000", "interestAndDebtExpense": "None", "netIncomeFromContinuingOperations": "0", "comprehensiveIncomeNetOfTax": "None", "ebit": "72163000", "ebitda": "104584000", "netIncome": "40797000"}, {"fiscalDateEnding": "2006-09-30", "reportedCurrency": "USD", "grossProfit": "102306000", "totalRevenue": "109667000", "costOfRevenue": "7361000", "costofGoodsAndServicesSold": "7361000", "operatingIncome": "95767000", "sellingGeneralAndAdministrative": "6539000", "researchAndDevelopment": "0", "operatingExpenses": "44278000", "investmentIncomeNet": "None", "netInterestIncome": "None", "interestIncome": "None", "interestExpense": "34020000", "nonInterestIncome": "None", "otherNonOperatingIncome": "None", "depreciation": "None", "depreciationAndAmortization": "30849000", "incomeBeforeTax": "32241000", "incomeTaxExpense": "33148000", "interestAndDebtExpense": "None", "netIncomeFromContinuingOperations": "0", "comprehensiveIncomeNetOfTax": "None", "ebit": "94569000", "ebitda": "125418000", "netIncome": "32241000"}, {"fiscalDateEnding": "2006-06-30", "reportedCurrency": "USD", "grossProfit": "100306000", "totalRevenue": "100306000", "costOfRevenue": "35439000", "costofGoodsAndServicesSold": "35439000", "operatingIncome": "66122000", "sellingGeneralAndAdministrative": "6287000", "researchAndDevelopment": "0", "operatingExpenses": "36052000", "investmentIncomeNet": "None", "netInterestIncome": "None", "interestIncome": "None", "interestExpense": "32417000", "nonInterestIncome": "None", "otherNonOperatingIncome": "None", "depreciation": "None", "depreciationAndAmortization": "28516000", "incomeBeforeTax": "29258000", "incomeTaxExpense": "35591000", "interestAndDebtExpense": "None", "netIncomeFromContinuingOperations": "0", "comprehensiveIncomeNetOfTax": "None", "ebit": "66122000", "ebitda": "94638000", "netIncome": "29258000"}, {"fiscalDateEnding": "2006-03-31", "reportedCurrency": "USD", "grossProfit": "97814000", "totalRevenue": "97814000", "costOfRevenue": "35111000", "costofGoodsAndServicesSold": "35111000", "operatingIncome": "-3220000", "sellingGeneralAndAdministrative": "6631000", "researchAndDevelopment": "0", "operatingExpenses": "101637000", "investmentIncomeNet": "None", "netInterestIncome": "None", "interestIncome": "None", "interestExpense": "31525000", "nonInterestIncome": "None", "otherNonOperatingIncome": "None", "depreciation": "None", "depreciationAndAmortization": "27867000", "incomeBeforeTax": "29134000", "incomeTaxExpense": "0", "interestAndDebtExpense": "None", "netIncomeFromContinuingOperations": "0", "comprehensiveIncomeNetOfTax": "None", "ebit": "-3220000", "ebitda": "24647000", "netIncome": "29134000"}, {"fiscalDateEnding": "2005-12-31", "reportedCurrency": "USD", "grossProfit": "89427000", "totalRevenue": "89427000", "costOfRevenue": "36397000", "costofGoodsAndServicesSold": "36397000", "operatingIncome": "100220000", "sellingGeneralAndAdministrative": "6422000", "researchAndDevelopment": "0", "operatingExpenses": "21369000", "investmentIncomeNet": "None", "netInterestIncome": "None", "interestIncome": "None", "interestExpense": "33612000", "nonInterestIncome": "None", "otherNonOperatingIncome": "None", "depreciation": "None", "depreciationAndAmortization": "31174000", "incomeBeforeTax": "120900000", "incomeTaxExpense": "83362000", "interestAndDebtExpense": "None", "netIncomeFromContinuingOperations": "0", "comprehensiveIncomeNetOfTax": "None", "ebit": "68058000", "ebitda": "99232000", "netIncome": "47221000"}, {"fiscalDateEnding": "2005-09-30", "reportedCurrency": "USD", "grossProfit": "96135000", "totalRevenue": "96135000", "costOfRevenue": "34951000", "costofGoodsAndServicesSold": "34951000", "operatingIncome": "62281000", "sellingGeneralAndAdministrative": "6109000", "researchAndDevelopment": "0", "operatingExpenses": "34997000", "investmentIncomeNet": "None", "netInterestIncome": "None", "interestIncome": "None", "interestExpense": "32263000", "nonInterestIncome": "None", "otherNonOperatingIncome": "None", "depreciation": "None", "depreciationAndAmortization": "26597000", "incomeBeforeTax": "28721000", "incomeTaxExpense": "0", "interestAndDebtExpense": "None", "netIncomeFromContinuingOperations": "0", "comprehensiveIncomeNetOfTax": "None", "ebit": "62281000", "ebitda": "88878000", "netIncome": "28721000"}, {"fiscalDateEnding": "2005-06-30", "reportedCurrency": "USD", "grossProfit": "75154000", "totalRevenue": "75154000", "costOfRevenue": "24939000", "costofGoodsAndServicesSold": "24939000", "operatingIncome": "50853000", "sellingGeneralAndAdministrative": "5553000", "researchAndDevelopment": "0", "operatingExpenses": "24985000", "investmentIncomeNet": "None", "netInterestIncome": "None", "interestIncome": "None", "interestExpense": "22730000", "nonInterestIncome": "None", "otherNonOperatingIncome": "None", "depreciation": "None", "depreciationAndAmortization": "17601000", "incomeBeforeTax": "27243000", "incomeTaxExpense": "175000", "interestAndDebtExpense": "None", "netIncomeFromContinuingOperations": "0", "comprehensiveIncomeNetOfTax": "None", "ebit": "50853000", "ebitda": "68454000", "netIncome": "27068000"}, {"fiscalDateEnding": "2005-03-31", "reportedCurrency": "USD", "grossProfit": "64003000", "totalRevenue": "64003000", "costOfRevenue": "19212000", "costofGoodsAndServicesSold": "19212000", "operatingIncome": "45381000", "sellingGeneralAndAdministrative": "5020000", "researchAndDevelopment": "0", "operatingExpenses": "19258000", "investmentIncomeNet": "None", "netInterestIncome": "None", "interestIncome": "None", "interestExpense": "16976000", "nonInterestIncome": "None", "otherNonOperatingIncome": "None", "depreciation": "None", "depreciationAndAmortization": "12630000", "incomeBeforeTax": "27573000", "incomeTaxExpense": "0", "interestAndDebtExpense": "None", "netIncomeFromContinuingOperations": "0", "comprehensiveIncomeNetOfTax": "None", "ebit": "11226000", "ebitda": "23856000", "netIncome": "27573000"}, {"fiscalDateEnding": "2004-12-31", "reportedCurrency": "USD", "grossProfit": "57259000", "totalRevenue": "57259000", "costOfRevenue": "17859000", "costofGoodsAndServicesSold": "17859000", "operatingIncome": "87096000", "sellingGeneralAndAdministrative": "5970000", "researchAndDevelopment": "0", "operatingExpenses": "-31560000", "investmentIncomeNet": "None", "netInterestIncome": "None", "interestIncome": "None", "interestExpense": "17849000", "nonInterestIncome": "None", "otherNonOperatingIncome": "None", "depreciation": "None", "depreciationAndAmortization": "19106000", "incomeBeforeTax": "162753000", "incomeTaxExpense": "74226000", "interestAndDebtExpense": "None", "netIncomeFromContinuingOperations": "0", "comprehensiveIncomeNetOfTax": "None", "ebit": "88819000", "ebitda": "107925000", "netIncome": "46674000"}]}