{"symbol": "WBD", "annualReports": [{"fiscalDateEnding": "2024-12-31", "reportedCurrency": "USD", "grossProfit": "16351000000", "totalRevenue": "39321000000", "costOfRevenue": "22970000000", "costofGoodsAndServicesSold": "22970000000", "operatingIncome": "-10032000000", "sellingGeneralAndAdministrative": "1206000000", "researchAndDevelopment": "None", "operatingExpenses": "26383000000", "investmentIncomeNet": "None", "netInterestIncome": "-1807000000", "interestIncome": "210000000", "interestExpense": "2017000000", "nonInterestIncome": "None", "otherNonOperatingIncome": "None", "depreciation": "None", "depreciationAndAmortization": "7037000000", "incomeBeforeTax": "-11388000000", "incomeTaxExpense": "-94000000", "interestAndDebtExpense": "None", "netIncomeFromContinuingOperations": "-11482000000", "comprehensiveIncomeNetOfTax": "None", "ebit": "-13405000000", "ebitda": "-6368000000", "netIncome": "-11294000000"}, {"fiscalDateEnding": "2023-12-31", "reportedCurrency": "USD", "grossProfit": "16795000000", "totalRevenue": "41321000000", "costOfRevenue": "24526000000", "costofGoodsAndServicesSold": "24526000000", "operatingIncome": "-1548000000", "sellingGeneralAndAdministrative": "996000000", "researchAndDevelopment": "None", "operatingExpenses": "18343000000", "investmentIncomeNet": "None", "netInterestIncome": "-2042000000", "interestIncome": "179000000", "interestExpense": "2221000000", "nonInterestIncome": "None", "otherNonOperatingIncome": "None", "depreciation": "None", "depreciationAndAmortization": "7985000000", "incomeBeforeTax": "-3863000000", "incomeTaxExpense": "-784000000", "interestAndDebtExpense": "None", "netIncomeFromContinuingOperations": "-3079000000", "comprehensiveIncomeNetOfTax": "None", "ebit": "-1601000000", "ebitda": "6384000000", "netIncome": "-3126000000"}, {"fiscalDateEnding": "2022-12-31", "reportedCurrency": "USD", "grossProfit": "13375000000", "totalRevenue": "33817000000", "costOfRevenue": "20442000000", "costofGoodsAndServicesSold": "20442000000", "operatingIncome": "-3582000000", "sellingGeneralAndAdministrative": "1154000000", "researchAndDevelopment": "None", "operatingExpenses": "16871000000", "investmentIncomeNet": "None", "netInterestIncome": "-1777000000", "interestIncome": "1664000000", "interestExpense": "1777000000", "nonInterestIncome": "None", "otherNonOperatingIncome": "187000000", "depreciation": "None", "depreciationAndAmortization": "7193000000", "incomeBeforeTax": "-8960000000", "incomeTaxExpense": "-1663000000", "interestAndDebtExpense": "None", "netIncomeFromContinuingOperations": "-7297000000", "comprehensiveIncomeNetOfTax": "None", "ebit": "-7152000000", "ebitda": "41000000", "netIncome": "-7297000000"}, {"fiscalDateEnding": "2021-12-31", "reportedCurrency": "USD", "grossProfit": "7571000000", "totalRevenue": "12191000000", "costOfRevenue": "4620000000", "costofGoodsAndServicesSold": "4620000000", "operatingIncome": "2012000000", "sellingGeneralAndAdministrative": "2199000000", "researchAndDevelopment": "None", "operatingExpenses": "5598000000", "investmentIncomeNet": "None", "netInterestIncome": "-615000000", "interestIncome": "18000000", "interestExpense": "633000000", "nonInterestIncome": "None", "otherNonOperatingIncome": "54000000", "depreciation": "None", "depreciationAndAmortization": "1582000000", "incomeBeforeTax": "1433000000", "incomeTaxExpense": "236000000", "interestAndDebtExpense": "None", "netIncomeFromContinuingOperations": "1197000000", "comprehensiveIncomeNetOfTax": "None", "ebit": "2073000000", "ebitda": "3655000000", "netIncome": "1006000000"}, {"fiscalDateEnding": "2020-12-31", "reportedCurrency": "USD", "grossProfit": "6811000000", "totalRevenue": "10671000000", "costOfRevenue": "3860000000", "costofGoodsAndServicesSold": "3860000000", "operatingIncome": "2515000000", "sellingGeneralAndAdministrative": "2861000000", "researchAndDevelopment": "None", "operatingExpenses": "4081000000", "investmentIncomeNet": "None", "netInterestIncome": "-638000000", "interestIncome": "10000000", "interestExpense": "648000000", "nonInterestIncome": "None", "otherNonOperatingIncome": "None", "depreciation": "None", "depreciationAndAmortization": "1359000000", "incomeBeforeTax": "1728000000", "incomeTaxExpense": "373000000", "interestAndDebtExpense": "None", "netIncomeFromContinuingOperations": "1355000000", "comprehensiveIncomeNetOfTax": "None", "ebit": "2420000000", "ebitda": "3779000000", "netIncome": "1219000000"}, {"fiscalDateEnding": "2019-12-31", "reportedCurrency": "USD", "grossProfit": "7325000000", "totalRevenue": "11144000000", "costOfRevenue": "3819000000", "costofGoodsAndServicesSold": "3819000000", "operatingIncome": "3009000000", "sellingGeneralAndAdministrative": "3256000000", "researchAndDevelopment": "None", "operatingExpenses": "4135000000", "investmentIncomeNet": "None", "netInterestIncome": "-655000000", "interestIncome": "22000000", "interestExpense": "677000000", "nonInterestIncome": "None", "otherNonOperatingIncome": "None", "depreciation": "None", "depreciationAndAmortization": "1347000000", "incomeBeforeTax": "2294000000", "incomeTaxExpense": "81000000", "interestAndDebtExpense": "None", "netIncomeFromContinuingOperations": "2213000000", "comprehensiveIncomeNetOfTax": "None", "ebit": "3013000000", "ebitda": "4360000000", "netIncome": "2069000000"}, {"fiscalDateEnding": "2018-12-31", "reportedCurrency": "USD", "grossProfit": "6618000000", "totalRevenue": "10553000000", "costOfRevenue": "3935000000", "costofGoodsAndServicesSold": "3935000000", "operatingIncome": "1934000000", "sellingGeneralAndAdministrative": "2894000000", "researchAndDevelopment": "None", "operatingExpenses": "4018000000", "investmentIncomeNet": "None", "netInterestIncome": "-714000000", "interestIncome": "15000000", "interestExpense": "729000000", "nonInterestIncome": "None", "otherNonOperatingIncome": "None", "depreciation": "None", "depreciationAndAmortization": "1398000000", "incomeBeforeTax": "1022000000", "incomeTaxExpense": "341000000", "interestAndDebtExpense": "None", "netIncomeFromContinuingOperations": "681000000", "comprehensiveIncomeNetOfTax": "None", "ebit": "1765000000", "ebitda": "3163000000", "netIncome": "594000000"}, {"fiscalDateEnding": "2017-12-31", "reportedCurrency": "USD", "grossProfit": "4217000000", "totalRevenue": "6873000000", "costOfRevenue": "2656000000", "costofGoodsAndServicesSold": "2656000000", "operatingIncome": "713000000", "sellingGeneralAndAdministrative": "1305000000", "researchAndDevelopment": "None", "operatingExpenses": "2098000000", "investmentIncomeNet": "None", "netInterestIncome": "None", "interestIncome": "797000000", "interestExpense": "475000000", "nonInterestIncome": "None", "otherNonOperatingIncome": "None", "depreciation": "None", "depreciationAndAmortization": "330000000", "incomeBeforeTax": "-137000000", "incomeTaxExpense": "176000000", "interestAndDebtExpense": "None", "netIncomeFromContinuingOperations": "None", "comprehensiveIncomeNetOfTax": "None", "ebit": "2230000000", "ebitda": "2560000000", "netIncome": "-337000000"}, {"fiscalDateEnding": "2016-12-31", "reportedCurrency": "USD", "grossProfit": "4065000000", "totalRevenue": "6497000000", "costOfRevenue": "2432000000", "costofGoodsAndServicesSold": "2432000000", "operatingIncome": "2058000000", "sellingGeneralAndAdministrative": "1280000000", "researchAndDevelopment": "None", "operatingExpenses": "2012000000", "investmentIncomeNet": "None", "netInterestIncome": "None", "interestIncome": "328000000", "interestExpense": "353000000", "nonInterestIncome": "None", "otherNonOperatingIncome": "None", "depreciation": "None", "depreciationAndAmortization": "322000000", "incomeBeforeTax": "1671000000", "incomeTaxExpense": "453000000", "interestAndDebtExpense": "None", "netIncomeFromContinuingOperations": "None", "comprehensiveIncomeNetOfTax": "None", "ebit": "2021000000", "ebitda": "2343000000", "netIncome": "1194000000"}, {"fiscalDateEnding": "2015-12-31", "reportedCurrency": "USD", "grossProfit": "4051000000", "totalRevenue": "6394000000", "costOfRevenue": "2343000000", "costofGoodsAndServicesSold": "2343000000", "operatingIncome": "1985000000", "sellingGeneralAndAdministrative": "1335000000", "researchAndDevelopment": "None", "operatingExpenses": "1999000000", "investmentIncomeNet": "None", "netInterestIncome": "None", "interestIncome": "None", "interestExpense": "330000000", "nonInterestIncome": "None", "otherNonOperatingIncome": "None", "depreciation": "None", "depreciationAndAmortization": "2039000000", "incomeBeforeTax": "1559000000", "incomeTaxExpense": "511000000", "interestAndDebtExpense": "None", "netIncomeFromContinuingOperations": "None", "comprehensiveIncomeNetOfTax": "None", "ebit": "172000000", "ebitda": "2211000000", "netIncome": "1034000000"}, {"fiscalDateEnding": "2014-12-31", "reportedCurrency": "USD", "grossProfit": "4141000000", "totalRevenue": "6265000000", "costOfRevenue": "2124000000", "costofGoodsAndServicesSold": "2124000000", "operatingIncome": "2061000000", "sellingGeneralAndAdministrative": "1397000000", "researchAndDevelopment": "None", "operatingExpenses": "2021000000", "investmentIncomeNet": "None", "netInterestIncome": "None", "interestIncome": "None", "interestExpense": "328000000", "nonInterestIncome": "None", "otherNonOperatingIncome": "None", "depreciation": "None", "depreciationAndAmortization": "1886000000", "incomeBeforeTax": "1747000000", "incomeTaxExpense": "610000000", "interestAndDebtExpense": "None", "netIncomeFromContinuingOperations": "None", "comprehensiveIncomeNetOfTax": "None", "ebit": "518000000", "ebitda": "2404000000", "netIncome": "1139000000"}, {"fiscalDateEnding": "2013-12-31", "reportedCurrency": "USD", "grossProfit": "3846000000", "totalRevenue": "5535000000", "costOfRevenue": "1689000000", "costofGoodsAndServicesSold": "1689000000", "operatingIncome": "1998000000", "sellingGeneralAndAdministrative": "1164000000", "researchAndDevelopment": "None", "operatingExpenses": "1851000000", "investmentIncomeNet": "None", "netInterestIncome": "None", "interestIncome": "None", "interestExpense": "306000000", "nonInterestIncome": "None", "otherNonOperatingIncome": "None", "depreciation": "None", "depreciationAndAmortization": "1466000000", "incomeBeforeTax": "1736000000", "incomeTaxExpense": "659000000", "interestAndDebtExpense": "None", "netIncomeFromContinuingOperations": "None", "comprehensiveIncomeNetOfTax": "None", "ebit": "852000000", "ebitda": "2318000000", "netIncome": "1075000000"}, {"fiscalDateEnding": "2012-12-31", "reportedCurrency": "USD", "grossProfit": "3269000000", "totalRevenue": "4487000000", "costOfRevenue": "1218000000", "costofGoodsAndServicesSold": "1218000000", "operatingIncome": "1855000000", "sellingGeneralAndAdministrative": "746000000", "researchAndDevelopment": "None", "operatingExpenses": "1408000000", "investmentIncomeNet": "None", "netInterestIncome": "None", "interestIncome": "None", "interestExpense": "248000000", "nonInterestIncome": "None", "otherNonOperatingIncome": "None", "depreciation": "None", "depreciationAndAmortization": "982000000", "incomeBeforeTax": "1518000000", "incomeTaxExpense": "562000000", "interestAndDebtExpense": "None", "netIncomeFromContinuingOperations": "None", "comprehensiveIncomeNetOfTax": "None", "ebit": "901000000", "ebitda": "1883000000", "netIncome": "943000000"}, {"fiscalDateEnding": "2011-12-31", "reportedCurrency": "USD", "grossProfit": "3002000000", "totalRevenue": "4235000000", "costOfRevenue": "1233000000", "costofGoodsAndServicesSold": "1233000000", "operatingIncome": "1799000000", "sellingGeneralAndAdministrative": "669000000", "researchAndDevelopment": "None", "operatingExpenses": "1302000000", "investmentIncomeNet": "None", "netInterestIncome": "None", "interestIncome": "None", "interestExpense": "208000000", "nonInterestIncome": "None", "otherNonOperatingIncome": "None", "depreciation": "None", "depreciationAndAmortization": "965000000", "incomeBeforeTax": "1559000000", "incomeTaxExpense": "425000000", "interestAndDebtExpense": "None", "netIncomeFromContinuingOperations": "None", "comprehensiveIncomeNetOfTax": "None", "ebit": "921000000", "ebitda": "1886000000", "netIncome": "1132000000"}, {"fiscalDateEnding": "2010-12-31", "reportedCurrency": "USD", "grossProfit": "2700000000", "totalRevenue": "3773000000", "costOfRevenue": "1073000000", "costofGoodsAndServicesSold": "1073000000", "operatingIncome": "1360000000", "sellingGeneralAndAdministrative": "460000000", "researchAndDevelopment": "None", "operatingExpenses": "1315000000", "investmentIncomeNet": "None", "netInterestIncome": "None", "interestIncome": "None", "interestExpense": "203000000", "nonInterestIncome": "None", "otherNonOperatingIncome": "None", "depreciation": "None", "depreciationAndAmortization": "132000000", "incomeBeforeTax": "935000000", "incomeTaxExpense": "277000000", "interestAndDebtExpense": "None", "netIncomeFromContinuingOperations": "None", "comprehensiveIncomeNetOfTax": "None", "ebit": "1870000000", "ebitda": "2002000000", "netIncome": "664000000"}, {"fiscalDateEnding": "2009-12-31", "reportedCurrency": "USD", "grossProfit": "2451000000", "totalRevenue": "3516000000", "costOfRevenue": "1065000000", "costofGoodsAndServicesSold": "1065000000", "operatingIncome": "1235000000", "sellingGeneralAndAdministrative": "181000000", "researchAndDevelopment": "None", "operatingExpenses": "1150000000", "investmentIncomeNet": "None", "netInterestIncome": "None", "interestIncome": "None", "interestExpense": "248000000", "nonInterestIncome": "None", "otherNonOperatingIncome": "None", "depreciation": "None", "depreciationAndAmortization": "155000000", "incomeBeforeTax": "1031000000", "incomeTaxExpense": "472000000", "interestAndDebtExpense": "None", "netIncomeFromContinuingOperations": "None", "comprehensiveIncomeNetOfTax": "None", "ebit": "1225000000", "ebitda": "1380000000", "netIncome": "560000000"}, {"fiscalDateEnding": "2008-12-31", "reportedCurrency": "USD", "grossProfit": "2419000000", "totalRevenue": "3443000000", "costOfRevenue": "1024000000", "costofGoodsAndServicesSold": "1024000000", "operatingIncome": "1057000000", "sellingGeneralAndAdministrative": "281000000", "researchAndDevelopment": "None", "operatingExpenses": "1331000000", "investmentIncomeNet": "None", "netInterestIncome": "None", "interestIncome": "None", "interestExpense": "258000000", "nonInterestIncome": "None", "otherNonOperatingIncome": "None", "depreciation": "None", "depreciationAndAmortization": "232000000", "incomeBeforeTax": "754000000", "incomeTaxExpense": "352000000", "interestAndDebtExpense": "None", "netIncomeFromContinuingOperations": "None", "comprehensiveIncomeNetOfTax": "None", "ebit": "1118000000", "ebitda": "1350000000", "netIncome": "317000000"}, {"fiscalDateEnding": "2007-12-31", "reportedCurrency": "USD", "grossProfit": "216180000", "totalRevenue": "707214000", "costOfRevenue": "491034000", "costofGoodsAndServicesSold": "491034000", "operatingIncome": "-167643000", "sellingGeneralAndAdministrative": "None", "researchAndDevelopment": "None", "operatingExpenses": "383062000", "investmentIncomeNet": "None", "netInterestIncome": "None", "interestIncome": "None", "interestExpense": "None", "nonInterestIncome": "None", "otherNonOperatingIncome": "None", "depreciation": "None", "depreciationAndAmortization": "67732000", "incomeBeforeTax": "-9235000", "incomeTaxExpense": "59157000", "interestAndDebtExpense": "None", "netIncomeFromContinuingOperations": "None", "comprehensiveIncomeNetOfTax": "None", "ebit": "-7732000", "ebitda": "60000000", "netIncome": "-68392000"}, {"fiscalDateEnding": "2006-12-31", "reportedCurrency": "USD", "grossProfit": "233605000", "totalRevenue": "688087000", "costOfRevenue": "454482000", "costofGoodsAndServicesSold": "454482000", "operatingIncome": "-115137000", "sellingGeneralAndAdministrative": "None", "researchAndDevelopment": "None", "operatingExpenses": "336650000", "investmentIncomeNet": "None", "netInterestIncome": "None", "interestIncome": "None", "interestExpense": "None", "nonInterestIncome": "None", "otherNonOperatingIncome": "None", "depreciation": "None", "depreciationAndAmortization": "67929000", "incomeBeforeTax": "-2068000", "incomeTaxExpense": "43942000", "interestAndDebtExpense": "None", "netIncomeFromContinuingOperations": "None", "comprehensiveIncomeNetOfTax": "None", "ebit": "-102929000", "ebitda": "-35000000", "netIncome": "-46010000"}, {"fiscalDateEnding": "2005-12-31", "reportedCurrency": "USD", "grossProfit": "248670000", "totalRevenue": "694509000", "costOfRevenue": "445839000", "costofGoodsAndServicesSold": "445839000", "operatingIncome": "-1402000", "sellingGeneralAndAdministrative": "None", "researchAndDevelopment": "None", "operatingExpenses": "245960000", "investmentIncomeNet": "None", "netInterestIncome": "None", "interestIncome": "None", "interestExpense": "None", "nonInterestIncome": "None", "otherNonOperatingIncome": "None", "depreciation": "None", "depreciationAndAmortization": "76377000", "incomeBeforeTax": "82112000", "incomeTaxExpense": "48836000", "interestAndDebtExpense": "None", "netIncomeFromContinuingOperations": "None", "comprehensiveIncomeNetOfTax": "None", "ebit": "82112000", "ebitda": "158489000", "netIncome": "33276000"}], "quarterlyReports": [{"fiscalDateEnding": "2024-12-31", "reportedCurrency": "USD", "grossProfit": "8145000000", "totalRevenue": "10033000000", "costOfRevenue": "1888000000", "costofGoodsAndServicesSold": "1888000000", "operatingIncome": "-9564000000", "sellingGeneralAndAdministrative": "759000000", "researchAndDevelopment": "None", "operatingExpenses": "17709000000", "investmentIncomeNet": "None", "netInterestIncome": "-452000000", "interestIncome": "38000000", "interestExpense": "490000000", "nonInterestIncome": "None", "otherNonOperatingIncome": "None", "depreciation": "None", "depreciationAndAmortization": "4710000000", "incomeBeforeTax": "-356000000", "incomeTaxExpense": "284000000", "interestAndDebtExpense": "None", "netIncomeFromContinuingOperations": "-640000000", "comprehensiveIncomeNetOfTax": "None", "ebit": "134000000", "ebitda": "4844000000", "netIncome": "-339000000"}, {"fiscalDateEnding": "2024-09-30", "reportedCurrency": "USD", "grossProfit": "4442000000", "totalRevenue": "9623000000", "costOfRevenue": "5181000000", "costofGoodsAndServicesSold": "5181000000", "operatingIncome": "281000000", "sellingGeneralAndAdministrative": "703000000", "researchAndDevelopment": "None", "operatingExpenses": "4161000000", "investmentIncomeNet": "None", "netInterestIncome": "-445000000", "interestIncome": "49000000", "interestExpense": "494000000", "nonInterestIncome": "None", "otherNonOperatingIncome": "None", "depreciation": "None", "depreciationAndAmortization": "1762000000", "incomeBeforeTax": "-178000000", "incomeTaxExpense": "-175000000", "interestAndDebtExpense": "None", "netIncomeFromContinuingOperations": "141000000", "comprehensiveIncomeNetOfTax": "None", "ebit": "-672000000", "ebitda": "1090000000", "netIncome": "-3000000"}, {"fiscalDateEnding": "2024-06-30", "reportedCurrency": "USD", "grossProfit": "1767000000", "totalRevenue": "9711000000", "costOfRevenue": "7944000000", "costofGoodsAndServicesSold": "7944000000", "operatingIncome": "-635000000", "sellingGeneralAndAdministrative": "28000000", "researchAndDevelopment": "None", "operatingExpenses": "2402000000", "investmentIncomeNet": "None", "netInterestIncome": "-455000000", "interestIncome": "63000000", "interestExpense": "518000000", "nonInterestIncome": "None", "otherNonOperatingIncome": "None", "depreciation": "None", "depreciationAndAmortization": "1744000000", "incomeBeforeTax": "-10035000000", "incomeTaxExpense": "-7000000", "interestAndDebtExpense": "None", "netIncomeFromContinuingOperations": "-10028000000", "comprehensiveIncomeNetOfTax": "None", "ebit": "-10553000000", "ebitda": "-8809000000", "netIncome": "-9986000000"}, {"fiscalDateEnding": "2024-03-31", "reportedCurrency": "USD", "grossProfit": "1997000000", "totalRevenue": "9954000000", "costOfRevenue": "7957000000", "costofGoodsAndServicesSold": "7957000000", "operatingIncome": "-114000000", "sellingGeneralAndAdministrative": "84000000", "researchAndDevelopment": "None", "operatingExpenses": "2111000000", "investmentIncomeNet": "None", "netInterestIncome": "-455000000", "interestIncome": "60000000", "interestExpense": "515000000", "nonInterestIncome": "None", "otherNonOperatingIncome": "None", "depreciation": "None", "depreciationAndAmortization": "1888000000", "incomeBeforeTax": "-819000000", "incomeTaxExpense": "136000000", "interestAndDebtExpense": "None", "netIncomeFromContinuingOperations": "-955000000", "comprehensiveIncomeNetOfTax": "None", "ebit": "-299000000", "ebitda": "1589000000", "netIncome": "-966000000"}, {"fiscalDateEnding": "2023-12-31", "reportedCurrency": "USD", "grossProfit": "2361000000", "totalRevenue": "10289000000", "costOfRevenue": "7928000000", "costofGoodsAndServicesSold": "7928000000", "operatingIncome": "-40000000", "sellingGeneralAndAdministrative": "27000000", "researchAndDevelopment": "None", "operatingExpenses": "2401000000", "investmentIncomeNet": "None", "netInterestIncome": "-451000000", "interestIncome": "51000000", "interestExpense": "525000000", "nonInterestIncome": "None", "otherNonOperatingIncome": "None", "depreciation": "None", "depreciationAndAmortization": "2024000000", "incomeBeforeTax": "-613000000", "incomeTaxExpense": "-221000000", "interestAndDebtExpense": "None", "netIncomeFromContinuingOperations": "-392000000", "comprehensiveIncomeNetOfTax": "None", "ebit": "-88000000", "ebitda": "1936000000", "netIncome": "-400000000"}, {"fiscalDateEnding": "2023-09-30", "reportedCurrency": "USD", "grossProfit": "4670000000", "totalRevenue": "9979000000", "costOfRevenue": "5309000000", "costofGoodsAndServicesSold": "5309000000", "operatingIncome": "97000000", "sellingGeneralAndAdministrative": "495000000", "researchAndDevelopment": "None", "operatingExpenses": "4280000000", "investmentIncomeNet": "None", "netInterestIncome": "-531000000", "interestIncome": "43000000", "interestExpense": "574000000", "nonInterestIncome": "None", "otherNonOperatingIncome": "None", "depreciation": "None", "depreciationAndAmortization": "1989000000", "incomeBeforeTax": "-532000000", "incomeTaxExpense": "-125000000", "interestAndDebtExpense": "None", "netIncomeFromContinuingOperations": "-407000000", "comprehensiveIncomeNetOfTax": "None", "ebit": "48000000", "ebitda": "2037000000", "netIncome": "-417000000"}, {"fiscalDateEnding": "2023-06-30", "reportedCurrency": "USD", "grossProfit": "3722000000", "totalRevenue": "10358000000", "costOfRevenue": "6636000000", "costofGoodsAndServicesSold": "6636000000", "operatingIncome": "-906000000", "sellingGeneralAndAdministrative": "43000000", "researchAndDevelopment": "None", "operatingExpenses": "4476000000", "investmentIncomeNet": "None", "netInterestIncome": "-574000000", "interestIncome": "611000000", "interestExpense": "574000000", "nonInterestIncome": "None", "otherNonOperatingIncome": "None", "depreciation": "None", "depreciationAndAmortization": "1914000000", "incomeBeforeTax": "-1480000000", "incomeTaxExpense": "-260000000", "interestAndDebtExpense": "None", "netIncomeFromContinuingOperations": "-1220000000", "comprehensiveIncomeNetOfTax": "None", "ebit": "-901000000", "ebitda": "1013000000", "netIncome": "-1240000000"}, {"fiscalDateEnding": "2023-03-31", "reportedCurrency": "USD", "grossProfit": "4015000000", "totalRevenue": "10700000000", "costOfRevenue": "6685000000", "costofGoodsAndServicesSold": "6685000000", "operatingIncome": "-412000000", "sellingGeneralAndAdministrative": "90000000", "researchAndDevelopment": "None", "operatingExpenses": "4446000000", "investmentIncomeNet": "None", "netInterestIncome": "-515000000", "interestIncome": "56000000", "interestExpense": "571000000", "nonInterestIncome": "None", "otherNonOperatingIncome": "-110000000", "depreciation": "None", "depreciationAndAmortization": "2058000000", "incomeBeforeTax": "-1238000000", "incomeTaxExpense": "-178000000", "interestAndDebtExpense": "None", "netIncomeFromContinuingOperations": "-1060000000", "comprehensiveIncomeNetOfTax": "None", "ebit": "-661000000", "ebitda": "1397000000", "netIncome": "-1060000000"}, {"fiscalDateEnding": "2022-12-31", "reportedCurrency": "USD", "grossProfit": "4054000000", "totalRevenue": "11008000000", "costOfRevenue": "6954000000", "costofGoodsAndServicesSold": "6954000000", "operatingIncome": "-605000000", "sellingGeneralAndAdministrative": "1810000000", "researchAndDevelopment": "None", "operatingExpenses": "4680000000", "investmentIncomeNet": "None", "netInterestIncome": "-558000000", "interestIncome": "693000000", "interestExpense": "558000000", "nonInterestIncome": "None", "otherNonOperatingIncome": "-89000000", "depreciation": "None", "depreciationAndAmortization": "2169000000", "incomeBeforeTax": "-2541000000", "incomeTaxExpense": "-462000000", "interestAndDebtExpense": "None", "netIncomeFromContinuingOperations": "-2079000000", "comprehensiveIncomeNetOfTax": "None", "ebit": "-1978000000", "ebitda": "191000000", "netIncome": "-2079000000"}, {"fiscalDateEnding": "2022-09-30", "reportedCurrency": "USD", "grossProfit": "4196000000", "totalRevenue": "9823000000", "costOfRevenue": "5627000000", "costofGoodsAndServicesSold": "5627000000", "operatingIncome": "-2190000000", "sellingGeneralAndAdministrative": "2589000000", "researchAndDevelopment": "None", "operatingExpenses": "12013000000", "investmentIncomeNet": "None", "netInterestIncome": "-555000000", "interestIncome": "696000000", "interestExpense": "555000000", "nonInterestIncome": "None", "otherNonOperatingIncome": "-106000000", "depreciation": "None", "depreciationAndAmortization": "2233000000", "incomeBeforeTax": "-2851000000", "incomeTaxExpense": "-566000000", "interestAndDebtExpense": "None", "netIncomeFromContinuingOperations": "-2285000000", "comprehensiveIncomeNetOfTax": "None", "ebit": "-2319000000", "ebitda": "3349000000", "netIncome": "-2308000000"}, {"fiscalDateEnding": "2022-06-30", "reportedCurrency": "USD", "grossProfit": "3202000000", "totalRevenue": "9827000000", "costOfRevenue": "6625000000", "costofGoodsAndServicesSold": "6625000000", "operatingIncome": "-3639000000", "sellingGeneralAndAdministrative": "3538000000", "researchAndDevelopment": "None", "operatingExpenses": "13466000000", "investmentIncomeNet": "None", "netInterestIncome": "-511000000", "interestIncome": "596000000", "interestExpense": "511000000", "nonInterestIncome": "None", "otherNonOperatingIncome": "-94000000", "depreciation": "None", "depreciationAndAmortization": "2266000000", "incomeBeforeTax": "-4244000000", "incomeTaxExpense": "-836000000", "interestAndDebtExpense": "None", "netIncomeFromContinuingOperations": "-3408000000", "comprehensiveIncomeNetOfTax": "None", "ebit": "-3743000000", "ebitda": "4141000000", "netIncome": "-3418000000"}, {"fiscalDateEnding": "2022-03-31", "reportedCurrency": "USD", "grossProfit": "1923000000", "totalRevenue": "3159000000", "costOfRevenue": "1236000000", "costofGoodsAndServicesSold": "1236000000", "operatingIncome": "353000000", "sellingGeneralAndAdministrative": "1040000000", "researchAndDevelopment": "None", "operatingExpenses": "2806000000", "investmentIncomeNet": "None", "netInterestIncome": "-151000000", "interestIncome": "2000000", "interestExpense": "153000000", "nonInterestIncome": "None", "otherNonOperatingIncome": "476000000", "depreciation": "None", "depreciationAndAmortization": "525000000", "incomeBeforeTax": "676000000", "incomeTaxExpense": "201000000", "interestAndDebtExpense": "None", "netIncomeFromContinuingOperations": "475000000", "comprehensiveIncomeNetOfTax": "None", "ebit": "810000000", "ebitda": "2308000000", "netIncome": "475000000"}, {"fiscalDateEnding": "2021-12-31", "reportedCurrency": "USD", "grossProfit": "2120000000", "totalRevenue": "3187000000", "costOfRevenue": "1067000000", "costofGoodsAndServicesSold": "1067000000", "operatingIncome": "508000000", "sellingGeneralAndAdministrative": "1069000000", "researchAndDevelopment": "None", "operatingExpenses": "2679000000", "investmentIncomeNet": "None", "netInterestIncome": "-140000000", "interestIncome": "14000000", "interestExpense": "154000000", "nonInterestIncome": "None", "otherNonOperatingIncome": "-171000000", "depreciation": "None", "depreciationAndAmortization": "439000000", "incomeBeforeTax": "183000000", "incomeTaxExpense": "92000000", "interestAndDebtExpense": "None", "netIncomeFromContinuingOperations": "91000000", "comprehensiveIncomeNetOfTax": "None", "ebit": "284000000", "ebitda": "1589000000", "netIncome": "178000000"}, {"fiscalDateEnding": "2021-09-30", "reportedCurrency": "USD", "grossProfit": "1621000000", "totalRevenue": "3150000000", "costOfRevenue": "1529000000", "costofGoodsAndServicesSold": "1529000000", "operatingIncome": "329000000", "sellingGeneralAndAdministrative": "944000000", "researchAndDevelopment": "None", "operatingExpenses": "2821000000", "investmentIncomeNet": "None", "netInterestIncome": "-158000000", "interestIncome": "1000000", "interestExpense": "159000000", "nonInterestIncome": "None", "otherNonOperatingIncome": "None", "depreciation": "None", "depreciationAndAmortization": "341000000", "incomeBeforeTax": "233000000", "incomeTaxExpense": "36000000", "interestAndDebtExpense": "None", "netIncomeFromContinuingOperations": "197000000", "comprehensiveIncomeNetOfTax": "None", "ebit": "351000000", "ebitda": "1911000000", "netIncome": "156000000"}, {"fiscalDateEnding": "2021-06-30", "reportedCurrency": "USD", "grossProfit": "2007000000", "totalRevenue": "3062000000", "costOfRevenue": "1055000000", "costofGoodsAndServicesSold": "1055000000", "operatingIncome": "779000000", "sellingGeneralAndAdministrative": "952000000", "researchAndDevelopment": "None", "operatingExpenses": "2283000000", "investmentIncomeNet": "None", "netInterestIncome": "-155000000", "interestIncome": "2000000", "interestExpense": "157000000", "nonInterestIncome": "None", "otherNonOperatingIncome": "None", "depreciation": "None", "depreciationAndAmortization": "341000000", "incomeBeforeTax": "720000000", "incomeTaxExpense": "2000000", "interestAndDebtExpense": "None", "netIncomeFromContinuingOperations": "718000000", "comprehensiveIncomeNetOfTax": "None", "ebit": "831000000", "ebitda": "1945000000", "netIncome": "672000000"}, {"fiscalDateEnding": "2021-03-31", "reportedCurrency": "USD", "grossProfit": "1823000000", "totalRevenue": "2792000000", "costOfRevenue": "969000000", "costofGoodsAndServicesSold": "969000000", "operatingIncome": "396000000", "sellingGeneralAndAdministrative": "1051000000", "researchAndDevelopment": "None", "operatingExpenses": "2396000000", "investmentIncomeNet": "None", "netInterestIncome": "-162000000", "interestIncome": "1000000", "interestExpense": "163000000", "nonInterestIncome": "None", "otherNonOperatingIncome": "None", "depreciation": "None", "depreciationAndAmortization": "361000000", "incomeBeforeTax": "297000000", "incomeTaxExpense": "106000000", "interestAndDebtExpense": "None", "netIncomeFromContinuingOperations": "191000000", "comprehensiveIncomeNetOfTax": "None", "ebit": "409000000", "ebitda": "1513000000", "netIncome": "191000000"}, {"fiscalDateEnding": "2020-12-31", "reportedCurrency": "USD", "grossProfit": "1757000000", "totalRevenue": "2886000000", "costOfRevenue": "1129000000", "costofGoodsAndServicesSold": "1129000000", "operatingIncome": "488000000", "sellingGeneralAndAdministrative": "4774000000", "researchAndDevelopment": "None", "operatingExpenses": "1167000000", "investmentIncomeNet": "None", "netInterestIncome": "None", "interestIncome": "65000000", "interestExpense": "163000000", "nonInterestIncome": "None", "otherNonOperatingIncome": "None", "depreciation": "None", "depreciationAndAmortization": "1196000000", "incomeBeforeTax": "416000000", "incomeTaxExpense": "98000000", "interestAndDebtExpense": "None", "netIncomeFromContinuingOperations": "None", "comprehensiveIncomeNetOfTax": "None", "ebit": "579000000", "ebitda": "1775000000", "netIncome": "271000000"}, {"fiscalDateEnding": "2020-09-30", "reportedCurrency": "USD", "grossProfit": "1558000000", "totalRevenue": "2561000000", "costOfRevenue": "1003000000", "costofGoodsAndServicesSold": "1003000000", "operatingIncome": "531000000", "sellingGeneralAndAdministrative": "673000000", "researchAndDevelopment": "None", "operatingExpenses": "974000000", "investmentIncomeNet": "None", "netInterestIncome": "None", "interestIncome": "None", "interestExpense": "161000000", "nonInterestIncome": "None", "otherNonOperatingIncome": "None", "depreciation": "None", "depreciationAndAmortization": "341000000", "incomeBeforeTax": "319000000", "incomeTaxExpense": "-11000000", "interestAndDebtExpense": "None", "netIncomeFromContinuingOperations": "None", "comprehensiveIncomeNetOfTax": "None", "ebit": "490000000", "ebitda": "831000000", "netIncome": "300000000"}, {"fiscalDateEnding": "2020-06-30", "reportedCurrency": "USD", "grossProfit": "1731000000", "totalRevenue": "2541000000", "costOfRevenue": "810000000", "costofGoodsAndServicesSold": "810000000", "operatingIncome": "717000000", "sellingGeneralAndAdministrative": "638000000", "researchAndDevelopment": "None", "operatingExpenses": "969000000", "investmentIncomeNet": "None", "netInterestIncome": "None", "interestIncome": "None", "interestExpense": "161000000", "nonInterestIncome": "None", "otherNonOperatingIncome": "None", "depreciation": "None", "depreciationAndAmortization": "985000000", "incomeBeforeTax": "456000000", "incomeTaxExpense": "156000000", "interestAndDebtExpense": "None", "netIncomeFromContinuingOperations": "None", "comprehensiveIncomeNetOfTax": "None", "ebit": "-23000000", "ebitda": "962000000", "netIncome": "271000000"}, {"fiscalDateEnding": "2020-03-31", "reportedCurrency": "USD", "grossProfit": "1765000000", "totalRevenue": "2683000000", "costOfRevenue": "918000000", "costofGoodsAndServicesSold": "918000000", "operatingIncome": "779000000", "sellingGeneralAndAdministrative": "757000000", "researchAndDevelopment": "None", "operatingExpenses": "971000000", "investmentIncomeNet": "None", "netInterestIncome": "None", "interestIncome": "None", "interestExpense": "163000000", "nonInterestIncome": "None", "otherNonOperatingIncome": "None", "depreciation": "None", "depreciationAndAmortization": "1030000000", "incomeBeforeTax": "537000000", "incomeTaxExpense": "130000000", "interestAndDebtExpense": "None", "netIncomeFromContinuingOperations": "None", "comprehensiveIncomeNetOfTax": "None", "ebit": "8000000", "ebitda": "1038000000", "netIncome": "377000000"}, {"fiscalDateEnding": "2019-12-31", "reportedCurrency": "USD", "grossProfit": "1837000000", "totalRevenue": "2874000000", "costOfRevenue": "1037000000", "costofGoodsAndServicesSold": "1037000000", "operatingIncome": "705000000", "sellingGeneralAndAdministrative": "5251000000", "researchAndDevelopment": "None", "operatingExpenses": "1126000000", "investmentIncomeNet": "None", "netInterestIncome": "None", "interestIncome": "None", "interestExpense": "162000000", "nonInterestIncome": "None", "otherNonOperatingIncome": "None", "depreciation": "None", "depreciationAndAmortization": "333000000", "incomeBeforeTax": "563000000", "incomeTaxExpense": "52000000", "interestAndDebtExpense": "None", "netIncomeFromContinuingOperations": "None", "comprehensiveIncomeNetOfTax": "None", "ebit": "735000000", "ebitda": "1068000000", "netIncome": "476000000"}, {"fiscalDateEnding": "2019-09-30", "reportedCurrency": "USD", "grossProfit": "1764000000", "totalRevenue": "2678000000", "costOfRevenue": "914000000", "costofGoodsAndServicesSold": "914000000", "operatingIncome": "619000000", "sellingGeneralAndAdministrative": "753000000", "researchAndDevelopment": "None", "operatingExpenses": "982000000", "investmentIncomeNet": "None", "netInterestIncome": "None", "interestIncome": "None", "interestExpense": "163000000", "nonInterestIncome": "None", "otherNonOperatingIncome": "None", "depreciation": "None", "depreciationAndAmortization": "1022000000", "incomeBeforeTax": "444000000", "incomeTaxExpense": "147000000", "interestAndDebtExpense": "None", "netIncomeFromContinuingOperations": "None", "comprehensiveIncomeNetOfTax": "None", "ebit": "-78000000", "ebitda": "944000000", "netIncome": "262000000"}, {"fiscalDateEnding": "2019-06-30", "reportedCurrency": "USD", "grossProfit": "1947000000", "totalRevenue": "2885000000", "costOfRevenue": "938000000", "costofGoodsAndServicesSold": "938000000", "operatingIncome": "911000000", "sellingGeneralAndAdministrative": "910000000", "researchAndDevelopment": "None", "operatingExpenses": "1029000000", "investmentIncomeNet": "None", "netInterestIncome": "None", "interestIncome": "None", "interestExpense": "161000000", "nonInterestIncome": "None", "otherNonOperatingIncome": "None", "depreciation": "None", "depreciationAndAmortization": "320000000", "incomeBeforeTax": "716000000", "incomeTaxExpense": "-271000000", "interestAndDebtExpense": "None", "netIncomeFromContinuingOperations": "None", "comprehensiveIncomeNetOfTax": "None", "ebit": "887000000", "ebitda": "1207000000", "netIncome": "947000000"}, {"fiscalDateEnding": "2019-03-31", "reportedCurrency": "USD", "grossProfit": "1777000000", "totalRevenue": "2707000000", "costOfRevenue": "930000000", "costofGoodsAndServicesSold": "930000000", "operatingIncome": "774000000", "sellingGeneralAndAdministrative": "789000000", "researchAndDevelopment": "None", "operatingExpenses": "998000000", "investmentIncomeNet": "None", "netInterestIncome": "None", "interestIncome": "None", "interestExpense": "182000000", "nonInterestIncome": "None", "otherNonOperatingIncome": "None", "depreciation": "None", "depreciationAndAmortization": "1069000000", "incomeBeforeTax": "571000000", "incomeTaxExpense": "153000000", "interestAndDebtExpense": "None", "netIncomeFromContinuingOperations": "None", "comprehensiveIncomeNetOfTax": "None", "ebit": "63000000", "ebitda": "1132000000", "netIncome": "384000000"}, {"fiscalDateEnding": "2018-12-31", "reportedCurrency": "USD", "grossProfit": "1863000000", "totalRevenue": "2809000000", "costOfRevenue": "946000000", "costofGoodsAndServicesSold": "946000000", "operatingIncome": "711000000", "sellingGeneralAndAdministrative": "4857000000", "researchAndDevelopment": "None", "operatingExpenses": "1054000000", "investmentIncomeNet": "None", "netInterestIncome": "None", "interestIncome": "None", "interestExpense": "171000000", "nonInterestIncome": "None", "otherNonOperatingIncome": "None", "depreciation": "None", "depreciationAndAmortization": "1162000000", "incomeBeforeTax": "494000000", "incomeTaxExpense": "195000000", "interestAndDebtExpense": "None", "netIncomeFromContinuingOperations": "None", "comprehensiveIncomeNetOfTax": "None", "ebit": "665000000", "ebitda": "1827000000", "netIncome": "269000000"}, {"fiscalDateEnding": "2018-09-30", "reportedCurrency": "USD", "grossProfit": "1658000000", "totalRevenue": "2592000000", "costOfRevenue": "934000000", "costofGoodsAndServicesSold": "934000000", "operatingIncome": "369000000", "sellingGeneralAndAdministrative": "698000000", "researchAndDevelopment": "None", "operatingExpenses": "1065000000", "investmentIncomeNet": "None", "netInterestIncome": "None", "interestIncome": "None", "interestExpense": "185000000", "nonInterestIncome": "None", "otherNonOperatingIncome": "None", "depreciation": "None", "depreciationAndAmortization": "2921000000", "incomeBeforeTax": "178000000", "incomeTaxExpense": "43000000", "interestAndDebtExpense": "None", "netIncomeFromContinuingOperations": "None", "comprehensiveIncomeNetOfTax": "None", "ebit": "-2154000000", "ebitda": "767000000", "netIncome": "117000000"}, {"fiscalDateEnding": "2018-06-30", "reportedCurrency": "USD", "grossProfit": "1850000000", "totalRevenue": "2845000000", "costOfRevenue": "995000000", "costofGoodsAndServicesSold": "995000000", "operatingIncome": "650000000", "sellingGeneralAndAdministrative": "876000000", "researchAndDevelopment": "None", "operatingExpenses": "1097000000", "investmentIncomeNet": "None", "netInterestIncome": "None", "interestIncome": "None", "interestExpense": "196000000", "nonInterestIncome": "None", "otherNonOperatingIncome": "None", "depreciation": "None", "depreciationAndAmortization": "410000000", "incomeBeforeTax": "367000000", "incomeTaxExpense": "123000000", "interestAndDebtExpense": "None", "netIncomeFromContinuingOperations": "None", "comprehensiveIncomeNetOfTax": "None", "ebit": "563000000", "ebitda": "973000000", "netIncome": "216000000"}, {"fiscalDateEnding": "2018-03-31", "reportedCurrency": "USD", "grossProfit": "1247000000", "totalRevenue": "2307000000", "costOfRevenue": "1060000000", "costofGoodsAndServicesSold": "1060000000", "operatingIncome": "204000000", "sellingGeneralAndAdministrative": "403000000", "researchAndDevelopment": "None", "operatingExpenses": "802000000", "investmentIncomeNet": "None", "netInterestIncome": "None", "interestIncome": "None", "interestExpense": "177000000", "nonInterestIncome": "None", "otherNonOperatingIncome": "None", "depreciation": "None", "depreciationAndAmortization": "193000000", "incomeBeforeTax": "-17000000", "incomeTaxExpense": "-20000000", "interestAndDebtExpense": "None", "netIncomeFromContinuingOperations": "None", "comprehensiveIncomeNetOfTax": "None", "ebit": "160000000", "ebitda": "353000000", "netIncome": "-8000000"}, {"fiscalDateEnding": "2017-12-31", "reportedCurrency": "USD", "grossProfit": "1119000000", "totalRevenue": "1864000000", "costOfRevenue": "745000000", "costofGoodsAndServicesSold": "745000000", "operatingIncome": "-837000000", "sellingGeneralAndAdministrative": "2566000000", "researchAndDevelopment": "None", "operatingExpenses": "597000000", "investmentIncomeNet": "None", "netInterestIncome": "None", "interestIncome": "None", "interestExpense": "157000000", "nonInterestIncome": "None", "otherNonOperatingIncome": "None", "depreciation": "None", "depreciationAndAmortization": "90000000", "incomeBeforeTax": "-1050000000", "incomeTaxExpense": "87000000", "interestAndDebtExpense": "None", "netIncomeFromContinuingOperations": "None", "comprehensiveIncomeNetOfTax": "None", "ebit": "-893000000", "ebitda": "-803000000", "netIncome": "-1144000000"}, {"fiscalDateEnding": "2017-09-30", "reportedCurrency": "USD", "grossProfit": "981000000", "totalRevenue": "1651000000", "costOfRevenue": "670000000", "costofGoodsAndServicesSold": "670000000", "operatingIncome": "433000000", "sellingGeneralAndAdministrative": "248000000", "researchAndDevelopment": "None", "operatingExpenses": "537000000", "investmentIncomeNet": "None", "netInterestIncome": "None", "interestIncome": "None", "interestExpense": "136000000", "nonInterestIncome": "None", "otherNonOperatingIncome": "None", "depreciation": "None", "depreciationAndAmortization": "567000000", "incomeBeforeTax": "164000000", "incomeTaxExpense": "-59000000", "interestAndDebtExpense": "None", "netIncomeFromContinuingOperations": "None", "comprehensiveIncomeNetOfTax": "None", "ebit": "-187000000", "ebitda": "380000000", "netIncome": "218000000"}, {"fiscalDateEnding": "2017-06-30", "reportedCurrency": "USD", "grossProfit": "1111000000", "totalRevenue": "1745000000", "costOfRevenue": "634000000", "costofGoodsAndServicesSold": "634000000", "operatingIncome": "630000000", "sellingGeneralAndAdministrative": "416000000", "researchAndDevelopment": "None", "operatingExpenses": "469000000", "investmentIncomeNet": "None", "netInterestIncome": "None", "interestIncome": "None", "interestExpense": "91000000", "nonInterestIncome": "None", "otherNonOperatingIncome": "None", "depreciation": "None", "depreciationAndAmortization": "80000000", "incomeBeforeTax": "473000000", "incomeTaxExpense": "93000000", "interestAndDebtExpense": "None", "netIncomeFromContinuingOperations": "None", "comprehensiveIncomeNetOfTax": "None", "ebit": "644000000", "ebitda": "724000000", "netIncome": "374000000"}, {"fiscalDateEnding": "2017-03-31", "reportedCurrency": "USD", "grossProfit": "1006000000", "totalRevenue": "1613000000", "costOfRevenue": "607000000", "costofGoodsAndServicesSold": "607000000", "operatingIncome": "487000000", "sellingGeneralAndAdministrative": "272000000", "researchAndDevelopment": "None", "operatingExpenses": "495000000", "investmentIncomeNet": "None", "netInterestIncome": "None", "interestIncome": "None", "interestExpense": "91000000", "nonInterestIncome": "None", "otherNonOperatingIncome": "None", "depreciation": "None", "depreciationAndAmortization": "538000000", "incomeBeforeTax": "276000000", "incomeTaxExpense": "55000000", "interestAndDebtExpense": "None", "netIncomeFromContinuingOperations": "None", "comprehensiveIncomeNetOfTax": "None", "ebit": "53000000", "ebitda": "591000000", "netIncome": "215000000"}, {"fiscalDateEnding": "2016-12-31", "reportedCurrency": "USD", "grossProfit": "1027000000", "totalRevenue": "1672000000", "costOfRevenue": "645000000", "costofGoodsAndServicesSold": "645000000", "operatingIncome": "525000000", "sellingGeneralAndAdministrative": "2507000000", "researchAndDevelopment": "None", "operatingExpenses": "546000000", "investmentIncomeNet": "None", "netInterestIncome": "None", "interestIncome": "None", "interestExpense": "86000000", "nonInterestIncome": "None", "otherNonOperatingIncome": "None", "depreciation": "None", "depreciationAndAmortization": "83000000", "incomeBeforeTax": "460000000", "incomeTaxExpense": "151000000", "interestAndDebtExpense": "None", "netIncomeFromContinuingOperations": "None", "comprehensiveIncomeNetOfTax": "None", "ebit": "546000000", "ebitda": "629000000", "netIncome": "304000000"}, {"fiscalDateEnding": "2016-09-30", "reportedCurrency": "USD", "grossProfit": "964000000", "totalRevenue": "1556000000", "costOfRevenue": "592000000", "costofGoodsAndServicesSold": "592000000", "operatingIncome": "458000000", "sellingGeneralAndAdministrative": "251000000", "researchAndDevelopment": "None", "operatingExpenses": "499000000", "investmentIncomeNet": "None", "netInterestIncome": "None", "interestIncome": "None", "interestExpense": "91000000", "nonInterestIncome": "None", "otherNonOperatingIncome": "None", "depreciation": "None", "depreciationAndAmortization": "509000000", "incomeBeforeTax": "321000000", "incomeTaxExpense": "96000000", "interestAndDebtExpense": "None", "netIncomeFromContinuingOperations": "None", "comprehensiveIncomeNetOfTax": "None", "ebit": "-18000000", "ebitda": "491000000", "netIncome": "219000000"}, {"fiscalDateEnding": "2016-06-30", "reportedCurrency": "USD", "grossProfit": "1105000000", "totalRevenue": "1708000000", "costOfRevenue": "603000000", "costofGoodsAndServicesSold": "603000000", "operatingIncome": "586000000", "sellingGeneralAndAdministrative": "413000000", "researchAndDevelopment": "None", "operatingExpenses": "480000000", "investmentIncomeNet": "None", "netInterestIncome": "None", "interestIncome": "None", "interestExpense": "91000000", "nonInterestIncome": "None", "otherNonOperatingIncome": "None", "depreciation": "None", "depreciationAndAmortization": "503000000", "incomeBeforeTax": "510000000", "incomeTaxExpense": "95000000", "interestAndDebtExpense": "None", "netIncomeFromContinuingOperations": "None", "comprehensiveIncomeNetOfTax": "None", "ebit": "601000000", "ebitda": "1104000000", "netIncome": "408000000"}, {"fiscalDateEnding": "2016-03-31", "reportedCurrency": "USD", "grossProfit": "969000000", "totalRevenue": "1561000000", "costOfRevenue": "592000000", "costofGoodsAndServicesSold": "592000000", "operatingIncome": "489000000", "sellingGeneralAndAdministrative": "279000000", "researchAndDevelopment": "None", "operatingExpenses": "487000000", "investmentIncomeNet": "None", "netInterestIncome": "None", "interestIncome": "None", "interestExpense": "85000000", "nonInterestIncome": "None", "otherNonOperatingIncome": "None", "depreciation": "None", "depreciationAndAmortization": "520000000", "incomeBeforeTax": "380000000", "incomeTaxExpense": "111000000", "interestAndDebtExpense": "None", "netIncomeFromContinuingOperations": "None", "comprehensiveIncomeNetOfTax": "None", "ebit": "465000000", "ebitda": "985000000", "netIncome": "263000000"}, {"fiscalDateEnding": "2015-12-31", "reportedCurrency": "USD", "grossProfit": "1006000000", "totalRevenue": "1646000000", "costOfRevenue": "640000000", "costofGoodsAndServicesSold": "640000000", "operatingIncome": "441000000", "sellingGeneralAndAdministrative": "2559000000", "researchAndDevelopment": "None", "operatingExpenses": "532000000", "investmentIncomeNet": "None", "netInterestIncome": "None", "interestIncome": "None", "interestExpense": "82000000", "nonInterestIncome": "None", "otherNonOperatingIncome": "None", "depreciation": "None", "depreciationAndAmortization": "87000000", "incomeBeforeTax": "343000000", "incomeTaxExpense": "117000000", "interestAndDebtExpense": "None", "netIncomeFromContinuingOperations": "None", "comprehensiveIncomeNetOfTax": "None", "ebit": "522000000", "ebitda": "609000000", "netIncome": "219000000"}, {"fiscalDateEnding": "2015-09-30", "reportedCurrency": "USD", "grossProfit": "983000000", "totalRevenue": "1557000000", "costOfRevenue": "574000000", "costofGoodsAndServicesSold": "574000000", "operatingIncome": "505000000", "sellingGeneralAndAdministrative": "305000000", "researchAndDevelopment": "None", "operatingExpenses": "474000000", "investmentIncomeNet": "None", "netInterestIncome": "None", "interestIncome": "None", "interestExpense": "82000000", "nonInterestIncome": "None", "otherNonOperatingIncome": "None", "depreciation": "None", "depreciationAndAmortization": "497000000", "incomeBeforeTax": "413000000", "incomeTaxExpense": "130000000", "interestAndDebtExpense": "None", "netIncomeFromContinuingOperations": "None", "comprehensiveIncomeNetOfTax": "None", "ebit": "495000000", "ebitda": "992000000", "netIncome": "279000000"}, {"fiscalDateEnding": "2015-06-30", "reportedCurrency": "USD", "grossProfit": "1090000000", "totalRevenue": "1654000000", "costOfRevenue": "564000000", "costofGoodsAndServicesSold": "564000000", "operatingIncome": "557000000", "sellingGeneralAndAdministrative": "384000000", "researchAndDevelopment": "None", "operatingExpenses": "512000000", "investmentIncomeNet": "None", "netInterestIncome": "None", "interestIncome": "None", "interestExpense": "77000000", "nonInterestIncome": "None", "otherNonOperatingIncome": "None", "depreciation": "None", "depreciationAndAmortization": "501000000", "incomeBeforeTax": "428000000", "incomeTaxExpense": "139000000", "interestAndDebtExpense": "None", "netIncomeFromContinuingOperations": "None", "comprehensiveIncomeNetOfTax": "None", "ebit": "505000000", "ebitda": "1006000000", "netIncome": "286000000"}, {"fiscalDateEnding": "2015-03-31", "reportedCurrency": "USD", "grossProfit": "972000000", "totalRevenue": "1537000000", "costOfRevenue": "565000000", "costofGoodsAndServicesSold": "565000000", "operatingIncome": "482000000", "sellingGeneralAndAdministrative": "287000000", "researchAndDevelopment": "None", "operatingExpenses": "481000000", "investmentIncomeNet": "None", "netInterestIncome": "None", "interestIncome": "None", "interestExpense": "89000000", "nonInterestIncome": "None", "otherNonOperatingIncome": "None", "depreciation": "None", "depreciationAndAmortization": "488000000", "incomeBeforeTax": "375000000", "incomeTaxExpense": "125000000", "interestAndDebtExpense": "None", "netIncomeFromContinuingOperations": "None", "comprehensiveIncomeNetOfTax": "None", "ebit": "464000000", "ebitda": "952000000", "netIncome": "250000000"}, {"fiscalDateEnding": "2014-12-31", "reportedCurrency": "USD", "grossProfit": "1078000000", "totalRevenue": "1676000000", "costOfRevenue": "598000000", "costofGoodsAndServicesSold": "598000000", "operatingIncome": "476000000", "sellingGeneralAndAdministrative": "2644000000", "researchAndDevelopment": "None", "operatingExpenses": "531000000", "investmentIncomeNet": "None", "netInterestIncome": "None", "interestIncome": "None", "interestExpense": "81000000", "nonInterestIncome": "None", "otherNonOperatingIncome": "None", "depreciation": "None", "depreciationAndAmortization": "86000000", "incomeBeforeTax": "364000000", "incomeTaxExpense": "129000000", "interestAndDebtExpense": "None", "netIncomeFromContinuingOperations": "None", "comprehensiveIncomeNetOfTax": "None", "ebit": "565000000", "ebitda": "651000000", "netIncome": "250000000"}, {"fiscalDateEnding": "2014-09-30", "reportedCurrency": "USD", "grossProfit": "1039000000", "totalRevenue": "1568000000", "costOfRevenue": "529000000", "costofGoodsAndServicesSold": "529000000", "operatingIncome": "511000000", "sellingGeneralAndAdministrative": "293000000", "researchAndDevelopment": "None", "operatingExpenses": "517000000", "investmentIncomeNet": "None", "netInterestIncome": "None", "interestIncome": "None", "interestExpense": "83000000", "nonInterestIncome": "None", "otherNonOperatingIncome": "None", "depreciation": "None", "depreciationAndAmortization": "463000000", "incomeBeforeTax": "442000000", "incomeTaxExpense": "155000000", "interestAndDebtExpense": "None", "netIncomeFromContinuingOperations": "None", "comprehensiveIncomeNetOfTax": "None", "ebit": "150000000", "ebitda": "613000000", "netIncome": "280000000"}, {"fiscalDateEnding": "2014-06-30", "reportedCurrency": "USD", "grossProfit": "1095000000", "totalRevenue": "1610000000", "costOfRevenue": "515000000", "costofGoodsAndServicesSold": "515000000", "operatingIncome": "640000000", "sellingGeneralAndAdministrative": "438000000", "researchAndDevelopment": "None", "operatingExpenses": "481000000", "investmentIncomeNet": "None", "netInterestIncome": "None", "interestIncome": "None", "interestExpense": "83000000", "nonInterestIncome": "None", "otherNonOperatingIncome": "None", "depreciation": "None", "depreciationAndAmortization": "430000000", "incomeBeforeTax": "592000000", "incomeTaxExpense": "208000000", "interestAndDebtExpense": "None", "netIncomeFromContinuingOperations": "None", "comprehensiveIncomeNetOfTax": "None", "ebit": "675000000", "ebitda": "1105000000", "netIncome": "379000000"}, {"fiscalDateEnding": "2014-03-31", "reportedCurrency": "USD", "grossProfit": "929000000", "totalRevenue": "1411000000", "costOfRevenue": "482000000", "costofGoodsAndServicesSold": "482000000", "operatingIncome": "434000000", "sellingGeneralAndAdministrative": "280000000", "researchAndDevelopment": "None", "operatingExpenses": "492000000", "investmentIncomeNet": "None", "netInterestIncome": "None", "interestIncome": "None", "interestExpense": "81000000", "nonInterestIncome": "None", "otherNonOperatingIncome": "None", "depreciation": "None", "depreciationAndAmortization": "433000000", "incomeBeforeTax": "349000000", "incomeTaxExpense": "118000000", "interestAndDebtExpense": "None", "netIncomeFromContinuingOperations": "None", "comprehensiveIncomeNetOfTax": "None", "ebit": "430000000", "ebitda": "863000000", "netIncome": "230000000"}, {"fiscalDateEnding": "2013-12-31", "reportedCurrency": "USD", "grossProfit": "1062000000", "totalRevenue": "1537000000", "costOfRevenue": "475000000", "costofGoodsAndServicesSold": "475000000", "operatingIncome": "521000000", "sellingGeneralAndAdministrative": "2289000000", "researchAndDevelopment": "None", "operatingExpenses": "536000000", "investmentIncomeNet": "None", "netInterestIncome": "None", "interestIncome": "None", "interestExpense": "78000000", "nonInterestIncome": "None", "otherNonOperatingIncome": "None", "depreciation": "None", "depreciationAndAmortization": "426000000", "incomeBeforeTax": "459000000", "incomeTaxExpense": "169000000", "interestAndDebtExpense": "None", "netIncomeFromContinuingOperations": "None", "comprehensiveIncomeNetOfTax": "None", "ebit": "537000000", "ebitda": "963000000", "netIncome": "289000000"}, {"fiscalDateEnding": "2013-09-30", "reportedCurrency": "USD", "grossProfit": "940000000", "totalRevenue": "1375000000", "costOfRevenue": "435000000", "costofGoodsAndServicesSold": "435000000", "operatingIncome": "499000000", "sellingGeneralAndAdministrative": "286000000", "researchAndDevelopment": "None", "operatingExpenses": "459000000", "investmentIncomeNet": "None", "netInterestIncome": "None", "interestIncome": "None", "interestExpense": "80000000", "nonInterestIncome": "None", "otherNonOperatingIncome": "None", "depreciation": "None", "depreciationAndAmortization": "80000000", "incomeBeforeTax": "419000000", "incomeTaxExpense": "163000000", "interestAndDebtExpense": "None", "netIncomeFromContinuingOperations": "None", "comprehensiveIncomeNetOfTax": "None", "ebit": "481000000", "ebitda": "561000000", "netIncome": "255000000"}, {"fiscalDateEnding": "2013-06-30", "reportedCurrency": "USD", "grossProfit": "1030000000", "totalRevenue": "1467000000", "costOfRevenue": "437000000", "costofGoodsAndServicesSold": "437000000", "operatingIncome": "564000000", "sellingGeneralAndAdministrative": "370000000", "researchAndDevelopment": "None", "operatingExpenses": "457000000", "investmentIncomeNet": "None", "netInterestIncome": "None", "interestIncome": "None", "interestExpense": "80000000", "nonInterestIncome": "None", "otherNonOperatingIncome": "None", "depreciation": "None", "depreciationAndAmortization": "389000000", "incomeBeforeTax": "481000000", "incomeTaxExpense": "181000000", "interestAndDebtExpense": "None", "netIncomeFromContinuingOperations": "None", "comprehensiveIncomeNetOfTax": "None", "ebit": "561000000", "ebitda": "950000000", "netIncome": "300000000"}, {"fiscalDateEnding": "2013-03-31", "reportedCurrency": "USD", "grossProfit": "814000000", "totalRevenue": "1156000000", "costOfRevenue": "342000000", "costofGoodsAndServicesSold": "342000000", "operatingIncome": "414000000", "sellingGeneralAndAdministrative": "141000000", "researchAndDevelopment": "None", "operatingExpenses": "399000000", "investmentIncomeNet": "None", "netInterestIncome": "None", "interestIncome": "None", "interestExpense": "68000000", "nonInterestIncome": "None", "otherNonOperatingIncome": "None", "depreciation": "None", "depreciationAndAmortization": "263000000", "incomeBeforeTax": "377000000", "incomeTaxExpense": "146000000", "interestAndDebtExpense": "None", "netIncomeFromContinuingOperations": "None", "comprehensiveIncomeNetOfTax": "None", "ebit": "445000000", "ebitda": "708000000", "netIncome": "231000000"}, {"fiscalDateEnding": "2012-12-31", "reportedCurrency": "USD", "grossProfit": "872000000", "totalRevenue": "1200000000", "costOfRevenue": "328000000", "costofGoodsAndServicesSold": "328000000", "operatingIncome": "481000000", "sellingGeneralAndAdministrative": "1678000000", "researchAndDevelopment": "None", "operatingExpenses": "389000000", "investmentIncomeNet": "None", "netInterestIncome": "None", "interestIncome": "None", "interestExpense": "64000000", "nonInterestIncome": "None", "otherNonOperatingIncome": "None", "depreciation": "None", "depreciationAndAmortization": "895000000", "incomeBeforeTax": "405000000", "incomeTaxExpense": "181000000", "interestAndDebtExpense": "None", "netIncomeFromContinuingOperations": "None", "comprehensiveIncomeNetOfTax": "None", "ebit": "469000000", "ebitda": "1364000000", "netIncome": "224000000"}, {"fiscalDateEnding": "2012-09-30", "reportedCurrency": "USD", "grossProfit": "780000000", "totalRevenue": "1076000000", "costOfRevenue": "296000000", "costofGoodsAndServicesSold": "296000000", "operatingIncome": "438000000", "sellingGeneralAndAdministrative": "154000000", "researchAndDevelopment": "None", "operatingExpenses": "341000000", "investmentIncomeNet": "None", "netInterestIncome": "None", "interestIncome": "None", "interestExpense": "68000000", "nonInterestIncome": "None", "otherNonOperatingIncome": "None", "depreciation": "None", "depreciationAndAmortization": "-395000000", "incomeBeforeTax": "349000000", "incomeTaxExpense": "134000000", "interestAndDebtExpense": "None", "netIncomeFromContinuingOperations": "None", "comprehensiveIncomeNetOfTax": "None", "ebit": "1055000000", "ebitda": "660000000", "netIncome": "205000000"}, {"fiscalDateEnding": "2012-06-30", "reportedCurrency": "USD", "grossProfit": "828000000", "totalRevenue": "1142000000", "costOfRevenue": "314000000", "costofGoodsAndServicesSold": "314000000", "operatingIncome": "487000000", "sellingGeneralAndAdministrative": "226000000", "researchAndDevelopment": "None", "operatingExpenses": "339000000", "investmentIncomeNet": "None", "netInterestIncome": "None", "interestIncome": "None", "interestExpense": "61000000", "nonInterestIncome": "None", "otherNonOperatingIncome": "None", "depreciation": "None", "depreciationAndAmortization": "31000000", "incomeBeforeTax": "420000000", "incomeTaxExpense": "127000000", "interestAndDebtExpense": "None", "netIncomeFromContinuingOperations": "None", "comprehensiveIncomeNetOfTax": "None", "ebit": "489000000", "ebitda": "520000000", "netIncome": "293000000"}, {"fiscalDateEnding": "2012-03-31", "reportedCurrency": "USD", "grossProfit": "792000000", "totalRevenue": "1103000000", "costOfRevenue": "311000000", "costofGoodsAndServicesSold": "311000000", "operatingIncome": "446000000", "sellingGeneralAndAdministrative": "138000000", "researchAndDevelopment": "None", "operatingExpenses": "345000000", "investmentIncomeNet": "None", "netInterestIncome": "None", "interestIncome": "None", "interestExpense": "55000000", "nonInterestIncome": "None", "otherNonOperatingIncome": "None", "depreciation": "None", "depreciationAndAmortization": "30000000", "incomeBeforeTax": "341000000", "incomeTaxExpense": "119000000", "interestAndDebtExpense": "None", "netIncomeFromContinuingOperations": "None", "comprehensiveIncomeNetOfTax": "None", "ebit": "605000000", "ebitda": "635000000", "netIncome": "221000000"}, {"fiscalDateEnding": "2011-12-31", "reportedCurrency": "USD", "grossProfit": "792000000", "totalRevenue": "1122000000", "costOfRevenue": "330000000", "costofGoodsAndServicesSold": "330000000", "operatingIncome": "421000000", "sellingGeneralAndAdministrative": "1533000000", "researchAndDevelopment": "None", "operatingExpenses": "477000000", "investmentIncomeNet": "None", "netInterestIncome": "None", "interestIncome": "None", "interestExpense": "54000000", "nonInterestIncome": "None", "otherNonOperatingIncome": "None", "depreciation": "None", "depreciationAndAmortization": "875000000", "incomeBeforeTax": "345000000", "incomeTaxExpense": "8000000", "interestAndDebtExpense": "None", "netIncomeFromContinuingOperations": "None", "comprehensiveIncomeNetOfTax": "None", "ebit": "399000000", "ebitda": "1274000000", "netIncome": "336000000"}, {"fiscalDateEnding": "2011-09-30", "reportedCurrency": "USD", "grossProfit": "753000000", "totalRevenue": "1095000000", "costOfRevenue": "342000000", "costofGoodsAndServicesSold": "342000000", "operatingIncome": "426000000", "sellingGeneralAndAdministrative": "147000000", "researchAndDevelopment": "None", "operatingExpenses": "325000000", "investmentIncomeNet": "None", "netInterestIncome": "None", "interestIncome": "None", "interestExpense": "56000000", "nonInterestIncome": "None", "otherNonOperatingIncome": "None", "depreciation": "None", "depreciationAndAmortization": "30000000", "incomeBeforeTax": "365000000", "incomeTaxExpense": "127000000", "interestAndDebtExpense": "None", "netIncomeFromContinuingOperations": "None", "comprehensiveIncomeNetOfTax": "None", "ebit": "428000000", "ebitda": "458000000", "netIncome": "237000000"}, {"fiscalDateEnding": "2011-06-30", "reportedCurrency": "USD", "grossProfit": "779000000", "totalRevenue": "1067000000", "costOfRevenue": "288000000", "costofGoodsAndServicesSold": "288000000", "operatingIncome": "445000000", "sellingGeneralAndAdministrative": "194000000", "researchAndDevelopment": "None", "operatingExpenses": "330000000", "investmentIncomeNet": "None", "netInterestIncome": "None", "interestIncome": "None", "interestExpense": "49000000", "nonInterestIncome": "None", "otherNonOperatingIncome": "None", "depreciation": "None", "depreciationAndAmortization": "30000000", "incomeBeforeTax": "398000000", "incomeTaxExpense": "144000000", "interestAndDebtExpense": "None", "netIncomeFromContinuingOperations": "None", "comprehensiveIncomeNetOfTax": "None", "ebit": "447000000", "ebitda": "477000000", "netIncome": "254000000"}, {"fiscalDateEnding": "2011-03-31", "reportedCurrency": "USD", "grossProfit": "678000000", "totalRevenue": "951000000", "costOfRevenue": "273000000", "costofGoodsAndServicesSold": "273000000", "operatingIncome": "507000000", "sellingGeneralAndAdministrative": "123000000", "researchAndDevelopment": "None", "operatingExpenses": "170000000", "investmentIncomeNet": "None", "netInterestIncome": "None", "interestIncome": "None", "interestExpense": "49000000", "nonInterestIncome": "None", "otherNonOperatingIncome": "None", "depreciation": "None", "depreciationAndAmortization": "30000000", "incomeBeforeTax": "451000000", "incomeTaxExpense": "146000000", "interestAndDebtExpense": "None", "netIncomeFromContinuingOperations": "None", "comprehensiveIncomeNetOfTax": "None", "ebit": "516000000", "ebitda": "546000000", "netIncome": "305000000"}, {"fiscalDateEnding": "2010-12-31", "reportedCurrency": "USD", "grossProfit": "724000000", "totalRevenue": "1015000000", "costOfRevenue": "291000000", "costofGoodsAndServicesSold": "291000000", "operatingIncome": "394000000", "sellingGeneralAndAdministrative": "1354000000", "researchAndDevelopment": "None", "operatingExpenses": "323000000", "investmentIncomeNet": "None", "netInterestIncome": "None", "interestIncome": "None", "interestExpense": "48000000", "nonInterestIncome": "None", "otherNonOperatingIncome": "None", "depreciation": "None", "depreciationAndAmortization": "32000000", "incomeBeforeTax": "317000000", "incomeTaxExpense": "117000000", "interestAndDebtExpense": "None", "netIncomeFromContinuingOperations": "None", "comprehensiveIncomeNetOfTax": "None", "ebit": "154000000", "ebitda": "186000000", "netIncome": "191000000"}, {"fiscalDateEnding": "2010-09-30", "reportedCurrency": "USD", "grossProfit": "665000000", "totalRevenue": "926000000", "costOfRevenue": "261000000", "costofGoodsAndServicesSold": "261000000", "operatingIncome": "312000000", "sellingGeneralAndAdministrative": "96000000", "researchAndDevelopment": "None", "operatingExpenses": "338000000", "investmentIncomeNet": "None", "netInterestIncome": "None", "interestIncome": "None", "interestExpense": "49000000", "nonInterestIncome": "None", "otherNonOperatingIncome": "None", "depreciation": "None", "depreciationAndAmortization": "-317000000", "incomeBeforeTax": "247000000", "incomeTaxExpense": "83000000", "interestAndDebtExpense": "None", "netIncomeFromContinuingOperations": "None", "comprehensiveIncomeNetOfTax": "None", "ebit": "646000000", "ebitda": "329000000", "netIncome": "186000000"}, {"fiscalDateEnding": "2010-06-30", "reportedCurrency": "USD", "grossProfit": "709000000", "totalRevenue": "963000000", "costOfRevenue": "254000000", "costofGoodsAndServicesSold": "254000000", "operatingIncome": "372000000", "sellingGeneralAndAdministrative": "131000000", "researchAndDevelopment": "None", "operatingExpenses": "337000000", "investmentIncomeNet": "None", "netInterestIncome": "None", "interestIncome": "None", "interestExpense": "48000000", "nonInterestIncome": "None", "otherNonOperatingIncome": "None", "depreciation": "None", "depreciationAndAmortization": "198000000", "incomeBeforeTax": "151000000", "incomeTaxExpense": "41000000", "interestAndDebtExpense": "None", "netIncomeFromContinuingOperations": "None", "comprehensiveIncomeNetOfTax": "None", "ebit": "545000000", "ebitda": "743000000", "netIncome": "107000000"}, {"fiscalDateEnding": "2010-03-31", "reportedCurrency": "USD", "grossProfit": "610000000", "totalRevenue": "879000000", "costOfRevenue": "269000000", "costofGoodsAndServicesSold": "269000000", "operatingIncome": "283000000", "sellingGeneralAndAdministrative": "208000000", "researchAndDevelopment": "None", "operatingExpenses": "324000000", "investmentIncomeNet": "None", "netInterestIncome": "None", "interestIncome": "None", "interestExpense": "58000000", "nonInterestIncome": "None", "otherNonOperatingIncome": "None", "depreciation": "None", "depreciationAndAmortization": "219000000", "incomeBeforeTax": "220000000", "incomeTaxExpense": "47000000", "interestAndDebtExpense": "None", "netIncomeFromContinuingOperations": "None", "comprehensiveIncomeNetOfTax": "None", "ebit": "93000000", "ebitda": "312000000", "netIncome": "169000000"}, {"fiscalDateEnding": "2009-12-31", "reportedCurrency": "USD", "grossProfit": "666000000", "totalRevenue": "964000000", "costOfRevenue": "298000000", "costofGoodsAndServicesSold": "298000000", "operatingIncome": "292000000", "sellingGeneralAndAdministrative": "1110000000", "researchAndDevelopment": "None", "operatingExpenses": "103000000", "investmentIncomeNet": "None", "netInterestIncome": "None", "interestIncome": "None", "interestExpense": "67000000", "nonInterestIncome": "None", "otherNonOperatingIncome": "None", "depreciation": "None", "depreciationAndAmortization": "37000000", "incomeBeforeTax": "237000000", "incomeTaxExpense": "81000000", "interestAndDebtExpense": "None", "netIncomeFromContinuingOperations": "None", "comprehensiveIncomeNetOfTax": "None", "ebit": "563000000", "ebitda": "600000000", "netIncome": "155000000"}, {"fiscalDateEnding": "2009-09-30", "reportedCurrency": "USD", "grossProfit": "597000000", "totalRevenue": "854000000", "costOfRevenue": "257000000", "costofGoodsAndServicesSold": "257000000", "operatingIncome": "215000000", "sellingGeneralAndAdministrative": "None", "researchAndDevelopment": "None", "operatingExpenses": "378000000", "investmentIncomeNet": "None", "netInterestIncome": "None", "interestIncome": "None", "interestExpense": "66000000", "nonInterestIncome": "None", "otherNonOperatingIncome": "None", "depreciation": "None", "depreciationAndAmortization": "40000000", "incomeBeforeTax": "155000000", "incomeTaxExpense": "54000000", "interestAndDebtExpense": "None", "netIncomeFromContinuingOperations": "None", "comprehensiveIncomeNetOfTax": "None", "ebit": "89000000", "ebitda": "129000000", "netIncome": "101000000"}, {"fiscalDateEnding": "2009-06-30", "reportedCurrency": "USD", "grossProfit": "624000000", "totalRevenue": "881000000", "costOfRevenue": "257000000", "costofGoodsAndServicesSold": "257000000", "operatingIncome": "486000000", "sellingGeneralAndAdministrative": "58000000", "researchAndDevelopment": "None", "operatingExpenses": "350000000", "investmentIncomeNet": "None", "netInterestIncome": "None", "interestIncome": "None", "interestExpense": "60000000", "nonInterestIncome": "None", "otherNonOperatingIncome": "None", "depreciation": "None", "depreciationAndAmortization": "40000000", "incomeBeforeTax": "446000000", "incomeTaxExpense": "267000000", "interestAndDebtExpense": "None", "netIncomeFromContinuingOperations": "None", "comprehensiveIncomeNetOfTax": "None", "ebit": "704000000", "ebitda": "744000000", "netIncome": "185000000"}, {"fiscalDateEnding": "2009-03-31", "reportedCurrency": "USD", "grossProfit": "564000000", "totalRevenue": "817000000", "costOfRevenue": "253000000", "costofGoodsAndServicesSold": "253000000", "operatingIncome": "242000000", "sellingGeneralAndAdministrative": "20000000", "researchAndDevelopment": "None", "operatingExpenses": "319000000", "investmentIncomeNet": "None", "netInterestIncome": "None", "interestIncome": "None", "interestExpense": "57000000", "nonInterestIncome": "None", "otherNonOperatingIncome": "None", "depreciation": "None", "depreciationAndAmortization": "38000000", "incomeBeforeTax": "193000000", "incomeTaxExpense": "70000000", "interestAndDebtExpense": "None", "netIncomeFromContinuingOperations": "None", "comprehensiveIncomeNetOfTax": "None", "ebit": "245000000", "ebitda": "283000000", "netIncome": "119000000"}, {"fiscalDateEnding": "2008-12-31", "reportedCurrency": "USD", "grossProfit": "638000000", "totalRevenue": "904000000", "costOfRevenue": "266000000", "costofGoodsAndServicesSold": "266000000", "operatingIncome": "284000000", "sellingGeneralAndAdministrative": "None", "researchAndDevelopment": "None", "operatingExpenses": "340000000", "investmentIncomeNet": "None", "netInterestIncome": "None", "interestIncome": "None", "interestExpense": "None", "nonInterestIncome": "None", "otherNonOperatingIncome": "None", "depreciation": "None", "depreciationAndAmortization": "-16000000", "incomeBeforeTax": "181000000", "incomeTaxExpense": "67000000", "interestAndDebtExpense": "None", "netIncomeFromContinuingOperations": "None", "comprehensiveIncomeNetOfTax": "None", "ebit": "354000000", "ebitda": "338000000", "netIncome": "106000000"}, {"fiscalDateEnding": "2008-09-30", "reportedCurrency": "USD", "grossProfit": "583000000", "totalRevenue": "845000000", "costOfRevenue": "262000000", "costofGoodsAndServicesSold": "262000000", "operatingIncome": "296000000", "sellingGeneralAndAdministrative": "108000000", "researchAndDevelopment": "None", "operatingExpenses": "274000000", "investmentIncomeNet": "None", "netInterestIncome": "None", "interestIncome": "None", "interestExpense": "61000000", "nonInterestIncome": "None", "otherNonOperatingIncome": "None", "depreciation": "None", "depreciationAndAmortization": "214699000", "incomeBeforeTax": "227000000", "incomeTaxExpense": "93000000", "interestAndDebtExpense": "None", "netIncomeFromContinuingOperations": "None", "comprehensiveIncomeNetOfTax": "None", "ebit": "162301000", "ebitda": "377000000", "netIncome": "134000000"}, {"fiscalDateEnding": "2008-06-30", "reportedCurrency": "USD", "grossProfit": "56565000", "totalRevenue": "194477000", "costOfRevenue": "137912000", "costofGoodsAndServicesSold": "137912000", "operatingIncome": "573000", "sellingGeneralAndAdministrative": "None", "researchAndDevelopment": "None", "operatingExpenses": "55836000", "investmentIncomeNet": "None", "netInterestIncome": "None", "interestIncome": "None", "interestExpense": "66000000", "nonInterestIncome": "None", "otherNonOperatingIncome": "None", "depreciation": "None", "depreciationAndAmortization": "16761000", "incomeBeforeTax": "76106000", "incomeTaxExpense": "30227000", "interestAndDebtExpense": "None", "netIncomeFromContinuingOperations": "None", "comprehensiveIncomeNetOfTax": "None", "ebit": "277239000", "ebitda": "294000000", "netIncome": "45879000"}, {"fiscalDateEnding": "2008-03-31", "reportedCurrency": "USD", "grossProfit": "51245000", "totalRevenue": "189305000", "costOfRevenue": "138060000", "costofGoodsAndServicesSold": "138060000", "operatingIncome": "-7629000", "sellingGeneralAndAdministrative": "None", "researchAndDevelopment": "None", "operatingExpenses": "57617000", "investmentIncomeNet": "None", "netInterestIncome": "None", "interestIncome": "None", "interestExpense": "69000000", "nonInterestIncome": "None", "otherNonOperatingIncome": "None", "depreciation": "None", "depreciationAndAmortization": "16540000", "incomeBeforeTax": "60457000", "incomeTaxExpense": "26466000", "interestAndDebtExpense": "None", "netIncomeFromContinuingOperations": "None", "comprehensiveIncomeNetOfTax": "None", "ebit": "299460000", "ebitda": "316000000", "netIncome": "33991000"}, {"fiscalDateEnding": "2007-12-31", "reportedCurrency": "USD", "grossProfit": "49339000", "totalRevenue": "178199000", "costOfRevenue": "128860000", "costofGoodsAndServicesSold": "128860000", "operatingIncome": "-161960000", "sellingGeneralAndAdministrative": "None", "researchAndDevelopment": "None", "operatingExpenses": "210730000", "investmentIncomeNet": "None", "netInterestIncome": "None", "interestIncome": "None", "interestExpense": "None", "nonInterestIncome": "None", "otherNonOperatingIncome": "None", "depreciation": "None", "depreciationAndAmortization": "17570000", "incomeBeforeTax": "-175667000", "incomeTaxExpense": "-5087000", "interestAndDebtExpense": "None", "netIncomeFromContinuingOperations": "None", "comprehensiveIncomeNetOfTax": "None", "ebit": "-161391000", "ebitda": "-143821000", "netIncome": "-170580000"}, {"fiscalDateEnding": "2007-09-30", "reportedCurrency": "USD", "grossProfit": "55374000", "totalRevenue": "177913000", "costOfRevenue": "122539000", "costofGoodsAndServicesSold": "122539000", "operatingIncome": "-1553000", "sellingGeneralAndAdministrative": "None", "researchAndDevelopment": "None", "operatingExpenses": "56735000", "investmentIncomeNet": "None", "netInterestIncome": "None", "interestIncome": "None", "interestExpense": "None", "nonInterestIncome": "None", "otherNonOperatingIncome": "None", "depreciation": "None", "depreciationAndAmortization": "17176000", "incomeBeforeTax": "11593000", "incomeTaxExpense": "4086000", "interestAndDebtExpense": "None", "netIncomeFromContinuingOperations": "None", "comprehensiveIncomeNetOfTax": "None", "ebit": "-4162000", "ebitda": "13014000", "netIncome": "7507000"}, {"fiscalDateEnding": "2007-06-30", "reportedCurrency": "USD", "grossProfit": "55611000", "totalRevenue": "177220000", "costOfRevenue": "121609000", "costofGoodsAndServicesSold": "121609000", "operatingIncome": "-2929000", "sellingGeneralAndAdministrative": "None", "researchAndDevelopment": "None", "operatingExpenses": "58540000", "investmentIncomeNet": "None", "netInterestIncome": "None", "interestIncome": "None", "interestExpense": "None", "nonInterestIncome": "None", "otherNonOperatingIncome": "None", "depreciation": "None", "depreciationAndAmortization": "17415000", "incomeBeforeTax": "125186000", "incomeTaxExpense": "50969000", "interestAndDebtExpense": "None", "netIncomeFromContinuingOperations": "None", "comprehensiveIncomeNetOfTax": "None", "ebit": "-2929000", "ebitda": "14486000", "netIncome": "74217000"}, {"fiscalDateEnding": "2007-03-31", "reportedCurrency": "USD", "grossProfit": "55856000", "totalRevenue": "173882000", "costOfRevenue": "118026000", "costofGoodsAndServicesSold": "118026000", "operatingIncome": "-1201000", "sellingGeneralAndAdministrative": "None", "researchAndDevelopment": "None", "operatingExpenses": "57057000", "investmentIncomeNet": "None", "netInterestIncome": "None", "interestIncome": "None", "interestExpense": "None", "nonInterestIncome": "None", "otherNonOperatingIncome": "None", "depreciation": "None", "depreciationAndAmortization": "15571000", "incomeBeforeTax": "29653000", "incomeTaxExpense": "9189000", "interestAndDebtExpense": "None", "netIncomeFromContinuingOperations": "None", "comprehensiveIncomeNetOfTax": "None", "ebit": "-1201000", "ebitda": "14370000", "netIncome": "20464000"}, {"fiscalDateEnding": "2006-12-31", "reportedCurrency": "USD", "grossProfit": "63097000", "totalRevenue": "198854000", "costOfRevenue": "135757000", "costofGoodsAndServicesSold": "135757000", "operatingIncome": "-8678000", "sellingGeneralAndAdministrative": "None", "researchAndDevelopment": "None", "operatingExpenses": "63646000", "investmentIncomeNet": "None", "netInterestIncome": "None", "interestIncome": "None", "interestExpense": "None", "nonInterestIncome": "None", "otherNonOperatingIncome": "None", "depreciation": "None", "depreciationAndAmortization": "19934000", "incomeBeforeTax": "13768000", "incomeTaxExpense": "8494000", "interestAndDebtExpense": "None", "netIncomeFromContinuingOperations": "None", "comprehensiveIncomeNetOfTax": "None", "ebit": "-549000", "ebitda": "19385000", "netIncome": "5274000"}, {"fiscalDateEnding": "2006-09-30", "reportedCurrency": "USD", "grossProfit": "58373000", "totalRevenue": "169876000", "costOfRevenue": "111503000", "costofGoodsAndServicesSold": "111503000", "operatingIncome": "-97350000", "sellingGeneralAndAdministrative": "None", "researchAndDevelopment": "None", "operatingExpenses": "152090000", "investmentIncomeNet": "None", "netInterestIncome": "None", "interestIncome": "None", "interestExpense": "None", "nonInterestIncome": "None", "otherNonOperatingIncome": "None", "depreciation": "None", "depreciationAndAmortization": "16036000", "incomeBeforeTax": "-62718000", "incomeTaxExpense": "13915000", "interestAndDebtExpense": "None", "netIncomeFromContinuingOperations": "None", "comprehensiveIncomeNetOfTax": "None", "ebit": "-93717000", "ebitda": "-77681000", "netIncome": "-76633000"}, {"fiscalDateEnding": "2006-06-30", "reportedCurrency": "USD", "grossProfit": "56166000", "totalRevenue": "165789000", "costOfRevenue": "109623000", "costofGoodsAndServicesSold": "109623000", "operatingIncome": "-6215000", "sellingGeneralAndAdministrative": "None", "researchAndDevelopment": "None", "operatingExpenses": "62381000", "investmentIncomeNet": "None", "netInterestIncome": "None", "interestIncome": "None", "interestExpense": "None", "nonInterestIncome": "None", "otherNonOperatingIncome": "None", "depreciation": "None", "depreciationAndAmortization": "16304000", "incomeBeforeTax": "26616000", "incomeTaxExpense": "12882000", "interestAndDebtExpense": "None", "netIncomeFromContinuingOperations": "None", "comprehensiveIncomeNetOfTax": "None", "ebit": "-6215000", "ebitda": "10089000", "netIncome": "13734000"}, {"fiscalDateEnding": "2006-03-31", "reportedCurrency": "USD", "grossProfit": "55969000", "totalRevenue": "153568000", "costOfRevenue": "97599000", "costofGoodsAndServicesSold": "97599000", "operatingIncome": "-2857000", "sellingGeneralAndAdministrative": "None", "researchAndDevelopment": "None", "operatingExpenses": "58826000", "investmentIncomeNet": "None", "netInterestIncome": "None", "interestIncome": "None", "interestExpense": "None", "nonInterestIncome": "None", "otherNonOperatingIncome": "None", "depreciation": "None", "depreciationAndAmortization": "15655000", "incomeBeforeTax": "20266000", "incomeTaxExpense": "8651000", "interestAndDebtExpense": "None", "netIncomeFromContinuingOperations": "None", "comprehensiveIncomeNetOfTax": "None", "ebit": "-2857000", "ebitda": "12798000", "netIncome": "11615000"}, {"fiscalDateEnding": "2005-12-31", "reportedCurrency": "USD", "grossProfit": "64194000", "totalRevenue": "174266000", "costOfRevenue": "110072000", "costofGoodsAndServicesSold": "110072000", "operatingIncome": "2106000", "sellingGeneralAndAdministrative": "None", "researchAndDevelopment": "None", "operatingExpenses": "57976000", "investmentIncomeNet": "None", "netInterestIncome": "None", "interestIncome": "None", "interestExpense": "None", "nonInterestIncome": "None", "otherNonOperatingIncome": "None", "depreciation": "None", "depreciationAndAmortization": "21489000", "incomeBeforeTax": "12480000", "incomeTaxExpense": "1245000", "interestAndDebtExpense": "None", "netIncomeFromContinuingOperations": "None", "comprehensiveIncomeNetOfTax": "None", "ebit": "6218000", "ebitda": "27707000", "netIncome": "11235000"}, {"fiscalDateEnding": "2005-09-30", "reportedCurrency": "USD", "grossProfit": "58611000", "totalRevenue": "167934000", "costOfRevenue": "109323000", "costofGoodsAndServicesSold": "109323000", "operatingIncome": "-1403000", "sellingGeneralAndAdministrative": "None", "researchAndDevelopment": "None", "operatingExpenses": "60014000", "investmentIncomeNet": "None", "netInterestIncome": "None", "interestIncome": "None", "interestExpense": "None", "nonInterestIncome": "None", "otherNonOperatingIncome": "None", "depreciation": "None", "depreciationAndAmortization": "17884000", "incomeBeforeTax": "33510000", "incomeTaxExpense": "32321000", "interestAndDebtExpense": "None", "netIncomeFromContinuingOperations": "None", "comprehensiveIncomeNetOfTax": "None", "ebit": "-1403000", "ebitda": "16481000", "netIncome": "1189000"}, {"fiscalDateEnding": "2005-06-30", "reportedCurrency": "USD", "grossProfit": "62429000", "totalRevenue": "178019000", "costOfRevenue": "115590000", "costofGoodsAndServicesSold": "115590000", "operatingIncome": "-4982000", "sellingGeneralAndAdministrative": "None", "researchAndDevelopment": "None", "operatingExpenses": "67411000", "investmentIncomeNet": "None", "netInterestIncome": "None", "interestIncome": "None", "interestExpense": "None", "nonInterestIncome": "None", "otherNonOperatingIncome": "None", "depreciation": "None", "depreciationAndAmortization": "20243000", "incomeBeforeTax": "10109000", "incomeTaxExpense": "6082000", "interestAndDebtExpense": "None", "netIncomeFromContinuingOperations": "None", "comprehensiveIncomeNetOfTax": "None", "ebit": "-4982000", "ebitda": "15261000", "netIncome": "4027000"}, {"fiscalDateEnding": "2005-03-31", "reportedCurrency": "USD", "grossProfit": "383212000", "totalRevenue": "601471000", "costOfRevenue": "218259000", "costofGoodsAndServicesSold": "218259000", "operatingIncome": "96766000", "sellingGeneralAndAdministrative": "None", "researchAndDevelopment": "None", "operatingExpenses": "286446000", "investmentIncomeNet": "None", "netInterestIncome": "None", "interestIncome": "None", "interestExpense": "None", "nonInterestIncome": "None", "otherNonOperatingIncome": "None", "depreciation": "None", "depreciationAndAmortization": "16761000", "incomeBeforeTax": "79258000", "incomeTaxExpense": "33629000", "interestAndDebtExpense": "None", "netIncomeFromContinuingOperations": "None", "comprehensiveIncomeNetOfTax": "None", "ebit": "2877000", "ebitda": "19638000", "netIncome": "45629000"}, {"fiscalDateEnding": "2004-12-31", "reportedCurrency": "USD", "grossProfit": "67662000", "totalRevenue": "172871000", "costOfRevenue": "105209000", "costofGoodsAndServicesSold": "105209000", "operatingIncome": "1894000", "sellingGeneralAndAdministrative": "None", "researchAndDevelopment": "None", "operatingExpenses": "65768000", "investmentIncomeNet": "None", "netInterestIncome": "None", "interestIncome": "None", "interestExpense": "None", "nonInterestIncome": "None", "otherNonOperatingIncome": "None", "depreciation": "None", "depreciationAndAmortization": "24075000", "incomeBeforeTax": "27704000", "incomeTaxExpense": "11959000", "interestAndDebtExpense": "None", "netIncomeFromContinuingOperations": "None", "comprehensiveIncomeNetOfTax": "None", "ebit": "1894000", "ebitda": "25969000", "netIncome": "15745000"}]}