{"symbol": "ITW", "annualReports": [{"fiscalDateEnding": "2024-12-31", "reportedCurrency": "USD", "grossProfit": "7040000000", "totalRevenue": "15898000000", "costOfRevenue": "8858000000", "costofGoodsAndServicesSold": "8858000000", "operatingIncome": "4264000000", "sellingGeneralAndAdministrative": "2675000000", "researchAndDevelopment": "2675000000", "operatingExpenses": "2776000000", "investmentIncomeNet": "None", "netInterestIncome": "-239000000", "interestIncome": "44000000", "interestExpense": "283000000", "nonInterestIncome": "None", "otherNonOperatingIncome": "None", "depreciation": "None", "depreciationAndAmortization": "402000000", "incomeBeforeTax": "4422000000", "incomeTaxExpense": "934000000", "interestAndDebtExpense": "None", "netIncomeFromContinuingOperations": "3488000000", "comprehensiveIncomeNetOfTax": "None", "ebit": "4705000000", "ebitda": "5107000000", "netIncome": "3488000000"}, {"fiscalDateEnding": "2023-12-31", "reportedCurrency": "USD", "grossProfit": "6791000000", "totalRevenue": "16107000000", "costOfRevenue": "9316000000", "costofGoodsAndServicesSold": "9316000000", "operatingIncome": "4040000000", "sellingGeneralAndAdministrative": "2624000000", "researchAndDevelopment": "2638000000", "operatingExpenses": "2638000000", "investmentIncomeNet": "None", "netInterestIncome": "-230000000", "interestIncome": "51000000", "interestExpense": "266000000", "nonInterestIncome": "None", "otherNonOperatingIncome": "None", "depreciation": "None", "depreciationAndAmortization": "395000000", "incomeBeforeTax": "3823000000", "incomeTaxExpense": "866000000", "interestAndDebtExpense": "None", "netIncomeFromContinuingOperations": "3147000000", "comprehensiveIncomeNetOfTax": "None", "ebit": "4040000000", "ebitda": "4040000000", "netIncome": "2957000000"}, {"fiscalDateEnding": "2022-12-31", "reportedCurrency": "USD", "grossProfit": "6503000000", "totalRevenue": "15932000000", "costOfRevenue": "9429000000", "costofGoodsAndServicesSold": "9429000000", "operatingIncome": "3790000000", "sellingGeneralAndAdministrative": "2579000000", "researchAndDevelopment": "269000000", "operatingExpenses": "2713000000", "investmentIncomeNet": "None", "netInterestIncome": "-203000000", "interestIncome": "203000000", "interestExpense": "203000000", "nonInterestIncome": "None", "otherNonOperatingIncome": "255000000", "depreciation": "None", "depreciationAndAmortization": "389000000", "incomeBeforeTax": "3842000000", "incomeTaxExpense": "808000000", "interestAndDebtExpense": "None", "netIncomeFromContinuingOperations": "3034000000", "comprehensiveIncomeNetOfTax": "None", "ebit": "3790000000", "ebitda": "4179000000", "netIncome": "3034000000"}, {"fiscalDateEnding": "2021-12-31", "reportedCurrency": "USD", "grossProfit": "5966000000", "totalRevenue": "14455000000", "costOfRevenue": "8489000000", "costofGoodsAndServicesSold": "8489000000", "operatingIncome": "3477000000", "sellingGeneralAndAdministrative": "2356000000", "researchAndDevelopment": "239000000", "operatingExpenses": "2489000000", "investmentIncomeNet": "None", "netInterestIncome": "-202000000", "interestIncome": "202000000", "interestExpense": "202000000", "nonInterestIncome": "None", "otherNonOperatingIncome": "51000000", "depreciation": "None", "depreciationAndAmortization": "184000000", "incomeBeforeTax": "3326000000", "incomeTaxExpense": "632000000", "interestAndDebtExpense": "None", "netIncomeFromContinuingOperations": "2694000000", "comprehensiveIncomeNetOfTax": "None", "ebit": "3477000000", "ebitda": "3661000000", "netIncome": "2694000000"}, {"fiscalDateEnding": "2020-12-31", "reportedCurrency": "USD", "grossProfit": "5199000000", "totalRevenue": "12574000000", "costOfRevenue": "7375000000", "costofGoodsAndServicesSold": "7375000000", "operatingIncome": "2882000000", "sellingGeneralAndAdministrative": "2163000000", "researchAndDevelopment": "214000000", "operatingExpenses": "2317000000", "investmentIncomeNet": "None", "netInterestIncome": "-206000000", "interestIncome": "206000000", "interestExpense": "206000000", "nonInterestIncome": "None", "otherNonOperatingIncome": "28000000", "depreciation": "None", "depreciationAndAmortization": "182000000", "incomeBeforeTax": "2704000000", "incomeTaxExpense": "595000000", "interestAndDebtExpense": "None", "netIncomeFromContinuingOperations": "2109000000", "comprehensiveIncomeNetOfTax": "None", "ebit": "2882000000", "ebitda": "3064000000", "netIncome": "2109000000"}, {"fiscalDateEnding": "2019-12-31", "reportedCurrency": "USD", "grossProfit": "5922000000", "totalRevenue": "14109000000", "costOfRevenue": "8187000000", "costofGoodsAndServicesSold": "8187000000", "operatingIncome": "3402000000", "sellingGeneralAndAdministrative": "2361000000", "researchAndDevelopment": "2361000000", "operatingExpenses": "2520000000", "investmentIncomeNet": "None", "netInterestIncome": "-192000000", "interestIncome": "29000000", "interestExpense": "221000000", "nonInterestIncome": "None", "otherNonOperatingIncome": "107000000", "depreciation": "None", "depreciationAndAmortization": "426000000", "incomeBeforeTax": "3288000000", "incomeTaxExpense": "767000000", "interestAndDebtExpense": "None", "netIncomeFromContinuingOperations": "2521000000", "comprehensiveIncomeNetOfTax": "None", "ebit": "3426000000", "ebitda": "3852000000", "netIncome": "2521000000"}, {"fiscalDateEnding": "2018-12-31", "reportedCurrency": "USD", "grossProfit": "6164000000", "totalRevenue": "14768000000", "costOfRevenue": "8604000000", "costofGoodsAndServicesSold": "8604000000", "operatingIncome": "3584000000", "sellingGeneralAndAdministrative": "2391000000", "researchAndDevelopment": "2391000000", "operatingExpenses": "2580000000", "investmentIncomeNet": "None", "netInterestIncome": "-222000000", "interestIncome": "35000000", "interestExpense": "257000000", "nonInterestIncome": "None", "otherNonOperatingIncome": "67000000", "depreciation": "None", "depreciationAndAmortization": "461000000", "incomeBeforeTax": "3394000000", "incomeTaxExpense": "831000000", "interestAndDebtExpense": "None", "netIncomeFromContinuingOperations": "2563000000", "comprehensiveIncomeNetOfTax": "None", "ebit": "3604000000", "ebitda": "4065000000", "netIncome": "2563000000"}, {"fiscalDateEnding": "2017-12-31", "reportedCurrency": "USD", "grossProfit": "6005000000", "totalRevenue": "14314000000", "costOfRevenue": "8309000000", "costofGoodsAndServicesSold": "8309000000", "operatingIncome": "3494000000", "sellingGeneralAndAdministrative": "2400000000", "researchAndDevelopment": "2400000000", "operatingExpenses": "2606000000", "investmentIncomeNet": "None", "netInterestIncome": "-215000000", "interestIncome": "45000000", "interestExpense": "260000000", "nonInterestIncome": "None", "otherNonOperatingIncome": "36000000", "depreciation": "None", "depreciationAndAmortization": "462000000", "incomeBeforeTax": "3270000000", "incomeTaxExpense": "1583000000", "interestAndDebtExpense": "None", "netIncomeFromContinuingOperations": "1687000000", "comprehensiveIncomeNetOfTax": "None", "ebit": "3399000000", "ebitda": "3861000000", "netIncome": "1687000000"}, {"fiscalDateEnding": "2016-12-31", "reportedCurrency": "USD", "grossProfit": "5703000000", "totalRevenue": "13599000000", "costOfRevenue": "7896000000", "costofGoodsAndServicesSold": "7896000000", "operatingIncome": "3064000000", "sellingGeneralAndAdministrative": "2415000000", "researchAndDevelopment": "2415000000", "operatingExpenses": "2639000000", "investmentIncomeNet": "None", "netInterestIncome": "-199000000", "interestIncome": "38000000", "interestExpense": "237000000", "nonInterestIncome": "None", "otherNonOperatingIncome": "81000000", "depreciation": "None", "depreciationAndAmortization": "470000000", "incomeBeforeTax": "2908000000", "incomeTaxExpense": "873000000", "interestAndDebtExpense": "None", "netIncomeFromContinuingOperations": "2035000000", "comprehensiveIncomeNetOfTax": "None", "ebit": "3064000000", "ebitda": "3534000000", "netIncome": "2035000000"}, {"fiscalDateEnding": "2015-12-31", "reportedCurrency": "USD", "grossProfit": "5517000000", "totalRevenue": "13405000000", "costOfRevenue": "7888000000", "costofGoodsAndServicesSold": "7888000000", "operatingIncome": "2867000000", "sellingGeneralAndAdministrative": "2417000000", "researchAndDevelopment": "2417000000", "operatingExpenses": "2648000000", "investmentIncomeNet": "None", "netInterestIncome": "None", "interestIncome": "169000000", "interestExpense": "226000000", "nonInterestIncome": "None", "otherNonOperatingIncome": "78000000", "depreciation": "None", "depreciationAndAmortization": "231000000", "incomeBeforeTax": "2719000000", "incomeTaxExpense": "820000000", "interestAndDebtExpense": "None", "netIncomeFromContinuingOperations": "1899000000", "comprehensiveIncomeNetOfTax": "None", "ebit": "3189000000", "ebitda": "3420000000", "netIncome": "1899000000"}, {"fiscalDateEnding": "2014-12-31", "reportedCurrency": "USD", "grossProfit": "5811000000", "totalRevenue": "14484000000", "costOfRevenue": "8673000000", "costofGoodsAndServicesSold": "8673000000", "operatingIncome": "2888000000", "sellingGeneralAndAdministrative": "2678000000", "researchAndDevelopment": "2678000000", "operatingExpenses": "2920000000", "investmentIncomeNet": "None", "netInterestIncome": "None", "interestIncome": "None", "interestExpense": "250000000", "nonInterestIncome": "None", "otherNonOperatingIncome": "61000000", "depreciation": "None", "depreciationAndAmortization": "242000000", "incomeBeforeTax": "2699000000", "incomeTaxExpense": "809000000", "interestAndDebtExpense": "None", "netIncomeFromContinuingOperations": "1890000000", "comprehensiveIncomeNetOfTax": "None", "ebit": "3211000000", "ebitda": "3453000000", "netIncome": "2946000000"}, {"fiscalDateEnding": "2013-12-31", "reportedCurrency": "USD", "grossProfit": "5581000000", "totalRevenue": "14135000000", "costOfRevenue": "8554000000", "costofGoodsAndServicesSold": "8554000000", "operatingIncome": "2514000000", "sellingGeneralAndAdministrative": "2815000000", "researchAndDevelopment": "2815000000", "operatingExpenses": "3065000000", "investmentIncomeNet": "None", "netInterestIncome": "None", "interestIncome": "None", "interestExpense": "239000000", "nonInterestIncome": "None", "otherNonOperatingIncome": "72000000", "depreciation": "None", "depreciationAndAmortization": "250000000", "incomeBeforeTax": "2347000000", "incomeTaxExpense": "717000000", "interestAndDebtExpense": "None", "netIncomeFromContinuingOperations": "1630000000", "comprehensiveIncomeNetOfTax": "None", "ebit": "2856000000", "ebitda": "3106000000", "netIncome": "1679000000"}, {"fiscalDateEnding": "2012-12-31", "reportedCurrency": "USD", "grossProfit": "6469000000", "totalRevenue": "17924000000", "costOfRevenue": "11455000000", "costofGoodsAndServicesSold": "11455000000", "operatingIncome": "2847000000", "sellingGeneralAndAdministrative": "3332000000", "researchAndDevelopment": "3332000000", "operatingExpenses": "3620000000", "investmentIncomeNet": "None", "netInterestIncome": "None", "interestIncome": "None", "interestExpense": "214000000", "nonInterestIncome": "None", "otherNonOperatingIncome": "970000000", "depreciation": "None", "depreciationAndAmortization": "288000000", "incomeBeforeTax": "3603000000", "incomeTaxExpense": "1108000000", "interestAndDebtExpense": "None", "netIncomeFromContinuingOperations": "2495000000", "comprehensiveIncomeNetOfTax": "None", "ebit": "4140000000", "ebitda": "4428000000", "netIncome": "2870000000"}, {"fiscalDateEnding": "2011-12-31", "reportedCurrency": "USD", "grossProfit": "6268698000", "totalRevenue": "17786583000", "costOfRevenue": "11517885000", "costofGoodsAndServicesSold": "11517885000", "operatingIncome": "2731008000", "sellingGeneralAndAdministrative": "3282352000", "researchAndDevelopment": "3282352000", "operatingExpenses": "3537690000", "investmentIncomeNet": "None", "netInterestIncome": "None", "interestIncome": "None", "interestExpense": "192133000", "nonInterestIncome": "None", "otherNonOperatingIncome": "53839000", "depreciation": "None", "depreciationAndAmortization": "255338000", "incomeBeforeTax": "2592714000", "incomeTaxExpense": "575700000", "interestAndDebtExpense": "None", "netIncomeFromContinuingOperations": "2017014000", "comprehensiveIncomeNetOfTax": "None", "ebit": "3119178000", "ebitda": "3374516000", "netIncome": "2071384000"}, {"fiscalDateEnding": "2010-12-31", "reportedCurrency": "USD", "grossProfit": "5629928000", "totalRevenue": "15870376000", "costOfRevenue": "10240448000", "costofGoodsAndServicesSold": "10240448000", "operatingIncome": "2356678000", "sellingGeneralAndAdministrative": "3059360000", "researchAndDevelopment": "3059360000", "operatingExpenses": "3272244000", "investmentIncomeNet": "None", "netInterestIncome": "None", "interestIncome": "None", "interestExpense": "175456000", "nonInterestIncome": "None", "otherNonOperatingIncome": "30771000", "depreciation": "None", "depreciationAndAmortization": "212884000", "incomeBeforeTax": "2211993000", "incomeTaxExpense": "684800000", "interestAndDebtExpense": "None", "netIncomeFromContinuingOperations": "1527193000", "comprehensiveIncomeNetOfTax": "None", "ebit": "2357684000", "ebitda": "2570568000", "netIncome": "1527193000"}, {"fiscalDateEnding": "2009-12-31", "reportedCurrency": "USD", "grossProfit": "4732216000", "totalRevenue": "13877068000", "costOfRevenue": "9144852000", "costofGoodsAndServicesSold": "9144852000", "operatingIncome": "1385979000", "sellingGeneralAndAdministrative": "3037439000", "researchAndDevelopment": "3037439000", "operatingExpenses": "3240669000", "investmentIncomeNet": "None", "netInterestIncome": "None", "interestIncome": "None", "interestExpense": "164839000", "nonInterestIncome": "None", "otherNonOperatingIncome": "-7350000", "depreciation": "None", "depreciationAndAmortization": "674925000", "incomeBeforeTax": "1213790000", "incomeTaxExpense": "244300000", "interestAndDebtExpense": "None", "netIncomeFromContinuingOperations": "969490000", "comprehensiveIncomeNetOfTax": "None", "ebit": "1272306000", "ebitda": "1947231000", "netIncome": "947009000"}, {"fiscalDateEnding": "2008-12-31", "reportedCurrency": "USD", "grossProfit": "5596759000", "totalRevenue": "15869354000", "costOfRevenue": "10272595000", "costofGoodsAndServicesSold": "10272595000", "operatingIncome": "2338236000", "sellingGeneralAndAdministrative": "2773692000", "researchAndDevelopment": "210719000", "operatingExpenses": "3258523000", "investmentIncomeNet": "None", "netInterestIncome": "None", "interestIncome": "None", "interestExpense": "154458000", "nonInterestIncome": "None", "otherNonOperatingIncome": "None", "depreciation": "None", "depreciationAndAmortization": "691907000", "incomeBeforeTax": "2191366000", "incomeTaxExpense": "608100000", "interestAndDebtExpense": "None", "netIncomeFromContinuingOperations": "None", "comprehensiveIncomeNetOfTax": "None", "ebit": "2361723000", "ebitda": "3053630000", "netIncome": "1519003000"}, {"fiscalDateEnding": "2007-12-31", "reportedCurrency": "USD", "grossProfit": "5715426000", "totalRevenue": "16170611000", "costOfRevenue": "10455185000", "costofGoodsAndServicesSold": "10455185000", "operatingIncome": "2623756000", "sellingGeneralAndAdministrative": "2930628000", "researchAndDevelopment": "203488000", "operatingExpenses": "3091670000", "investmentIncomeNet": "None", "netInterestIncome": "None", "interestIncome": "None", "interestExpense": "0", "nonInterestIncome": "None", "otherNonOperatingIncome": "None", "depreciation": "None", "depreciationAndAmortization": "524744000", "incomeBeforeTax": "2580979000", "incomeTaxExpense": "754900000", "interestAndDebtExpense": "None", "netIncomeFromContinuingOperations": "None", "comprehensiveIncomeNetOfTax": "None", "ebit": "2448888000", "ebitda": "2973632000", "netIncome": "1869862000"}, {"fiscalDateEnding": "2006-12-31", "reportedCurrency": "USD", "grossProfit": "4977728000", "totalRevenue": "14055049000", "costOfRevenue": "9077321000", "costofGoodsAndServicesSold": "9077321000", "operatingIncome": "2420936000", "sellingGeneralAndAdministrative": "2432248000", "researchAndDevelopment": "144914000", "operatingExpenses": "2573587000", "investmentIncomeNet": "None", "netInterestIncome": "None", "interestIncome": "None", "interestExpense": "0", "nonInterestIncome": "None", "otherNonOperatingIncome": "None", "depreciation": "None", "depreciationAndAmortization": "443906000", "incomeBeforeTax": "2445246000", "incomeTaxExpense": "727500000", "interestAndDebtExpense": "None", "netIncomeFromContinuingOperations": "None", "comprehensiveIncomeNetOfTax": "None", "ebit": "2513075000", "ebitda": "2956981000", "netIncome": "1717746000"}, {"fiscalDateEnding": "2005-12-31", "reportedCurrency": "USD", "grossProfit": "4557911000", "totalRevenue": "12921792000", "costOfRevenue": "8363881000", "costofGoodsAndServicesSold": "8363881000", "operatingIncome": "2259204000", "sellingGeneralAndAdministrative": "2214865000", "researchAndDevelopment": "127871000", "operatingExpenses": "2298707000", "investmentIncomeNet": "None", "netInterestIncome": "None", "interestIncome": "None", "interestExpense": "0", "nonInterestIncome": "None", "otherNonOperatingIncome": "None", "depreciation": "None", "depreciationAndAmortization": "383074000", "incomeBeforeTax": "2181569000", "incomeTaxExpense": "686700000", "interestAndDebtExpense": "None", "netIncomeFromContinuingOperations": "None", "comprehensiveIncomeNetOfTax": "None", "ebit": "2249841000", "ebitda": "2632915000", "netIncome": "1494869000"}], "quarterlyReports": [{"fiscalDateEnding": "2024-12-31", "reportedCurrency": "USD", "grossProfit": "1711000000", "totalRevenue": "3932000000", "costOfRevenue": "2221000000", "costofGoodsAndServicesSold": "2221000000", "operatingIncome": "1031000000", "sellingGeneralAndAdministrative": "655000000", "researchAndDevelopment": "None", "operatingExpenses": "680000000", "investmentIncomeNet": "None", "netInterestIncome": "-24000000", "interestIncome": "None", "interestExpense": "68000000", "nonInterestIncome": "None", "otherNonOperatingIncome": "None", "depreciation": "None", "depreciationAndAmortization": "102000000", "incomeBeforeTax": "983000000", "incomeTaxExpense": "233000000", "interestAndDebtExpense": "None", "netIncomeFromContinuingOperations": "750000000", "comprehensiveIncomeNetOfTax": "None", "ebit": "1051000000", "ebitda": "1153000000", "netIncome": "750000000"}, {"fiscalDateEnding": "2024-09-30", "reportedCurrency": "USD", "grossProfit": "1736000000", "totalRevenue": "3966000000", "costOfRevenue": "2230000000", "costofGoodsAndServicesSold": "2230000000", "operatingIncome": "1052000000", "sellingGeneralAndAdministrative": "658000000", "researchAndDevelopment": "658000000", "operatingExpenses": "684000000", "investmentIncomeNet": "None", "netInterestIncome": "-69000000", "interestIncome": "None", "interestExpense": "69000000", "nonInterestIncome": "None", "otherNonOperatingIncome": "None", "depreciation": "None", "depreciationAndAmortization": "104000000", "incomeBeforeTax": "1362000000", "incomeTaxExpense": "202000000", "interestAndDebtExpense": "None", "netIncomeFromContinuingOperations": "1160000000", "comprehensiveIncomeNetOfTax": "None", "ebit": "1431000000", "ebitda": "1535000000", "netIncome": "1160000000"}, {"fiscalDateEnding": "2024-06-30", "reportedCurrency": "USD", "grossProfit": "1740000000", "totalRevenue": "4027000000", "costOfRevenue": "2287000000", "costofGoodsAndServicesSold": "2287000000", "operatingIncome": "1054000000", "sellingGeneralAndAdministrative": "686000000", "researchAndDevelopment": "686000000", "operatingExpenses": "686000000", "investmentIncomeNet": "None", "netInterestIncome": "-75000000", "interestIncome": "None", "interestExpense": "75000000", "nonInterestIncome": "None", "otherNonOperatingIncome": "None", "depreciation": "None", "depreciationAndAmortization": "99000000", "incomeBeforeTax": "1005000000", "incomeTaxExpense": "246000000", "interestAndDebtExpense": "None", "netIncomeFromContinuingOperations": "759000000", "comprehensiveIncomeNetOfTax": "None", "ebit": "1062000000", "ebitda": "1161000000", "netIncome": "759000000"}, {"fiscalDateEnding": "2024-03-31", "reportedCurrency": "USD", "grossProfit": "1828000000", "totalRevenue": "3973000000", "costOfRevenue": "2145000000", "costofGoodsAndServicesSold": "2145000000", "operatingIncome": "1127000000", "sellingGeneralAndAdministrative": "676000000", "researchAndDevelopment": "676000000", "operatingExpenses": "701000000", "investmentIncomeNet": "None", "netInterestIncome": "-71000000", "interestIncome": "None", "interestExpense": "71000000", "nonInterestIncome": "None", "otherNonOperatingIncome": "None", "depreciation": "None", "depreciationAndAmortization": "97000000", "incomeBeforeTax": "1072000000", "incomeTaxExpense": "253000000", "interestAndDebtExpense": "None", "netIncomeFromContinuingOperations": "819000000", "comprehensiveIncomeNetOfTax": "None", "ebit": "1143000000", "ebitda": "1240000000", "netIncome": "819000000"}, {"fiscalDateEnding": "2023-12-31", "reportedCurrency": "USD", "grossProfit": "1671000000", "totalRevenue": "3983000000", "costOfRevenue": "2312000000", "costofGoodsAndServicesSold": "2312000000", "operatingIncome": "988000000", "sellingGeneralAndAdministrative": "658000000", "researchAndDevelopment": "284000000", "operatingExpenses": "683000000", "investmentIncomeNet": "None", "netInterestIncome": "-19000000", "interestIncome": "None", "interestExpense": "70000000", "nonInterestIncome": "None", "otherNonOperatingIncome": "None", "depreciation": "None", "depreciationAndAmortization": "99000000", "incomeBeforeTax": "927000000", "incomeTaxExpense": "210000000", "interestAndDebtExpense": "None", "netIncomeFromContinuingOperations": "717000000", "comprehensiveIncomeNetOfTax": "None", "ebit": "997000000", "ebitda": "1096000000", "netIncome": "717000000"}, {"fiscalDateEnding": "2023-09-30", "reportedCurrency": "USD", "grossProfit": "1712000000", "totalRevenue": "4031000000", "costOfRevenue": "2319000000", "costofGoodsAndServicesSold": "2319000000", "operatingIncome": "1070000000", "sellingGeneralAndAdministrative": "615000000", "researchAndDevelopment": "615000000", "operatingExpenses": "642000000", "investmentIncomeNet": "None", "netInterestIncome": "-67000000", "interestIncome": "67000000", "interestExpense": "67000000", "nonInterestIncome": "None", "otherNonOperatingIncome": "None", "depreciation": "None", "depreciationAndAmortization": "97000000", "incomeBeforeTax": "1013000000", "incomeTaxExpense": "241000000", "interestAndDebtExpense": "None", "netIncomeFromContinuingOperations": "772000000", "comprehensiveIncomeNetOfTax": "None", "ebit": "1079000000", "ebitda": "1176000000", "netIncome": "772000000"}, {"fiscalDateEnding": "2023-06-30", "reportedCurrency": "USD", "grossProfit": "1730000000", "totalRevenue": "4074000000", "costOfRevenue": "2344000000", "costofGoodsAndServicesSold": "2344000000", "operatingIncome": "1010000000", "sellingGeneralAndAdministrative": "690000000", "researchAndDevelopment": "690000000", "operatingExpenses": "720000000", "investmentIncomeNet": "None", "netInterestIncome": "-69000000", "interestIncome": "69000000", "interestExpense": "69000000", "nonInterestIncome": "None", "otherNonOperatingIncome": "20000000", "depreciation": "None", "depreciationAndAmortization": "100000000", "incomeBeforeTax": "961000000", "incomeTaxExpense": "207000000", "interestAndDebtExpense": "None", "netIncomeFromContinuingOperations": "754000000", "comprehensiveIncomeNetOfTax": "None", "ebit": "1019000000", "ebitda": "1119000000", "netIncome": "754000000"}, {"fiscalDateEnding": "2023-03-31", "reportedCurrency": "USD", "grossProfit": "1678000000", "totalRevenue": "4019000000", "costOfRevenue": "2341000000", "costofGoodsAndServicesSold": "2341000000", "operatingIncome": "972000000", "sellingGeneralAndAdministrative": "675000000", "researchAndDevelopment": "675000000", "operatingExpenses": "706000000", "investmentIncomeNet": "None", "netInterestIncome": "-60000000", "interestIncome": "60000000", "interestExpense": "60000000", "nonInterestIncome": "None", "otherNonOperatingIncome": "10000000", "depreciation": "None", "depreciationAndAmortization": "99000000", "incomeBeforeTax": "922000000", "incomeTaxExpense": "208000000", "interestAndDebtExpense": "None", "netIncomeFromContinuingOperations": "714000000", "comprehensiveIncomeNetOfTax": "None", "ebit": "980000000", "ebitda": "1079000000", "netIncome": "714000000"}, {"fiscalDateEnding": "2022-12-31", "reportedCurrency": "USD", "grossProfit": "1662000000", "totalRevenue": "3971000000", "costOfRevenue": "2309000000", "costofGoodsAndServicesSold": "2309000000", "operatingIncome": "986000000", "sellingGeneralAndAdministrative": "644000000", "researchAndDevelopment": "1920000000", "operatingExpenses": "676000000", "investmentIncomeNet": "None", "netInterestIncome": "-56000000", "interestIncome": "56000000", "interestExpense": "56000000", "nonInterestIncome": "None", "otherNonOperatingIncome": "191000000", "depreciation": "None", "depreciationAndAmortization": "99000000", "incomeBeforeTax": "1121000000", "incomeTaxExpense": "214000000", "interestAndDebtExpense": "None", "netIncomeFromContinuingOperations": "907000000", "comprehensiveIncomeNetOfTax": "None", "ebit": "996000000", "ebitda": "1095000000", "netIncome": "907000000"}, {"fiscalDateEnding": "2022-09-30", "reportedCurrency": "USD", "grossProfit": "1640000000", "totalRevenue": "4011000000", "costOfRevenue": "2371000000", "costofGoodsAndServicesSold": "2371000000", "operatingIncome": "983000000", "sellingGeneralAndAdministrative": "624000000", "researchAndDevelopment": "581000000", "operatingExpenses": "657000000", "investmentIncomeNet": "None", "netInterestIncome": "-52000000", "interestIncome": "52000000", "interestExpense": "52000000", "nonInterestIncome": "None", "otherNonOperatingIncome": "26000000", "depreciation": "None", "depreciationAndAmortization": "102000000", "incomeBeforeTax": "957000000", "incomeTaxExpense": "230000000", "interestAndDebtExpense": "None", "netIncomeFromContinuingOperations": "727000000", "comprehensiveIncomeNetOfTax": "None", "ebit": "992000000", "ebitda": "1094000000", "netIncome": "727000000"}, {"fiscalDateEnding": "2022-06-30", "reportedCurrency": "USD", "grossProfit": "1619000000", "totalRevenue": "4011000000", "costOfRevenue": "2392000000", "costofGoodsAndServicesSold": "2392000000", "operatingIncome": "926000000", "sellingGeneralAndAdministrative": "659000000", "researchAndDevelopment": "659000000", "operatingExpenses": "693000000", "investmentIncomeNet": "None", "netInterestIncome": "-47000000", "interestIncome": "47000000", "interestExpense": "47000000", "nonInterestIncome": "None", "otherNonOperatingIncome": "24000000", "depreciation": "None", "depreciationAndAmortization": "103000000", "incomeBeforeTax": "903000000", "incomeTaxExpense": "165000000", "interestAndDebtExpense": "None", "netIncomeFromContinuingOperations": "738000000", "comprehensiveIncomeNetOfTax": "None", "ebit": "937000000", "ebitda": "1040000000", "netIncome": "738000000"}, {"fiscalDateEnding": "2022-03-31", "reportedCurrency": "USD", "grossProfit": "1582000000", "totalRevenue": "3939000000", "costOfRevenue": "2357000000", "costofGoodsAndServicesSold": "2357000000", "operatingIncome": "895000000", "sellingGeneralAndAdministrative": "652000000", "researchAndDevelopment": "652000000", "operatingExpenses": "687000000", "investmentIncomeNet": "None", "netInterestIncome": "-48000000", "interestIncome": "48000000", "interestExpense": "48000000", "nonInterestIncome": "None", "otherNonOperatingIncome": "14000000", "depreciation": "None", "depreciationAndAmortization": "106000000", "incomeBeforeTax": "861000000", "incomeTaxExpense": "199000000", "interestAndDebtExpense": "None", "netIncomeFromContinuingOperations": "662000000", "comprehensiveIncomeNetOfTax": "None", "ebit": "906000000", "ebitda": "1012000000", "netIncome": "662000000"}, {"fiscalDateEnding": "2021-12-31", "reportedCurrency": "USD", "grossProfit": "1488000000", "totalRevenue": "3679000000", "costOfRevenue": "2191000000", "costofGoodsAndServicesSold": "2191000000", "operatingIncome": "834000000", "sellingGeneralAndAdministrative": "621000000", "researchAndDevelopment": "2356000000", "operatingExpenses": "654000000", "investmentIncomeNet": "None", "netInterestIncome": "-49000000", "interestIncome": "49000000", "interestExpense": "49000000", "nonInterestIncome": "None", "otherNonOperatingIncome": "7000000", "depreciation": "None", "depreciationAndAmortization": "104000000", "incomeBeforeTax": "792000000", "incomeTaxExpense": "183000000", "interestAndDebtExpense": "None", "netIncomeFromContinuingOperations": "609000000", "comprehensiveIncomeNetOfTax": "None", "ebit": "839000000", "ebitda": "943000000", "netIncome": "609000000"}, {"fiscalDateEnding": "2021-09-30", "reportedCurrency": "USD", "grossProfit": "1460000000", "totalRevenue": "3556000000", "costOfRevenue": "2096000000", "costofGoodsAndServicesSold": "2096000000", "operatingIncome": "845000000", "sellingGeneralAndAdministrative": "581000000", "researchAndDevelopment": "581000000", "operatingExpenses": "615000000", "investmentIncomeNet": "None", "netInterestIncome": "-49000000", "interestIncome": "49000000", "interestExpense": "49000000", "nonInterestIncome": "None", "otherNonOperatingIncome": "10000000", "depreciation": "None", "depreciationAndAmortization": "104000000", "incomeBeforeTax": "806000000", "incomeTaxExpense": "167000000", "interestAndDebtExpense": "None", "netIncomeFromContinuingOperations": "639000000", "comprehensiveIncomeNetOfTax": "None", "ebit": "851000000", "ebitda": "955000000", "netIncome": "639000000"}, {"fiscalDateEnding": "2021-06-30", "reportedCurrency": "USD", "grossProfit": "1513000000", "totalRevenue": "3676000000", "costOfRevenue": "2163000000", "costofGoodsAndServicesSold": "2163000000", "operatingIncome": "893000000", "sellingGeneralAndAdministrative": "588000000", "researchAndDevelopment": "588000000", "operatingExpenses": "620000000", "investmentIncomeNet": "None", "netInterestIncome": "-52000000", "interestIncome": "52000000", "interestExpense": "52000000", "nonInterestIncome": "None", "otherNonOperatingIncome": "22000000", "depreciation": "None", "depreciationAndAmortization": "102000000", "incomeBeforeTax": "863000000", "incomeTaxExpense": "88000000", "interestAndDebtExpense": "None", "netIncomeFromContinuingOperations": "775000000", "comprehensiveIncomeNetOfTax": "None", "ebit": "899000000", "ebitda": "1001000000", "netIncome": "775000000"}, {"fiscalDateEnding": "2021-03-31", "reportedCurrency": "USD", "grossProfit": "1505000000", "totalRevenue": "3544000000", "costOfRevenue": "2039000000", "costofGoodsAndServicesSold": "2039000000", "operatingIncome": "905000000", "sellingGeneralAndAdministrative": "566000000", "researchAndDevelopment": "566000000", "operatingExpenses": "600000000", "investmentIncomeNet": "None", "netInterestIncome": "-52000000", "interestIncome": "52000000", "interestExpense": "52000000", "nonInterestIncome": "None", "otherNonOperatingIncome": "12000000", "depreciation": "None", "depreciationAndAmortization": "100000000", "incomeBeforeTax": "865000000", "incomeTaxExpense": "194000000", "interestAndDebtExpense": "None", "netIncomeFromContinuingOperations": "671000000", "comprehensiveIncomeNetOfTax": "None", "ebit": "911000000", "ebitda": "1011000000", "netIncome": "671000000"}, {"fiscalDateEnding": "2020-12-31", "reportedCurrency": "USD", "grossProfit": "1475000000", "totalRevenue": "3475000000", "costOfRevenue": "2000000000", "costofGoodsAndServicesSold": "2000000000", "operatingIncome": "883000000", "sellingGeneralAndAdministrative": "560000000", "researchAndDevelopment": "2163000000", "operatingExpenses": "592000000", "investmentIncomeNet": "None", "netInterestIncome": "-52000000", "interestIncome": "52000000", "interestExpense": "52000000", "nonInterestIncome": "None", "otherNonOperatingIncome": "-7000000", "depreciation": "None", "depreciationAndAmortization": "105000000", "incomeBeforeTax": "824000000", "incomeTaxExpense": "182000000", "interestAndDebtExpense": "None", "netIncomeFromContinuingOperations": "642000000", "comprehensiveIncomeNetOfTax": "None", "ebit": "887000000", "ebitda": "992000000", "netIncome": "642000000"}, {"fiscalDateEnding": "2020-09-30", "reportedCurrency": "USD", "grossProfit": "1397000000", "totalRevenue": "3307000000", "costOfRevenue": "1910000000", "costofGoodsAndServicesSold": "1910000000", "operatingIncome": "789000000", "sellingGeneralAndAdministrative": "560000000", "researchAndDevelopment": "560000000", "operatingExpenses": "608000000", "investmentIncomeNet": "None", "netInterestIncome": "-52000000", "interestIncome": "52000000", "interestExpense": "52000000", "nonInterestIncome": "None", "otherNonOperatingIncome": "2000000", "depreciation": "None", "depreciationAndAmortization": "118000000", "incomeBeforeTax": "739000000", "incomeTaxExpense": "157000000", "interestAndDebtExpense": "None", "netIncomeFromContinuingOperations": "582000000", "comprehensiveIncomeNetOfTax": "None", "ebit": "792000000", "ebitda": "910000000", "netIncome": "582000000"}, {"fiscalDateEnding": "2020-06-30", "reportedCurrency": "USD", "grossProfit": "970000000", "totalRevenue": "2564000000", "costOfRevenue": "1594000000", "costofGoodsAndServicesSold": "1594000000", "operatingIncome": "449000000", "sellingGeneralAndAdministrative": "486000000", "researchAndDevelopment": "486000000", "operatingExpenses": "521000000", "investmentIncomeNet": "None", "netInterestIncome": "-51000000", "interestIncome": "51000000", "interestExpense": "51000000", "nonInterestIncome": "None", "otherNonOperatingIncome": "8000000", "depreciation": "None", "depreciationAndAmortization": "100000000", "incomeBeforeTax": "406000000", "incomeTaxExpense": "87000000", "interestAndDebtExpense": "None", "netIncomeFromContinuingOperations": "319000000", "comprehensiveIncomeNetOfTax": "None", "ebit": "452000000", "ebitda": "552000000", "netIncome": "319000000"}, {"fiscalDateEnding": "2020-03-31", "reportedCurrency": "USD", "grossProfit": "1357000000", "totalRevenue": "3228000000", "costOfRevenue": "1871000000", "costofGoodsAndServicesSold": "1871000000", "operatingIncome": "761000000", "sellingGeneralAndAdministrative": "560000000", "researchAndDevelopment": "560000000", "operatingExpenses": "596000000", "investmentIncomeNet": "None", "netInterestIncome": "-51000000", "interestIncome": "51000000", "interestExpense": "51000000", "nonInterestIncome": "None", "otherNonOperatingIncome": "25000000", "depreciation": "None", "depreciationAndAmortization": "104000000", "incomeBeforeTax": "735000000", "incomeTaxExpense": "169000000", "interestAndDebtExpense": "None", "netIncomeFromContinuingOperations": "566000000", "comprehensiveIncomeNetOfTax": "None", "ebit": "764000000", "ebitda": "868000000", "netIncome": "566000000"}, {"fiscalDateEnding": "2019-12-31", "reportedCurrency": "USD", "grossProfit": "1447000000", "totalRevenue": "3469000000", "costOfRevenue": "2022000000", "costofGoodsAndServicesSold": "2022000000", "operatingIncome": "824000000", "sellingGeneralAndAdministrative": "586000000", "researchAndDevelopment": "2361000000", "operatingExpenses": "623000000", "investmentIncomeNet": "None", "netInterestIncome": "-22000000", "interestIncome": "51000000", "interestExpense": "51000000", "nonInterestIncome": "None", "otherNonOperatingIncome": "58000000", "depreciation": "None", "depreciationAndAmortization": "105000000", "incomeBeforeTax": "831000000", "incomeTaxExpense": "190000000", "interestAndDebtExpense": "None", "netIncomeFromContinuingOperations": "641000000", "comprehensiveIncomeNetOfTax": "None", "ebit": "831000000", "ebitda": "936000000", "netIncome": "641000000"}, {"fiscalDateEnding": "2019-09-30", "reportedCurrency": "USD", "grossProfit": "1472000000", "totalRevenue": "3479000000", "costOfRevenue": "2007000000", "costofGoodsAndServicesSold": "2007000000", "operatingIncome": "868000000", "sellingGeneralAndAdministrative": "566000000", "researchAndDevelopment": "566000000", "operatingExpenses": "604000000", "investmentIncomeNet": "None", "netInterestIncome": "-52000000", "interestIncome": "52000000", "interestExpense": "52000000", "nonInterestIncome": "None", "otherNonOperatingIncome": "26000000", "depreciation": "None", "depreciationAndAmortization": "104000000", "incomeBeforeTax": "842000000", "incomeTaxExpense": "182000000", "interestAndDebtExpense": "None", "netIncomeFromContinuingOperations": "660000000", "comprehensiveIncomeNetOfTax": "None", "ebit": "873000000", "ebitda": "977000000", "netIncome": "660000000"}, {"fiscalDateEnding": "2019-06-30", "reportedCurrency": "USD", "grossProfit": "1510000000", "totalRevenue": "3609000000", "costOfRevenue": "2099000000", "costofGoodsAndServicesSold": "2099000000", "operatingIncome": "871000000", "sellingGeneralAndAdministrative": "598000000", "researchAndDevelopment": "598000000", "operatingExpenses": "639000000", "investmentIncomeNet": "None", "netInterestIncome": "-55000000", "interestIncome": "55000000", "interestExpense": "55000000", "nonInterestIncome": "None", "otherNonOperatingIncome": "9000000", "depreciation": "None", "depreciationAndAmortization": "107000000", "incomeBeforeTax": "825000000", "incomeTaxExpense": "202000000", "interestAndDebtExpense": "None", "netIncomeFromContinuingOperations": "623000000", "comprehensiveIncomeNetOfTax": "None", "ebit": "877000000", "ebitda": "984000000", "netIncome": "623000000"}, {"fiscalDateEnding": "2019-03-31", "reportedCurrency": "USD", "grossProfit": "1493000000", "totalRevenue": "3552000000", "costOfRevenue": "2059000000", "costofGoodsAndServicesSold": "2059000000", "operatingIncome": "839000000", "sellingGeneralAndAdministrative": "611000000", "researchAndDevelopment": "611000000", "operatingExpenses": "654000000", "investmentIncomeNet": "None", "netInterestIncome": "-63000000", "interestIncome": "63000000", "interestExpense": "63000000", "nonInterestIncome": "None", "otherNonOperatingIncome": "14000000", "depreciation": "None", "depreciationAndAmortization": "110000000", "incomeBeforeTax": "790000000", "incomeTaxExpense": "193000000", "interestAndDebtExpense": "None", "netIncomeFromContinuingOperations": "597000000", "comprehensiveIncomeNetOfTax": "None", "ebit": "845000000", "ebitda": "955000000", "netIncome": "597000000"}, {"fiscalDateEnding": "2018-12-31", "reportedCurrency": "USD", "grossProfit": "1484000000", "totalRevenue": "3580000000", "costOfRevenue": "2096000000", "costofGoodsAndServicesSold": "2096000000", "operatingIncome": "860000000", "sellingGeneralAndAdministrative": "578000000", "researchAndDevelopment": "2391000000", "operatingExpenses": "624000000", "investmentIncomeNet": "None", "netInterestIncome": "None", "interestIncome": "None", "interestExpense": "63000000", "nonInterestIncome": "None", "otherNonOperatingIncome": "19000000", "depreciation": "None", "depreciationAndAmortization": "46000000", "incomeBeforeTax": "816000000", "incomeTaxExpense": "209000000", "interestAndDebtExpense": "None", "netIncomeFromContinuingOperations": "607000000", "comprehensiveIncomeNetOfTax": "None", "ebit": "934000000", "ebitda": "980000000", "netIncome": "607000000"}, {"fiscalDateEnding": "2018-09-30", "reportedCurrency": "USD", "grossProfit": "1517000000", "totalRevenue": "3613000000", "costOfRevenue": "2096000000", "costofGoodsAndServicesSold": "2096000000", "operatingIncome": "889000000", "sellingGeneralAndAdministrative": "581000000", "researchAndDevelopment": "581000000", "operatingExpenses": "628000000", "investmentIncomeNet": "None", "netInterestIncome": "None", "interestIncome": "None", "interestExpense": "64000000", "nonInterestIncome": "None", "otherNonOperatingIncome": "10000000", "depreciation": "None", "depreciationAndAmortization": "47000000", "incomeBeforeTax": "835000000", "incomeTaxExpense": "197000000", "interestAndDebtExpense": "None", "netIncomeFromContinuingOperations": "638000000", "comprehensiveIncomeNetOfTax": "None", "ebit": "962000000", "ebitda": "1009000000", "netIncome": "638000000"}, {"fiscalDateEnding": "2018-06-30", "reportedCurrency": "USD", "grossProfit": "1600000000", "totalRevenue": "3831000000", "costOfRevenue": "2231000000", "costofGoodsAndServicesSold": "2231000000", "operatingIncome": "932000000", "sellingGeneralAndAdministrative": "620000000", "researchAndDevelopment": "620000000", "operatingExpenses": "668000000", "investmentIncomeNet": "None", "netInterestIncome": "None", "interestIncome": "None", "interestExpense": "64000000", "nonInterestIncome": "None", "otherNonOperatingIncome": "26000000", "depreciation": "None", "depreciationAndAmortization": "48000000", "incomeBeforeTax": "894000000", "incomeTaxExpense": "228000000", "interestAndDebtExpense": "None", "netIncomeFromContinuingOperations": "666000000", "comprehensiveIncomeNetOfTax": "None", "ebit": "1005000000", "ebitda": "1053000000", "netIncome": "666000000"}, {"fiscalDateEnding": "2018-03-31", "reportedCurrency": "USD", "grossProfit": "1563000000", "totalRevenue": "3744000000", "costOfRevenue": "2181000000", "costofGoodsAndServicesSold": "2181000000", "operatingIncome": "903000000", "sellingGeneralAndAdministrative": "612000000", "researchAndDevelopment": "612000000", "operatingExpenses": "660000000", "investmentIncomeNet": "None", "netInterestIncome": "None", "interestIncome": "None", "interestExpense": "66000000", "nonInterestIncome": "None", "otherNonOperatingIncome": "12000000", "depreciation": "None", "depreciationAndAmortization": "48000000", "incomeBeforeTax": "849000000", "incomeTaxExpense": "197000000", "interestAndDebtExpense": "None", "netIncomeFromContinuingOperations": "652000000", "comprehensiveIncomeNetOfTax": "None", "ebit": "975000000", "ebitda": "1023000000", "netIncome": "652000000"}, {"fiscalDateEnding": "2017-12-31", "reportedCurrency": "USD", "grossProfit": "1505000000", "totalRevenue": "3629000000", "costOfRevenue": "2124000000", "costofGoodsAndServicesSold": "2124000000", "operatingIncome": "850000000", "sellingGeneralAndAdministrative": "605000000", "researchAndDevelopment": "2400000000", "operatingExpenses": "655000000", "investmentIncomeNet": "None", "netInterestIncome": "None", "interestIncome": "None", "interestExpense": "66000000", "nonInterestIncome": "None", "otherNonOperatingIncome": "12000000", "depreciation": "None", "depreciationAndAmortization": "50000000", "incomeBeforeTax": "796000000", "incomeTaxExpense": "872000000", "interestAndDebtExpense": "None", "netIncomeFromContinuingOperations": "-76000000", "comprehensiveIncomeNetOfTax": "None", "ebit": "918000000", "ebitda": "968000000", "netIncome": "-76000000"}, {"fiscalDateEnding": "2017-09-30", "reportedCurrency": "USD", "grossProfit": "1521000000", "totalRevenue": "3615000000", "costOfRevenue": "2094000000", "costofGoodsAndServicesSold": "2094000000", "operatingIncome": "961000000", "sellingGeneralAndAdministrative": "589000000", "researchAndDevelopment": "589000000", "operatingExpenses": "640000000", "investmentIncomeNet": "None", "netInterestIncome": "None", "interestIncome": "None", "interestExpense": "65000000", "nonInterestIncome": "None", "otherNonOperatingIncome": "10000000", "depreciation": "None", "depreciationAndAmortization": "51000000", "incomeBeforeTax": "906000000", "incomeTaxExpense": "266000000", "interestAndDebtExpense": "None", "netIncomeFromContinuingOperations": "640000000", "comprehensiveIncomeNetOfTax": "None", "ebit": "946000000", "ebitda": "997000000", "netIncome": "640000000"}, {"fiscalDateEnding": "2017-06-30", "reportedCurrency": "USD", "grossProfit": "1512000000", "totalRevenue": "3599000000", "costOfRevenue": "2087000000", "costofGoodsAndServicesSold": "2087000000", "operatingIncome": "874000000", "sellingGeneralAndAdministrative": "586000000", "researchAndDevelopment": "586000000", "operatingExpenses": "638000000", "investmentIncomeNet": "None", "netInterestIncome": "None", "interestIncome": "None", "interestExpense": "65000000", "nonInterestIncome": "None", "otherNonOperatingIncome": "10000000", "depreciation": "None", "depreciationAndAmortization": "52000000", "incomeBeforeTax": "819000000", "incomeTaxExpense": "232000000", "interestAndDebtExpense": "None", "netIncomeFromContinuingOperations": "587000000", "comprehensiveIncomeNetOfTax": "None", "ebit": "919000000", "ebitda": "971000000", "netIncome": "587000000"}, {"fiscalDateEnding": "2017-03-31", "reportedCurrency": "USD", "grossProfit": "1467000000", "totalRevenue": "3471000000", "costOfRevenue": "2004000000", "costofGoodsAndServicesSold": "2004000000", "operatingIncome": "809000000", "sellingGeneralAndAdministrative": "605000000", "researchAndDevelopment": "605000000", "operatingExpenses": "658000000", "investmentIncomeNet": "None", "netInterestIncome": "None", "interestIncome": "None", "interestExpense": "64000000", "nonInterestIncome": "None", "otherNonOperatingIncome": "4000000", "depreciation": "None", "depreciationAndAmortization": "53000000", "incomeBeforeTax": "749000000", "incomeTaxExpense": "213000000", "interestAndDebtExpense": "None", "netIncomeFromContinuingOperations": "536000000", "comprehensiveIncomeNetOfTax": "None", "ebit": "870000000", "ebitda": "923000000", "netIncome": "536000000"}, {"fiscalDateEnding": "2016-12-31", "reportedCurrency": "USD", "grossProfit": "1393000000", "totalRevenue": "3399000000", "costOfRevenue": "2006000000", "costofGoodsAndServicesSold": "2006000000", "operatingIncome": "742000000", "sellingGeneralAndAdministrative": "597000000", "researchAndDevelopment": "2415000000", "operatingExpenses": "651000000", "investmentIncomeNet": "None", "netInterestIncome": "None", "interestIncome": "None", "interestExpense": "63000000", "nonInterestIncome": "None", "otherNonOperatingIncome": "47000000", "depreciation": "None", "depreciationAndAmortization": "54000000", "incomeBeforeTax": "726000000", "incomeTaxExpense": "219000000", "interestAndDebtExpense": "None", "netIncomeFromContinuingOperations": "507000000", "comprehensiveIncomeNetOfTax": "None", "ebit": "806000000", "ebitda": "860000000", "netIncome": "507000000"}, {"fiscalDateEnding": "2016-09-30", "reportedCurrency": "USD", "grossProfit": "1468000000", "totalRevenue": "3495000000", "costOfRevenue": "2027000000", "costofGoodsAndServicesSold": "2027000000", "operatingIncome": "808000000", "sellingGeneralAndAdministrative": "604000000", "researchAndDevelopment": "604000000", "operatingExpenses": "660000000", "investmentIncomeNet": "None", "netInterestIncome": "None", "interestIncome": "None", "interestExpense": "58000000", "nonInterestIncome": "None", "otherNonOperatingIncome": "13000000", "depreciation": "None", "depreciationAndAmortization": "56000000", "incomeBeforeTax": "763000000", "incomeTaxExpense": "228000000", "interestAndDebtExpense": "None", "netIncomeFromContinuingOperations": "535000000", "comprehensiveIncomeNetOfTax": "None", "ebit": "872000000", "ebitda": "928000000", "netIncome": "535000000"}, {"fiscalDateEnding": "2016-06-30", "reportedCurrency": "USD", "grossProfit": "1464000000", "totalRevenue": "3431000000", "costOfRevenue": "1967000000", "costofGoodsAndServicesSold": "1967000000", "operatingIncome": "792000000", "sellingGeneralAndAdministrative": "617000000", "researchAndDevelopment": "617000000", "operatingExpenses": "672000000", "investmentIncomeNet": "None", "netInterestIncome": "None", "interestIncome": "None", "interestExpense": "58000000", "nonInterestIncome": "None", "otherNonOperatingIncome": "17000000", "depreciation": "None", "depreciationAndAmortization": "55000000", "incomeBeforeTax": "751000000", "incomeTaxExpense": "226000000", "interestAndDebtExpense": "None", "netIncomeFromContinuingOperations": "525000000", "comprehensiveIncomeNetOfTax": "None", "ebit": "852000000", "ebitda": "907000000", "netIncome": "525000000"}, {"fiscalDateEnding": "2016-03-31", "reportedCurrency": "USD", "grossProfit": "1378000000", "totalRevenue": "3274000000", "costOfRevenue": "1896000000", "costofGoodsAndServicesSold": "1896000000", "operatingIncome": "722000000", "sellingGeneralAndAdministrative": "597000000", "researchAndDevelopment": "597000000", "operatingExpenses": "656000000", "investmentIncomeNet": "None", "netInterestIncome": "None", "interestIncome": "None", "interestExpense": "58000000", "nonInterestIncome": "None", "otherNonOperatingIncome": "4000000", "depreciation": "None", "depreciationAndAmortization": "59000000", "incomeBeforeTax": "668000000", "incomeTaxExpense": "200000000", "interestAndDebtExpense": "None", "netIncomeFromContinuingOperations": "468000000", "comprehensiveIncomeNetOfTax": "None", "ebit": "780000000", "ebitda": "839000000", "netIncome": "468000000"}, {"fiscalDateEnding": "2015-12-31", "reportedCurrency": "USD", "grossProfit": "1334000000", "totalRevenue": "3275000000", "costOfRevenue": "1941000000", "costofGoodsAndServicesSold": "1941000000", "operatingIncome": "679000000", "sellingGeneralAndAdministrative": "598000000", "researchAndDevelopment": "2417000000", "operatingExpenses": "655000000", "investmentIncomeNet": "None", "netInterestIncome": "None", "interestIncome": "None", "interestExpense": "58000000", "nonInterestIncome": "None", "otherNonOperatingIncome": "13000000", "depreciation": "None", "depreciationAndAmortization": "57000000", "incomeBeforeTax": "634000000", "incomeTaxExpense": "184000000", "interestAndDebtExpense": "None", "netIncomeFromContinuingOperations": "450000000", "comprehensiveIncomeNetOfTax": "None", "ebit": "743000000", "ebitda": "800000000", "netIncome": "450000000"}, {"fiscalDateEnding": "2015-09-30", "reportedCurrency": "USD", "grossProfit": "1401000000", "totalRevenue": "3354000000", "costOfRevenue": "1953000000", "costofGoodsAndServicesSold": "1953000000", "operatingIncome": "761000000", "sellingGeneralAndAdministrative": "581000000", "researchAndDevelopment": "581000000", "operatingExpenses": "638000000", "investmentIncomeNet": "None", "netInterestIncome": "None", "interestIncome": "None", "interestExpense": "59000000", "nonInterestIncome": "None", "otherNonOperatingIncome": "23000000", "depreciation": "None", "depreciationAndAmortization": "57000000", "incomeBeforeTax": "725000000", "incomeTaxExpense": "214000000", "interestAndDebtExpense": "None", "netIncomeFromContinuingOperations": "511000000", "comprehensiveIncomeNetOfTax": "None", "ebit": "786000000", "ebitda": "843000000", "netIncome": "511000000"}, {"fiscalDateEnding": "2015-06-30", "reportedCurrency": "USD", "grossProfit": "1410000000", "totalRevenue": "3434000000", "costOfRevenue": "2024000000", "costofGoodsAndServicesSold": "2024000000", "operatingIncome": "730000000", "sellingGeneralAndAdministrative": "622000000", "researchAndDevelopment": "622000000", "operatingExpenses": "680000000", "investmentIncomeNet": "None", "netInterestIncome": "None", "interestIncome": "None", "interestExpense": "55000000", "nonInterestIncome": "None", "otherNonOperatingIncome": "21000000", "depreciation": "None", "depreciationAndAmortization": "58000000", "incomeBeforeTax": "696000000", "incomeTaxExpense": "216000000", "interestAndDebtExpense": "None", "netIncomeFromContinuingOperations": "480000000", "comprehensiveIncomeNetOfTax": "None", "ebit": "790000000", "ebitda": "848000000", "netIncome": "480000000"}, {"fiscalDateEnding": "2015-03-31", "reportedCurrency": "USD", "grossProfit": "1372000000", "totalRevenue": "3342000000", "costOfRevenue": "1970000000", "costofGoodsAndServicesSold": "1970000000", "operatingIncome": "697000000", "sellingGeneralAndAdministrative": "616000000", "researchAndDevelopment": "616000000", "operatingExpenses": "675000000", "investmentIncomeNet": "None", "netInterestIncome": "None", "interestIncome": "None", "interestExpense": "54000000", "nonInterestIncome": "None", "otherNonOperatingIncome": "21000000", "depreciation": "None", "depreciationAndAmortization": "59000000", "incomeBeforeTax": "664000000", "incomeTaxExpense": "206000000", "interestAndDebtExpense": "None", "netIncomeFromContinuingOperations": "458000000", "comprehensiveIncomeNetOfTax": "None", "ebit": "756000000", "ebitda": "815000000", "netIncome": "458000000"}, {"fiscalDateEnding": "2014-12-31", "reportedCurrency": "USD", "grossProfit": "1390000000", "totalRevenue": "3504000000", "costOfRevenue": "2114000000", "costofGoodsAndServicesSold": "2114000000", "operatingIncome": "686000000", "sellingGeneralAndAdministrative": "644000000", "researchAndDevelopment": "2678000000", "operatingExpenses": "704000000", "investmentIncomeNet": "None", "netInterestIncome": "None", "interestIncome": "None", "interestExpense": "54000000", "nonInterestIncome": "None", "otherNonOperatingIncome": "25000000", "depreciation": "None", "depreciationAndAmortization": "60000000", "incomeBeforeTax": "657000000", "incomeTaxExpense": "196000000", "interestAndDebtExpense": "None", "netIncomeFromContinuingOperations": "461000000", "comprehensiveIncomeNetOfTax": "None", "ebit": "746000000", "ebitda": "806000000", "netIncome": "450000000"}, {"fiscalDateEnding": "2014-09-30", "reportedCurrency": "USD", "grossProfit": "1510000000", "totalRevenue": "3692000000", "costOfRevenue": "2182000000", "costofGoodsAndServicesSold": "2182000000", "operatingIncome": "772000000", "sellingGeneralAndAdministrative": "675000000", "researchAndDevelopment": "675000000", "operatingExpenses": "735000000", "investmentIncomeNet": "None", "netInterestIncome": "None", "interestIncome": "None", "interestExpense": "68000000", "nonInterestIncome": "None", "otherNonOperatingIncome": "20000000", "depreciation": "None", "depreciationAndAmortization": "60000000", "incomeBeforeTax": "724000000", "incomeTaxExpense": "217000000", "interestAndDebtExpense": "None", "netIncomeFromContinuingOperations": "507000000", "comprehensiveIncomeNetOfTax": "None", "ebit": "795000000", "ebitda": "855000000", "netIncome": "531000000"}, {"fiscalDateEnding": "2014-06-30", "reportedCurrency": "USD", "grossProfit": "1500000000", "totalRevenue": "3719000000", "costOfRevenue": "2219000000", "costofGoodsAndServicesSold": "2219000000", "operatingIncome": "763000000", "sellingGeneralAndAdministrative": "677000000", "researchAndDevelopment": "677000000", "operatingExpenses": "737000000", "investmentIncomeNet": "None", "netInterestIncome": "None", "interestIncome": "None", "interestExpense": "64000000", "nonInterestIncome": "None", "otherNonOperatingIncome": "7000000", "depreciation": "None", "depreciationAndAmortization": "60000000", "incomeBeforeTax": "706000000", "incomeTaxExpense": "212000000", "interestAndDebtExpense": "None", "netIncomeFromContinuingOperations": "494000000", "comprehensiveIncomeNetOfTax": "None", "ebit": "832000000", "ebitda": "892000000", "netIncome": "1492000000"}, {"fiscalDateEnding": "2014-03-31", "reportedCurrency": "USD", "grossProfit": "1411000000", "totalRevenue": "3569000000", "costOfRevenue": "2158000000", "costofGoodsAndServicesSold": "2158000000", "operatingIncome": "667000000", "sellingGeneralAndAdministrative": "682000000", "researchAndDevelopment": "682000000", "operatingExpenses": "744000000", "investmentIncomeNet": "None", "netInterestIncome": "None", "interestIncome": "None", "interestExpense": "64000000", "nonInterestIncome": "None", "otherNonOperatingIncome": "9000000", "depreciation": "None", "depreciationAndAmortization": "62000000", "incomeBeforeTax": "612000000", "incomeTaxExpense": "184000000", "interestAndDebtExpense": "None", "netIncomeFromContinuingOperations": "428000000", "comprehensiveIncomeNetOfTax": "None", "ebit": "735000000", "ebitda": "797000000", "netIncome": "473000000"}, {"fiscalDateEnding": "2013-12-31", "reportedCurrency": "USD", "grossProfit": "1381000000", "totalRevenue": "3554000000", "costOfRevenue": "2173000000", "costofGoodsAndServicesSold": "2173000000", "operatingIncome": "628000000", "sellingGeneralAndAdministrative": "689000000", "researchAndDevelopment": "2815000000", "operatingExpenses": "753000000", "investmentIncomeNet": "None", "netInterestIncome": "None", "interestIncome": "None", "interestExpense": "60000000", "nonInterestIncome": "None", "otherNonOperatingIncome": "5000000", "depreciation": "None", "depreciationAndAmortization": "64000000", "incomeBeforeTax": "573000000", "incomeTaxExpense": "166000000", "interestAndDebtExpense": "None", "netIncomeFromContinuingOperations": "301000000", "comprehensiveIncomeNetOfTax": "None", "ebit": "633000000", "ebitda": "697000000", "netIncome": "408000000"}, {"fiscalDateEnding": "2013-09-30", "reportedCurrency": "USD", "grossProfit": "1420000000", "totalRevenue": "3568000000", "costOfRevenue": "2148000000", "costofGoodsAndServicesSold": "2148000000", "operatingIncome": "678000000", "sellingGeneralAndAdministrative": "676000000", "researchAndDevelopment": "676000000", "operatingExpenses": "740000000", "investmentIncomeNet": "None", "netInterestIncome": "None", "interestIncome": "None", "interestExpense": "60000000", "nonInterestIncome": "None", "otherNonOperatingIncome": "10000000", "depreciation": "None", "depreciationAndAmortization": "64000000", "incomeBeforeTax": "628000000", "incomeTaxExpense": "222000000", "interestAndDebtExpense": "None", "netIncomeFromContinuingOperations": "406000000", "comprehensiveIncomeNetOfTax": "None", "ebit": "690000000", "ebitda": "754000000", "netIncome": "452000000"}, {"fiscalDateEnding": "2013-06-30", "reportedCurrency": "USD", "grossProfit": "1600000000", "totalRevenue": "4219000000", "costOfRevenue": "2619000000", "costofGoodsAndServicesSold": "2619000000", "operatingIncome": "702000000", "sellingGeneralAndAdministrative": "833000000", "researchAndDevelopment": "833000000", "operatingExpenses": "898000000", "investmentIncomeNet": "None", "netInterestIncome": "None", "interestIncome": "None", "interestExpense": "59000000", "nonInterestIncome": "None", "otherNonOperatingIncome": "11000000", "depreciation": "None", "depreciationAndAmortization": "65000000", "incomeBeforeTax": "654000000", "incomeTaxExpense": "190000000", "interestAndDebtExpense": "None", "netIncomeFromContinuingOperations": "464000000", "comprehensiveIncomeNetOfTax": "None", "ebit": "719000000", "ebitda": "784000000", "netIncome": "465000000"}, {"fiscalDateEnding": "2013-03-31", "reportedCurrency": "USD", "grossProfit": "1507000000", "totalRevenue": "4009000000", "costOfRevenue": "2502000000", "costofGoodsAndServicesSold": "2502000000", "operatingIncome": "660000000", "sellingGeneralAndAdministrative": "779000000", "researchAndDevelopment": "779000000", "operatingExpenses": "847000000", "investmentIncomeNet": "None", "netInterestIncome": "None", "interestIncome": "None", "interestExpense": "60000000", "nonInterestIncome": "None", "otherNonOperatingIncome": "46000000", "depreciation": "None", "depreciationAndAmortization": "68000000", "incomeBeforeTax": "646000000", "incomeTaxExpense": "187000000", "interestAndDebtExpense": "None", "netIncomeFromContinuingOperations": "459000000", "comprehensiveIncomeNetOfTax": "None", "ebit": "706000000", "ebitda": "774000000", "netIncome": "354000000"}, {"fiscalDateEnding": "2012-12-31", "reportedCurrency": "USD", "grossProfit": "1496000000", "totalRevenue": "4221000000", "costOfRevenue": "2725000000", "costofGoodsAndServicesSold": "2725000000", "operatingIncome": "609000000", "sellingGeneralAndAdministrative": "816000000", "researchAndDevelopment": "3332000000", "operatingExpenses": "887000000", "investmentIncomeNet": "None", "netInterestIncome": "None", "interestIncome": "None", "interestExpense": "61000000", "nonInterestIncome": "None", "otherNonOperatingIncome": "910000000", "depreciation": "None", "depreciationAndAmortization": "71000000", "incomeBeforeTax": "1458000000", "incomeTaxExpense": "486000000", "interestAndDebtExpense": "None", "netIncomeFromContinuingOperations": "972000000", "comprehensiveIncomeNetOfTax": "None", "ebit": "586000000", "ebitda": "657000000", "netIncome": "979000000"}, {"fiscalDateEnding": "2012-09-30", "reportedCurrency": "USD", "grossProfit": "1646000000", "totalRevenue": "4501000000", "costOfRevenue": "2855000000", "costofGoodsAndServicesSold": "2855000000", "operatingIncome": "763000000", "sellingGeneralAndAdministrative": "811000000", "researchAndDevelopment": "0", "operatingExpenses": "881000000", "investmentIncomeNet": "None", "netInterestIncome": "None", "interestIncome": "None", "interestExpense": "53000000", "nonInterestIncome": "None", "otherNonOperatingIncome": "29000000", "depreciation": "None", "depreciationAndAmortization": "70000000", "incomeBeforeTax": "739000000", "incomeTaxExpense": "214000000", "interestAndDebtExpense": "None", "netIncomeFromContinuingOperations": "525000000", "comprehensiveIncomeNetOfTax": "None", "ebit": "750000000", "ebitda": "820000000", "netIncome": "524000000"}, {"fiscalDateEnding": "2012-06-30", "reportedCurrency": "USD", "grossProfit": "1691000000", "totalRevenue": "4655000000", "costOfRevenue": "2964000000", "costofGoodsAndServicesSold": "2964000000", "operatingIncome": "770000000", "sellingGeneralAndAdministrative": "846000000", "researchAndDevelopment": "0", "operatingExpenses": "921000000", "investmentIncomeNet": "None", "netInterestIncome": "None", "interestIncome": "None", "interestExpense": "50000000", "nonInterestIncome": "None", "otherNonOperatingIncome": "23000000", "depreciation": "None", "depreciationAndAmortization": "75000000", "incomeBeforeTax": "743000000", "incomeTaxExpense": "216000000", "interestAndDebtExpense": "None", "netIncomeFromContinuingOperations": "527000000", "comprehensiveIncomeNetOfTax": "None", "ebit": "770000000", "ebitda": "845000000", "netIncome": "881000000"}, {"fiscalDateEnding": "2012-03-31", "reportedCurrency": "USD", "grossProfit": "1636000000", "totalRevenue": "4547000000", "costOfRevenue": "2911000000", "costofGoodsAndServicesSold": "2911000000", "operatingIncome": "705000000", "sellingGeneralAndAdministrative": "859000000", "researchAndDevelopment": "None", "operatingExpenses": "931000000", "investmentIncomeNet": "None", "netInterestIncome": "None", "interestIncome": "None", "interestExpense": "50000000", "nonInterestIncome": "None", "otherNonOperatingIncome": "8000000", "depreciation": "None", "depreciationAndAmortization": "72000000", "incomeBeforeTax": "663000000", "incomeTaxExpense": "192000000", "interestAndDebtExpense": "None", "netIncomeFromContinuingOperations": "471000000", "comprehensiveIncomeNetOfTax": "None", "ebit": "705000000", "ebitda": "777000000", "netIncome": "486000000"}, {"fiscalDateEnding": "2011-12-31", "reportedCurrency": "USD", "grossProfit": "1520943000", "totalRevenue": "4319308000", "costOfRevenue": "2798365000", "costofGoodsAndServicesSold": "2798365000", "operatingIncome": "647082000", "sellingGeneralAndAdministrative": "804774000", "researchAndDevelopment": "2460440000", "operatingExpenses": "873861000", "investmentIncomeNet": "None", "netInterestIncome": "None", "interestIncome": "None", "interestExpense": "54172000", "nonInterestIncome": "None", "otherNonOperatingIncome": "8243000", "depreciation": "None", "depreciationAndAmortization": "69087000", "incomeBeforeTax": "600815000", "incomeTaxExpense": "163700000", "interestAndDebtExpense": "None", "netIncomeFromContinuingOperations": "420212000", "comprehensiveIncomeNetOfTax": "None", "ebit": "647082000", "ebitda": "716169000", "netIncome": "442197000"}, {"fiscalDateEnding": "2011-09-30", "reportedCurrency": "USD", "grossProfit": "1619019000", "totalRevenue": "4580516000", "costOfRevenue": "2961497000", "costofGoodsAndServicesSold": "2961497000", "operatingIncome": "714284000", "sellingGeneralAndAdministrative": "836433000", "researchAndDevelopment": "821912000", "operatingExpenses": "904735000", "investmentIncomeNet": "None", "netInterestIncome": "None", "interestIncome": "None", "interestExpense": "48583000", "nonInterestIncome": "None", "otherNonOperatingIncome": "24682000", "depreciation": "None", "depreciationAndAmortization": "68302000", "incomeBeforeTax": "690383000", "incomeTaxExpense": "200250000", "interestAndDebtExpense": "None", "netIncomeFromContinuingOperations": "490133000", "comprehensiveIncomeNetOfTax": "None", "ebit": "714284000", "ebitda": "782586000", "netIncome": "507000000"}, {"fiscalDateEnding": "2011-06-30", "reportedCurrency": "USD", "grossProfit": "1618900000", "totalRevenue": "4614914000", "costOfRevenue": "2996014000", "costofGoodsAndServicesSold": "2996014000", "operatingIncome": "711050000", "sellingGeneralAndAdministrative": "845145000", "researchAndDevelopment": "821912000", "operatingExpenses": "907850000", "investmentIncomeNet": "None", "netInterestIncome": "None", "interestIncome": "None", "interestExpense": "45396000", "nonInterestIncome": "None", "otherNonOperatingIncome": "15357000", "depreciation": "None", "depreciationAndAmortization": "62705000", "incomeBeforeTax": "681011000", "incomeTaxExpense": "197482000", "interestAndDebtExpense": "None", "netIncomeFromContinuingOperations": "483529000", "comprehensiveIncomeNetOfTax": "None", "ebit": "711050000", "ebitda": "773755000", "netIncome": "499000000"}, {"fiscalDateEnding": "2011-03-31", "reportedCurrency": "USD", "grossProfit": "1560887000", "totalRevenue": "4387579000", "costOfRevenue": "2826692000", "costofGoodsAndServicesSold": "2826692000", "operatingIncome": "682608000", "sellingGeneralAndAdministrative": "821912000", "researchAndDevelopment": "821912000", "operatingExpenses": "878279000", "investmentIncomeNet": "None", "netInterestIncome": "None", "interestIncome": "None", "interestExpense": "44025000", "nonInterestIncome": "None", "otherNonOperatingIncome": "5557000", "depreciation": "None", "depreciationAndAmortization": "56367000", "incomeBeforeTax": "644140000", "incomeTaxExpense": "21000000", "interestAndDebtExpense": "None", "netIncomeFromContinuingOperations": "623140000", "comprehensiveIncomeNetOfTax": "None", "ebit": "682608000", "ebitda": "738975000", "netIncome": "623000000"}, {"fiscalDateEnding": "2010-12-31", "reportedCurrency": "USD", "grossProfit": "1430428000", "totalRevenue": "4169269000", "costOfRevenue": "2738841000", "costofGoodsAndServicesSold": "2738841000", "operatingIncome": "579488000", "sellingGeneralAndAdministrative": "797123000", "researchAndDevelopment": "2310756000", "operatingExpenses": "850940000", "investmentIncomeNet": "None", "netInterestIncome": "None", "interestIncome": "None", "interestExpense": "44026000", "nonInterestIncome": "None", "otherNonOperatingIncome": "3132000", "depreciation": "None", "depreciationAndAmortization": "53817000", "incomeBeforeTax": "538594000", "incomeTaxExpense": "145800000", "interestAndDebtExpense": "None", "netIncomeFromContinuingOperations": "392794000", "comprehensiveIncomeNetOfTax": "None", "ebit": "668290000", "ebitda": "722107000", "netIncome": "392794000"}, {"fiscalDateEnding": "2010-09-30", "reportedCurrency": "USD", "grossProfit": "1433565000", "totalRevenue": "4018466000", "costOfRevenue": "2584901000", "costofGoodsAndServicesSold": "2584901000", "operatingIncome": "640522000", "sellingGeneralAndAdministrative": "739984000", "researchAndDevelopment": "748604000", "operatingExpenses": "792037000", "investmentIncomeNet": "None", "netInterestIncome": "None", "interestIncome": "None", "interestExpense": "43166000", "nonInterestIncome": "None", "otherNonOperatingIncome": "15920000", "depreciation": "None", "depreciationAndAmortization": "134479000", "incomeBeforeTax": "613276000", "incomeTaxExpense": "194000000", "interestAndDebtExpense": "None", "netIncomeFromContinuingOperations": "419276000", "comprehensiveIncomeNetOfTax": "None", "ebit": "622666000", "ebitda": "757145000", "netIncome": "422028000"}, {"fiscalDateEnding": "2010-06-30", "reportedCurrency": "USD", "grossProfit": "1480298000", "totalRevenue": "4076252000", "costOfRevenue": "2595954000", "costofGoodsAndServicesSold": "2595954000", "operatingIncome": "652738000", "sellingGeneralAndAdministrative": "773649000", "researchAndDevelopment": "748604000", "operatingExpenses": "827560000", "investmentIncomeNet": "None", "netInterestIncome": "None", "interestIncome": "None", "interestExpense": "43687000", "nonInterestIncome": "None", "otherNonOperatingIncome": "5741000", "depreciation": "None", "depreciationAndAmortization": "137541000", "incomeBeforeTax": "614792000", "incomeTaxExpense": "194000000", "interestAndDebtExpense": "None", "netIncomeFromContinuingOperations": "420792000", "comprehensiveIncomeNetOfTax": "None", "ebit": "627131000", "ebitda": "764672000", "netIncome": "411456000"}, {"fiscalDateEnding": "2010-03-31", "reportedCurrency": "USD", "grossProfit": "1285637000", "totalRevenue": "3606389000", "costOfRevenue": "2320752000", "costofGoodsAndServicesSold": "2320752000", "operatingIncome": "483930000", "sellingGeneralAndAdministrative": "748604000", "researchAndDevelopment": "748604000", "operatingExpenses": "801707000", "investmentIncomeNet": "None", "netInterestIncome": "None", "interestIncome": "None", "interestExpense": "44577000", "nonInterestIncome": "None", "otherNonOperatingIncome": "5978000", "depreciation": "None", "depreciationAndAmortization": "136771000", "incomeBeforeTax": "445331000", "incomeTaxExpense": "151000000", "interestAndDebtExpense": "None", "netIncomeFromContinuingOperations": "294331000", "comprehensiveIncomeNetOfTax": "None", "ebit": "483930000", "ebitda": "620701000", "netIncome": "333805000"}, {"fiscalDateEnding": "2009-12-31", "reportedCurrency": "USD", "grossProfit": "1328832000", "totalRevenue": "3757429000", "costOfRevenue": "2428597000", "costofGoodsAndServicesSold": "2428597000", "operatingIncome": "476255000", "sellingGeneralAndAdministrative": "797835000", "researchAndDevelopment": "3037439000", "operatingExpenses": "849006000", "investmentIncomeNet": "None", "netInterestIncome": "None", "interestIncome": "None", "interestExpense": "43847000", "nonInterestIncome": "None", "otherNonOperatingIncome": "None", "depreciation": "None", "depreciationAndAmortization": "148533000", "incomeBeforeTax": "438099000", "incomeTaxExpense": "-57500000", "interestAndDebtExpense": "None", "netIncomeFromContinuingOperations": "0", "comprehensiveIncomeNetOfTax": "None", "ebit": "481946000", "ebitda": "630479000", "netIncome": "507400000"}, {"fiscalDateEnding": "2009-09-30", "reportedCurrency": "USD", "grossProfit": "1265179000", "totalRevenue": "3580354000", "costOfRevenue": "2315175000", "costofGoodsAndServicesSold": "2315175000", "operatingIncome": "483595000", "sellingGeneralAndAdministrative": "720042000", "researchAndDevelopment": "0", "operatingExpenses": "769584000", "investmentIncomeNet": "None", "netInterestIncome": "None", "interestIncome": "None", "interestExpense": "45670000", "nonInterestIncome": "None", "otherNonOperatingIncome": "None", "depreciation": "None", "depreciationAndAmortization": "151245000", "incomeBeforeTax": "449064000", "incomeTaxExpense": "146100000", "interestAndDebtExpense": "None", "netIncomeFromContinuingOperations": "302964000", "comprehensiveIncomeNetOfTax": "None", "ebit": "494734000", "ebitda": "645979000", "netIncome": "302418000"}, {"fiscalDateEnding": "2009-06-30", "reportedCurrency": "USD", "grossProfit": "1144653000", "totalRevenue": "3392906000", "costOfRevenue": "2248253000", "costofGoodsAndServicesSold": "2248253000", "operatingIncome": "334835000", "sellingGeneralAndAdministrative": "757871000", "researchAndDevelopment": "0", "operatingExpenses": "809818000", "investmentIncomeNet": "None", "netInterestIncome": "None", "interestIncome": "None", "interestExpense": "43886000", "nonInterestIncome": "None", "otherNonOperatingIncome": "None", "depreciation": "None", "depreciationAndAmortization": "51947000", "incomeBeforeTax": "271110000", "incomeTaxExpense": "92167000", "interestAndDebtExpense": "None", "netIncomeFromContinuingOperations": "178943000", "comprehensiveIncomeNetOfTax": "None", "ebit": "416090000", "ebitda": "468037000", "netIncome": "176565000"}, {"fiscalDateEnding": "2009-03-31", "reportedCurrency": "USD", "grossProfit": "930868000", "totalRevenue": "2914268000", "costOfRevenue": "1983400000", "costofGoodsAndServicesSold": "1983400000", "operatingIncome": "57562000", "sellingGeneralAndAdministrative": "732739000", "researchAndDevelopment": "732739000", "operatingExpenses": "783309000", "investmentIncomeNet": "None", "netInterestIncome": "None", "interestIncome": "None", "interestExpense": "31298000", "nonInterestIncome": "None", "otherNonOperatingIncome": "None", "depreciation": "None", "depreciationAndAmortization": "222106000", "incomeBeforeTax": "22572000", "incomeTaxExpense": "52000000", "interestAndDebtExpense": "None", "netIncomeFromContinuingOperations": "0", "comprehensiveIncomeNetOfTax": "None", "ebit": "86953000", "ebitda": "309059000", "netIncome": "-39374000"}, {"fiscalDateEnding": "2008-12-31", "reportedCurrency": "USD", "grossProfit": "1265940000", "totalRevenue": "3678394000", "costOfRevenue": "2412454000", "costofGoodsAndServicesSold": "2412454000", "operatingIncome": "414113000", "sellingGeneralAndAdministrative": "589494000", "researchAndDevelopment": "212658000", "operatingExpenses": "851827000", "investmentIncomeNet": "None", "netInterestIncome": "None", "interestIncome": "None", "interestExpense": "42163000", "nonInterestIncome": "None", "otherNonOperatingIncome": "None", "depreciation": "None", "depreciationAndAmortization": "134492000", "incomeBeforeTax": "359310000", "incomeTaxExpense": "86000000", "interestAndDebtExpense": "None", "netIncomeFromContinuingOperations": "0", "comprehensiveIncomeNetOfTax": "None", "ebit": "414113000", "ebitda": "548605000", "netIncome": "233774000"}, {"fiscalDateEnding": "2008-09-30", "reportedCurrency": "USD", "grossProfit": "1448489000", "totalRevenue": "4147757000", "costOfRevenue": "2699268000", "costofGoodsAndServicesSold": "2699268000", "operatingIncome": "638963000", "sellingGeneralAndAdministrative": "759142000", "researchAndDevelopment": "0", "operatingExpenses": "809526000", "investmentIncomeNet": "None", "netInterestIncome": "None", "interestIncome": "None", "interestExpense": "38169000", "nonInterestIncome": "None", "otherNonOperatingIncome": "None", "depreciation": "None", "depreciationAndAmortization": "182013000", "incomeBeforeTax": "616693000", "incomeTaxExpense": "173404000", "interestAndDebtExpense": "None", "netIncomeFromContinuingOperations": "0", "comprehensiveIncomeNetOfTax": "None", "ebit": "456950000", "ebitda": "638963000", "netIncome": "453518000"}, {"fiscalDateEnding": "2008-06-30", "reportedCurrency": "USD", "grossProfit": "1623747000", "totalRevenue": "4570472000", "costOfRevenue": "2946725000", "costofGoodsAndServicesSold": "2946725000", "operatingIncome": "756712000", "sellingGeneralAndAdministrative": "822435000", "researchAndDevelopment": "0", "operatingExpenses": "867035000", "investmentIncomeNet": "None", "netInterestIncome": "None", "interestIncome": "None", "interestExpense": "36588000", "nonInterestIncome": "None", "otherNonOperatingIncome": "None", "depreciation": "None", "depreciationAndAmortization": "143820000", "incomeBeforeTax": "744370000", "incomeTaxExpense": "215900000", "interestAndDebtExpense": "None", "netIncomeFromContinuingOperations": "0", "comprehensiveIncomeNetOfTax": "None", "ebit": "732479000", "ebitda": "876299000", "netIncome": "528090000"}, {"fiscalDateEnding": "2008-03-31", "reportedCurrency": "USD", "grossProfit": "1441448000", "totalRevenue": "4139414000", "costOfRevenue": "2697966000", "costofGoodsAndServicesSold": "2697966000", "operatingIncome": "519961000", "sellingGeneralAndAdministrative": "780460000", "researchAndDevelopment": "780460000", "operatingExpenses": "921487000", "investmentIncomeNet": "None", "netInterestIncome": "None", "interestIncome": "None", "interestExpense": "37488000", "nonInterestIncome": "None", "otherNonOperatingIncome": "None", "depreciation": "None", "depreciationAndAmortization": "231582000", "incomeBeforeTax": "461075000", "incomeTaxExpense": "159700000", "interestAndDebtExpense": "None", "netIncomeFromContinuingOperations": "0", "comprehensiveIncomeNetOfTax": "None", "ebit": "288379000", "ebitda": "519961000", "netIncome": "303621000"}, {"fiscalDateEnding": "2007-12-31", "reportedCurrency": "USD", "grossProfit": "1470181000", "totalRevenue": "4158078000", "costOfRevenue": "2687897000", "costofGoodsAndServicesSold": "2687897000", "operatingIncome": "660136000", "sellingGeneralAndAdministrative": "768063000", "researchAndDevelopment": "203488000", "operatingExpenses": "810045000", "investmentIncomeNet": "None", "netInterestIncome": "None", "interestIncome": "None", "interestExpense": "26242000", "nonInterestIncome": "None", "otherNonOperatingIncome": "None", "depreciation": "None", "depreciationAndAmortization": "141948000", "incomeBeforeTax": "603450000", "incomeTaxExpense": "176500000", "interestAndDebtExpense": "None", "netIncomeFromContinuingOperations": "0", "comprehensiveIncomeNetOfTax": "None", "ebit": "660136000", "ebitda": "802084000", "netIncome": "470733000"}, {"fiscalDateEnding": "2007-09-30", "reportedCurrency": "USD", "grossProfit": "1451059000", "totalRevenue": "4093803000", "costOfRevenue": "2642744000", "costofGoodsAndServicesSold": "2642744000", "operatingIncome": "696295000", "sellingGeneralAndAdministrative": "715662000", "researchAndDevelopment": "0", "operatingExpenses": "754764000", "investmentIncomeNet": "None", "netInterestIncome": "None", "interestIncome": "None", "interestExpense": "25824000", "nonInterestIncome": "None", "otherNonOperatingIncome": "None", "depreciation": "None", "depreciationAndAmortization": "128040000", "incomeBeforeTax": "689488000", "incomeTaxExpense": "198400000", "interestAndDebtExpense": "None", "netIncomeFromContinuingOperations": "0", "comprehensiveIncomeNetOfTax": "None", "ebit": "649557000", "ebitda": "777597000", "netIncome": "491088000"}, {"fiscalDateEnding": "2007-06-30", "reportedCurrency": "USD", "grossProfit": "1484174000", "totalRevenue": "4159689000", "costOfRevenue": "2675515000", "costofGoodsAndServicesSold": "2675515000", "operatingIncome": "698677000", "sellingGeneralAndAdministrative": "745718000", "researchAndDevelopment": "0", "operatingExpenses": "785497000", "investmentIncomeNet": "None", "netInterestIncome": "None", "interestIncome": "None", "interestExpense": "25606000", "nonInterestIncome": "None", "otherNonOperatingIncome": "None", "depreciation": "None", "depreciationAndAmortization": "129579000", "incomeBeforeTax": "717206000", "incomeTaxExpense": "211600000", "interestAndDebtExpense": "None", "netIncomeFromContinuingOperations": "0", "comprehensiveIncomeNetOfTax": "None", "ebit": "569098000", "ebitda": "698677000", "netIncome": "530776000"}, {"fiscalDateEnding": "2007-03-31", "reportedCurrency": "USD", "grossProfit": "1310012000", "totalRevenue": "3759041000", "costOfRevenue": "2449029000", "costofGoodsAndServicesSold": "2449029000", "operatingIncome": "568648000", "sellingGeneralAndAdministrative": "701185000", "researchAndDevelopment": "701185000", "operatingExpenses": "741364000", "investmentIncomeNet": "None", "netInterestIncome": "None", "interestIncome": "None", "interestExpense": "24402000", "nonInterestIncome": "None", "otherNonOperatingIncome": "None", "depreciation": "None", "depreciationAndAmortization": "125177000", "incomeBeforeTax": "570835000", "incomeTaxExpense": "168400000", "interestAndDebtExpense": "None", "netIncomeFromContinuingOperations": "0", "comprehensiveIncomeNetOfTax": "None", "ebit": "568477000", "ebitda": "693654000", "netIncome": "402435000"}, {"fiscalDateEnding": "2006-12-31", "reportedCurrency": "USD", "grossProfit": "1267895000", "totalRevenue": "3640529000", "costOfRevenue": "2372634000", "costofGoodsAndServicesSold": "2372634000", "operatingIncome": "594338000", "sellingGeneralAndAdministrative": "634887000", "researchAndDevelopment": "144914000", "operatingExpenses": "690352000", "investmentIncomeNet": "None", "netInterestIncome": "None", "interestIncome": "None", "interestExpense": "26897000", "nonInterestIncome": "None", "otherNonOperatingIncome": "None", "depreciation": "None", "depreciationAndAmortization": "125994000", "incomeBeforeTax": "605670000", "incomeTaxExpense": "166400000", "interestAndDebtExpense": "None", "netIncomeFromContinuingOperations": "0", "comprehensiveIncomeNetOfTax": "None", "ebit": "577543000", "ebitda": "703537000", "netIncome": "439270000"}, {"fiscalDateEnding": "2006-09-30", "reportedCurrency": "USD", "grossProfit": "1245822000", "totalRevenue": "3538014000", "costOfRevenue": "2292192000", "costofGoodsAndServicesSold": "2292192000", "operatingIncome": "626866000", "sellingGeneralAndAdministrative": "593719000", "researchAndDevelopment": "0", "operatingExpenses": "618956000", "investmentIncomeNet": "None", "netInterestIncome": "None", "interestIncome": "None", "interestExpense": "20804000", "nonInterestIncome": "None", "otherNonOperatingIncome": "None", "depreciation": "None", "depreciationAndAmortization": "106416000", "incomeBeforeTax": "641892000", "incomeTaxExpense": "195800000", "interestAndDebtExpense": "None", "netIncomeFromContinuingOperations": "0", "comprehensiveIncomeNetOfTax": "None", "ebit": "520450000", "ebitda": "626866000", "netIncome": "446092000"}, {"fiscalDateEnding": "2006-06-30", "reportedCurrency": "USD", "grossProfit": "1286649000", "totalRevenue": "3579470000", "costOfRevenue": "2292821000", "costofGoodsAndServicesSold": "2292821000", "operatingIncome": "659764000", "sellingGeneralAndAdministrative": "602221000", "researchAndDevelopment": "0", "operatingExpenses": "626885000", "investmentIncomeNet": "None", "netInterestIncome": "None", "interestIncome": "None", "interestExpense": "19009000", "nonInterestIncome": "None", "otherNonOperatingIncome": "None", "depreciation": "None", "depreciationAndAmortization": "101752000", "incomeBeforeTax": "666454000", "incomeTaxExpense": "200600000", "interestAndDebtExpense": "None", "netIncomeFromContinuingOperations": "0", "comprehensiveIncomeNetOfTax": "None", "ebit": "558012000", "ebitda": "659764000", "netIncome": "465854000"}, {"fiscalDateEnding": "2006-03-31", "reportedCurrency": "USD", "grossProfit": "1177362000", "totalRevenue": "3297036000", "costOfRevenue": "2119674000", "costofGoodsAndServicesSold": "2119674000", "operatingIncome": "539968000", "sellingGeneralAndAdministrative": "601421000", "researchAndDevelopment": "601421000", "operatingExpenses": "637394000", "investmentIncomeNet": "None", "netInterestIncome": "None", "interestIncome": "None", "interestExpense": "18897000", "nonInterestIncome": "None", "otherNonOperatingIncome": "None", "depreciation": "None", "depreciationAndAmortization": "109744000", "incomeBeforeTax": "531230000", "incomeTaxExpense": "164700000", "interestAndDebtExpense": "None", "netIncomeFromContinuingOperations": "0", "comprehensiveIncomeNetOfTax": "None", "ebit": "430224000", "ebitda": "539968000", "netIncome": "366530000"}, {"fiscalDateEnding": "2005-12-31", "reportedCurrency": "USD", "grossProfit": "1190587000", "totalRevenue": "3294257000", "costOfRevenue": "2103670000", "costofGoodsAndServicesSold": "2103670000", "operatingIncome": "595241000", "sellingGeneralAndAdministrative": "568477000", "researchAndDevelopment": "127871000", "operatingExpenses": "595346000", "investmentIncomeNet": "None", "netInterestIncome": "None", "interestIncome": "None", "interestExpense": "25073000", "nonInterestIncome": "None", "otherNonOperatingIncome": "None", "depreciation": "None", "depreciationAndAmortization": "100660000", "incomeBeforeTax": "572379000", "incomeTaxExpense": "171800000", "interestAndDebtExpense": "None", "netIncomeFromContinuingOperations": "0", "comprehensiveIncomeNetOfTax": "None", "ebit": "595241000", "ebitda": "695901000", "netIncome": "400579000"}, {"fiscalDateEnding": "2005-09-30", "reportedCurrency": "USD", "grossProfit": "1176328000", "totalRevenue": "3257600000", "costOfRevenue": "2081272000", "costofGoodsAndServicesSold": "2081272000", "operatingIncome": "619220000", "sellingGeneralAndAdministrative": "541338000", "researchAndDevelopment": "0", "operatingExpenses": "557108000", "investmentIncomeNet": "None", "netInterestIncome": "None", "interestIncome": "None", "interestExpense": "18243000", "nonInterestIncome": "None", "otherNonOperatingIncome": "None", "depreciation": "None", "depreciationAndAmortization": "93982000", "incomeBeforeTax": "600202000", "incomeTaxExpense": "192000000", "interestAndDebtExpense": "None", "netIncomeFromContinuingOperations": "0", "comprehensiveIncomeNetOfTax": "None", "ebit": "565216000", "ebitda": "659198000", "netIncome": "408202000"}, {"fiscalDateEnding": "2005-06-30", "reportedCurrency": "USD", "grossProfit": "1139042000", "totalRevenue": "3295644000", "costOfRevenue": "2156602000", "costofGoodsAndServicesSold": "2156602000", "operatingIncome": "566854000", "sellingGeneralAndAdministrative": "556975000", "researchAndDevelopment": "0", "operatingExpenses": "572188000", "investmentIncomeNet": "None", "netInterestIncome": "None", "interestIncome": "None", "interestExpense": "27352000", "nonInterestIncome": "None", "otherNonOperatingIncome": "None", "depreciation": "None", "depreciationAndAmortization": "89806000", "incomeBeforeTax": "546382000", "incomeTaxExpense": "172600000", "interestAndDebtExpense": "None", "netIncomeFromContinuingOperations": "0", "comprehensiveIncomeNetOfTax": "None", "ebit": "5599906000", "ebitda": "5689712000", "netIncome": "373782000"}, {"fiscalDateEnding": "2005-03-31", "reportedCurrency": "USD", "grossProfit": "1051954000", "totalRevenue": "3074291000", "costOfRevenue": "2022337000", "costofGoodsAndServicesSold": "2022337000", "operatingIncome": "477889000", "sellingGeneralAndAdministrative": "548075000", "researchAndDevelopment": "548075000", "operatingExpenses": "574065000", "investmentIncomeNet": "None", "netInterestIncome": "None", "interestIncome": "None", "interestExpense": "18727000", "nonInterestIncome": "None", "otherNonOperatingIncome": "None", "depreciation": "None", "depreciationAndAmortization": "98626000", "incomeBeforeTax": "462606000", "incomeTaxExpense": "150300000", "interestAndDebtExpense": "None", "netIncomeFromContinuingOperations": "0", "comprehensiveIncomeNetOfTax": "None", "ebit": "379263000", "ebitda": "477889000", "netIncome": "312306000"}, {"fiscalDateEnding": "2004-12-31", "reportedCurrency": "USD", "grossProfit": "1075368000", "totalRevenue": "3051637000", "costOfRevenue": "1976269000", "costofGoodsAndServicesSold": "1976269000", "operatingIncome": "535197000", "sellingGeneralAndAdministrative": "528742000", "researchAndDevelopment": "123486000", "operatingExpenses": "540171000", "investmentIncomeNet": "None", "netInterestIncome": "None", "interestIncome": "None", "interestExpense": "15849000", "nonInterestIncome": "None", "otherNonOperatingIncome": "None", "depreciation": "None", "depreciationAndAmortization": "97442000", "incomeBeforeTax": "513879000", "incomeTaxExpense": "154700000", "interestAndDebtExpense": "None", "netIncomeFromContinuingOperations": "0", "comprehensiveIncomeNetOfTax": "None", "ebit": "535197000", "ebitda": "632639000", "netIncome": "358097000"}]}