{"symbol": "PFG", "annualReports": [{"fiscalDateEnding": "2024-12-31", "reportedCurrency": "USD", "grossProfit": "16127700000", "totalRevenue": "16127700000", "costOfRevenue": "None", "costofGoodsAndServicesSold": "None", "operatingIncome": "1889600000", "sellingGeneralAndAdministrative": "None", "researchAndDevelopment": "None", "operatingExpenses": "14238100000", "investmentIncomeNet": "None", "netInterestIncome": "None", "interestIncome": "None", "interestExpense": "None", "nonInterestIncome": "None", "otherNonOperatingIncome": "None", "depreciation": "None", "depreciationAndAmortization": "256200000", "incomeBeforeTax": "1889600000", "incomeTaxExpense": "291700000", "interestAndDebtExpense": "None", "netIncomeFromContinuingOperations": "1597900000", "comprehensiveIncomeNetOfTax": "None", "ebit": "None", "ebitda": "None", "netIncome": "1571000000"}, {"fiscalDateEnding": "2023-12-31", "reportedCurrency": "USD", "grossProfit": "13665800000", "totalRevenue": "13665800000", "costOfRevenue": "None", "costofGoodsAndServicesSold": "None", "operatingIncome": "8593700000", "sellingGeneralAndAdministrative": "None", "researchAndDevelopment": "None", "operatingExpenses": "5072100000", "investmentIncomeNet": "None", "netInterestIncome": "None", "interestIncome": "None", "interestExpense": "1900000", "nonInterestIncome": "None", "otherNonOperatingIncome": "None", "depreciation": "None", "depreciationAndAmortization": "272700000", "incomeBeforeTax": "738800000", "incomeTaxExpense": "68700000", "interestAndDebtExpense": "None", "netIncomeFromContinuingOperations": "670100000", "comprehensiveIncomeNetOfTax": "None", "ebit": "740700000", "ebitda": "1013400000", "netIncome": "623200000"}, {"fiscalDateEnding": "2022-12-31", "reportedCurrency": "USD", "grossProfit": "17491600000", "totalRevenue": "17491600000", "costOfRevenue": "None", "costofGoodsAndServicesSold": "None", "operatingIncome": "6019500000", "sellingGeneralAndAdministrative": "None", "researchAndDevelopment": "None", "operatingExpenses": "4965900000", "investmentIncomeNet": "None", "netInterestIncome": "None", "interestIncome": "None", "interestExpense": "1200000", "nonInterestIncome": "None", "otherNonOperatingIncome": "None", "depreciation": "None", "depreciationAndAmortization": "331400000", "incomeBeforeTax": "6060100000", "incomeTaxExpense": "1207900000", "interestAndDebtExpense": "None", "netIncomeFromContinuingOperations": "4852200000", "comprehensiveIncomeNetOfTax": "None", "ebit": "5952700000", "ebitda": "6284100000", "netIncome": "4756900000"}, {"fiscalDateEnding": "2021-12-31", "reportedCurrency": "USD", "grossProfit": "14262700000", "totalRevenue": "14262700000", "costOfRevenue": "None", "costofGoodsAndServicesSold": "None", "operatingIncome": "2036800000", "sellingGeneralAndAdministrative": "4825100000", "researchAndDevelopment": "None", "operatingExpenses": "-12225900000", "investmentIncomeNet": "None", "netInterestIncome": "None", "interestIncome": "None", "interestExpense": "1000000", "nonInterestIncome": "None", "otherNonOperatingIncome": "None", "depreciation": "None", "depreciationAndAmortization": "307700000", "incomeBeforeTax": "2083600000", "incomeTaxExpense": "326200000", "interestAndDebtExpense": "None", "netIncomeFromContinuingOperations": "1757400000", "comprehensiveIncomeNetOfTax": "None", "ebit": "2004400000", "ebitda": "2312100000", "netIncome": "1580200000"}, {"fiscalDateEnding": "2020-12-31", "reportedCurrency": "USD", "grossProfit": "14741700000", "totalRevenue": "14741700000", "costOfRevenue": "-8281500000", "costofGoodsAndServicesSold": "-8281500000", "operatingIncome": "1660800000", "sellingGeneralAndAdministrative": "4646500000", "researchAndDevelopment": "None", "operatingExpenses": "-13080900000", "investmentIncomeNet": "None", "netInterestIncome": "None", "interestIncome": "None", "interestExpense": "1000000", "nonInterestIncome": "None", "otherNonOperatingIncome": "302600000", "depreciation": "None", "depreciationAndAmortization": "276700000", "incomeBeforeTax": "1693500000", "incomeTaxExpense": "265000000", "interestAndDebtExpense": "None", "netIncomeFromContinuingOperations": "1428500000", "comprehensiveIncomeNetOfTax": "None", "ebit": "1636000000", "ebitda": "1912700000", "netIncome": "1395800000"}, {"fiscalDateEnding": "2019-12-31", "reportedCurrency": "USD", "grossProfit": "16222100000", "totalRevenue": "16222100000", "costOfRevenue": "-9905800000", "costofGoodsAndServicesSold": "-9905800000", "operatingIncome": "1643400000", "sellingGeneralAndAdministrative": "4503900000", "researchAndDevelopment": "None", "operatingExpenses": "-14578700000", "investmentIncomeNet": "None", "netInterestIncome": "None", "interestIncome": "1000000", "interestExpense": "1000000", "nonInterestIncome": "None", "otherNonOperatingIncome": "-52800000", "depreciation": "None", "depreciationAndAmortization": "191200000", "incomeBeforeTax": "1693300000", "incomeTaxExpense": "249200000", "interestAndDebtExpense": "None", "netIncomeFromContinuingOperations": "32616700000", "comprehensiveIncomeNetOfTax": "None", "ebit": "1870028140", "ebitda": "1870200000", "netIncome": "1394200000"}, {"fiscalDateEnding": "2018-12-31", "reportedCurrency": "USD", "grossProfit": "14237200000", "totalRevenue": "14237200000", "costOfRevenue": "-8192500000", "costofGoodsAndServicesSold": "-8192500000", "operatingIncome": "1777200000", "sellingGeneralAndAdministrative": "4136700000", "researchAndDevelopment": "0", "operatingExpenses": "-12460000000", "investmentIncomeNet": "None", "netInterestIncome": "None", "interestIncome": "None", "interestExpense": "0", "nonInterestIncome": "None", "otherNonOperatingIncome": "-75400000", "depreciation": "None", "depreciationAndAmortization": "174800000", "incomeBeforeTax": "1784400000", "incomeTaxExpense": "230700000", "interestAndDebtExpense": "None", "netIncomeFromContinuingOperations": "27333800000", "comprehensiveIncomeNetOfTax": "None", "ebit": "1982138859", "ebitda": "1982300000", "netIncome": "1546500000"}, {"fiscalDateEnding": "2017-12-31", "reportedCurrency": "USD", "grossProfit": "14093200000", "totalRevenue": "14093200000", "costOfRevenue": "-7822600000", "costofGoodsAndServicesSold": "-7822600000", "operatingIncome": "2238100000", "sellingGeneralAndAdministrative": "3893800000", "researchAndDevelopment": "0", "operatingExpenses": "3893800000", "investmentIncomeNet": "None", "netInterestIncome": "None", "interestIncome": "None", "interestExpense": "0", "nonInterestIncome": "None", "otherNonOperatingIncome": "524200000", "depreciation": "None", "depreciationAndAmortization": "139800000", "incomeBeforeTax": "2252200000", "incomeTaxExpense": "-72300000", "interestAndDebtExpense": "None", "netIncomeFromContinuingOperations": "26457500000", "comprehensiveIncomeNetOfTax": "None", "ebit": "2308400000", "ebitda": "2448200000", "netIncome": "2310400000"}, {"fiscalDateEnding": "2016-12-31", "reportedCurrency": "USD", "grossProfit": "12394100000", "totalRevenue": "12394100000", "costOfRevenue": "-6913200000", "costofGoodsAndServicesSold": "-6913200000", "operatingIncome": "1546400000", "sellingGeneralAndAdministrative": "3732600000", "researchAndDevelopment": "0", "operatingExpenses": "3732600000", "investmentIncomeNet": "None", "netInterestIncome": "None", "interestIncome": "None", "interestExpense": "0", "nonInterestIncome": "None", "otherNonOperatingIncome": "171100000", "depreciation": "None", "depreciationAndAmortization": "133500000", "incomeBeforeTax": "1591700000", "incomeTaxExpense": "229900000", "interestAndDebtExpense": "None", "netIncomeFromContinuingOperations": "23572300000", "comprehensiveIncomeNetOfTax": "None", "ebit": "1732977184", "ebitda": "1733000000", "netIncome": "1316500000"}, {"fiscalDateEnding": "2015-12-31", "reportedCurrency": "USD", "grossProfit": "11964400000", "totalRevenue": "11964400000", "costOfRevenue": "-6697700000", "costofGoodsAndServicesSold": "-6697700000", "operatingIncome": "1411600000", "sellingGeneralAndAdministrative": "3672400000", "researchAndDevelopment": "0", "operatingExpenses": "3672400000", "investmentIncomeNet": "None", "netInterestIncome": "None", "interestIncome": "None", "interestExpense": "0", "nonInterestIncome": "None", "otherNonOperatingIncome": "-51100000", "depreciation": "None", "depreciationAndAmortization": "193000000", "incomeBeforeTax": "1430800000", "incomeTaxExpense": "177600000", "interestAndDebtExpense": "None", "netIncomeFromContinuingOperations": "22831600000", "comprehensiveIncomeNetOfTax": "None", "ebit": "1411600000", "ebitda": "1604600000", "netIncome": "1234000000"}, {"fiscalDateEnding": "2014-12-31", "reportedCurrency": "USD", "grossProfit": "10477600000", "totalRevenue": "10554800000", "costOfRevenue": "77200000", "costofGoodsAndServicesSold": "77200000", "operatingIncome": "1643500000", "sellingGeneralAndAdministrative": "3574300000", "researchAndDevelopment": "0", "operatingExpenses": "3574300000", "investmentIncomeNet": "None", "netInterestIncome": "None", "interestIncome": "None", "interestExpense": "134100000", "nonInterestIncome": "None", "otherNonOperatingIncome": "14700000", "depreciation": "None", "depreciationAndAmortization": "122700000", "incomeBeforeTax": "1701100000", "incomeTaxExpense": "317800000", "interestAndDebtExpense": "None", "netIncomeFromContinuingOperations": "18447200000", "comprehensiveIncomeNetOfTax": "None", "ebit": "1544700000", "ebitda": "1667400000", "netIncome": "1350900000"}, {"fiscalDateEnding": "2013-12-31", "reportedCurrency": "USD", "grossProfit": "9289500000", "totalRevenue": "9606800000", "costOfRevenue": "317300000", "costofGoodsAndServicesSold": "317300000", "operatingIncome": "1288800000", "sellingGeneralAndAdministrative": "3292900000", "researchAndDevelopment": "0", "operatingExpenses": "-8000700000", "investmentIncomeNet": "None", "netInterestIncome": "None", "interestIncome": "None", "interestExpense": "142400000", "nonInterestIncome": "None", "otherNonOperatingIncome": "None", "depreciation": "None", "depreciationAndAmortization": "108100000", "incomeBeforeTax": "1406000000", "incomeTaxExpense": "289900000", "interestAndDebtExpense": "None", "netIncomeFromContinuingOperations": "936100000", "comprehensiveIncomeNetOfTax": "None", "ebit": "1288800000", "ebitda": "1396900000", "netIncome": "1092900000"}, {"fiscalDateEnding": "2012-12-31", "reportedCurrency": "USD", "grossProfit": "9175400000", "totalRevenue": "9175400000", "costOfRevenue": "-39700000", "costofGoodsAndServicesSold": "-39700000", "operatingIncome": "1124400000", "sellingGeneralAndAdministrative": "2934100000", "researchAndDevelopment": "0", "operatingExpenses": "2934100000", "investmentIncomeNet": "None", "netInterestIncome": "None", "interestIncome": "None", "interestExpense": "132700000", "nonInterestIncome": "None", "otherNonOperatingIncome": "None", "depreciation": "None", "depreciationAndAmortization": "90200000", "incomeBeforeTax": "1037500000", "incomeTaxExpense": "186000000", "interestAndDebtExpense": "None", "netIncomeFromContinuingOperations": "824700000", "comprehensiveIncomeNetOfTax": "None", "ebit": "1007200000", "ebitda": "1097400000", "netIncome": "841000000"}, {"fiscalDateEnding": "2011-12-31", "reportedCurrency": "USD", "grossProfit": "8709600000", "totalRevenue": "8709600000", "costOfRevenue": "7612700000", "costofGoodsAndServicesSold": "7612700000", "operatingIncome": "951400000", "sellingGeneralAndAdministrative": "3057700000", "researchAndDevelopment": "0", "operatingExpenses": "3057700000", "investmentIncomeNet": "None", "netInterestIncome": "None", "interestIncome": "None", "interestExpense": "0", "nonInterestIncome": "None", "otherNonOperatingIncome": "None", "depreciation": "None", "depreciationAndAmortization": "115800000", "incomeBeforeTax": "987600000", "incomeTaxExpense": "236400000", "interestAndDebtExpense": "None", "netIncomeFromContinuingOperations": "None", "comprehensiveIncomeNetOfTax": "None", "ebit": "904000000", "ebitda": "1019800000", "netIncome": "715000000"}, {"fiscalDateEnding": "2010-12-31", "reportedCurrency": "USD", "grossProfit": "9158600000", "totalRevenue": "8041900000", "costOfRevenue": "-1116700000", "costofGoodsAndServicesSold": "-1116700000", "operatingIncome": "836900000", "sellingGeneralAndAdministrative": "1919200000", "researchAndDevelopment": "0", "operatingExpenses": "2759000000", "investmentIncomeNet": "None", "netInterestIncome": "None", "interestIncome": "None", "interestExpense": "120100000", "nonInterestIncome": "None", "otherNonOperatingIncome": "None", "depreciation": "None", "depreciationAndAmortization": "271300000", "incomeBeforeTax": "1118000000", "incomeTaxExpense": "233900000", "interestAndDebtExpense": "None", "netIncomeFromContinuingOperations": "None", "comprehensiveIncomeNetOfTax": "None", "ebit": "743600000", "ebitda": "1014900000", "netIncome": "877800000"}, {"fiscalDateEnding": "2009-12-31", "reportedCurrency": "USD", "grossProfit": "8849100000", "totalRevenue": "8849100000", "costOfRevenue": "7964800000", "costofGoodsAndServicesSold": "7964800000", "operatingIncome": "722800000", "sellingGeneralAndAdministrative": "0", "researchAndDevelopment": "0", "operatingExpenses": "2526600000", "investmentIncomeNet": "None", "netInterestIncome": "None", "interestIncome": "None", "interestExpense": "0", "nonInterestIncome": "None", "otherNonOperatingIncome": "None", "depreciation": "None", "depreciationAndAmortization": "138500000", "incomeBeforeTax": "745800000", "incomeTaxExpense": "100100000", "interestAndDebtExpense": "None", "netIncomeFromContinuingOperations": "None", "comprehensiveIncomeNetOfTax": "None", "ebit": "745800000", "ebitda": "884300000", "netIncome": "622700000"}, {"fiscalDateEnding": "2008-12-31", "reportedCurrency": "USD", "grossProfit": "9935900000", "totalRevenue": "9935900000", "costOfRevenue": "9335800000", "costofGoodsAndServicesSold": "9335800000", "operatingIncome": "453600000", "sellingGeneralAndAdministrative": "2995100000", "researchAndDevelopment": "None", "operatingExpenses": "2995100000", "investmentIncomeNet": "None", "netInterestIncome": "None", "interestIncome": "None", "interestExpense": "0", "nonInterestIncome": "None", "otherNonOperatingIncome": "None", "depreciation": "None", "depreciationAndAmortization": "145000000", "incomeBeforeTax": "453600000", "incomeTaxExpense": "-4500000", "interestAndDebtExpense": "None", "netIncomeFromContinuingOperations": "None", "comprehensiveIncomeNetOfTax": "None", "ebit": "453600000", "ebitda": "598600000", "netIncome": "458100000"}, {"fiscalDateEnding": "2007-12-31", "reportedCurrency": "USD", "grossProfit": "10906500000", "totalRevenue": "10906500000", "costOfRevenue": "9728100000", "costofGoodsAndServicesSold": "9728100000", "operatingIncome": "1068400000", "sellingGeneralAndAdministrative": "None", "researchAndDevelopment": "None", "operatingExpenses": "3129200000", "investmentIncomeNet": "None", "netInterestIncome": "None", "interestIncome": "None", "interestExpense": "0", "nonInterestIncome": "None", "otherNonOperatingIncome": "None", "depreciation": "None", "depreciationAndAmortization": "487500000", "incomeBeforeTax": "1048200000", "incomeTaxExpense": "208100000", "interestAndDebtExpense": "None", "netIncomeFromContinuingOperations": "None", "comprehensiveIncomeNetOfTax": "None", "ebit": "1048200000", "ebitda": "1535700000", "netIncome": "860300000"}, {"fiscalDateEnding": "2006-12-31", "reportedCurrency": "USD", "grossProfit": "9870500000", "totalRevenue": "9870500000", "costOfRevenue": "8436500000", "costofGoodsAndServicesSold": "8436500000", "operatingIncome": "1359300000", "sellingGeneralAndAdministrative": "None", "researchAndDevelopment": "None", "operatingExpenses": "2558700000", "investmentIncomeNet": "None", "netInterestIncome": "None", "interestIncome": "None", "interestExpense": "0", "nonInterestIncome": "None", "otherNonOperatingIncome": "None", "depreciation": "None", "depreciationAndAmortization": "344500000", "incomeBeforeTax": "1328700000", "incomeTaxExpense": "295000000", "interestAndDebtExpense": "None", "netIncomeFromContinuingOperations": "None", "comprehensiveIncomeNetOfTax": "None", "ebit": "1085500000", "ebitda": "1430000000", "netIncome": "1064300000"}, {"fiscalDateEnding": "2005-12-31", "reportedCurrency": "USD", "grossProfit": "9007700000", "totalRevenue": "9007700000", "costOfRevenue": "7781800000", "costofGoodsAndServicesSold": "7781800000", "operatingIncome": "1151400000", "sellingGeneralAndAdministrative": "None", "researchAndDevelopment": "None", "operatingExpenses": "2307500000", "investmentIncomeNet": "None", "netInterestIncome": "None", "interestIncome": "None", "interestExpense": "0", "nonInterestIncome": "None", "otherNonOperatingIncome": "None", "depreciation": "None", "depreciationAndAmortization": "101600000", "incomeBeforeTax": "1124300000", "incomeTaxExpense": "232400000", "interestAndDebtExpense": "None", "netIncomeFromContinuingOperations": "None", "comprehensiveIncomeNetOfTax": "None", "ebit": "1124300000", "ebitda": "1225900000", "netIncome": "919000000"}], "quarterlyReports": [{"fiscalDateEnding": "2024-12-31", "reportedCurrency": "USD", "grossProfit": "4752000000", "totalRevenue": "4752000000", "costOfRevenue": "None", "costofGoodsAndServicesSold": "None", "operatingIncome": "1112400000", "sellingGeneralAndAdministrative": "None", "researchAndDevelopment": "None", "operatingExpenses": "3639600000", "investmentIncomeNet": "None", "netInterestIncome": "None", "interestIncome": "None", "interestExpense": "None", "nonInterestIncome": "None", "otherNonOperatingIncome": "None", "depreciation": "None", "depreciationAndAmortization": "None", "incomeBeforeTax": "1112400000", "incomeTaxExpense": "209900000", "interestAndDebtExpense": "None", "netIncomeFromContinuingOperations": "902500000", "comprehensiveIncomeNetOfTax": "None", "ebit": "None", "ebitda": "None", "netIncome": "905400000"}, {"fiscalDateEnding": "2024-09-30", "reportedCurrency": "USD", "grossProfit": "3011600000", "totalRevenue": "3011600000", "costOfRevenue": "None", "costofGoodsAndServicesSold": "None", "operatingIncome": "1675700000", "sellingGeneralAndAdministrative": "None", "researchAndDevelopment": "None", "operatingExpenses": "3011600000", "investmentIncomeNet": "None", "netInterestIncome": "None", "interestIncome": "None", "interestExpense": "None", "nonInterestIncome": "None", "otherNonOperatingIncome": "None", "depreciation": "None", "depreciationAndAmortization": "-1969500000", "incomeBeforeTax": "-293800000", "incomeTaxExpense": "-100400000", "interestAndDebtExpense": "None", "netIncomeFromContinuingOperations": "-193400000", "comprehensiveIncomeNetOfTax": "None", "ebit": "1675700000", "ebitda": "-284000000", "netIncome": "-220000000"}, {"fiscalDateEnding": "2024-06-30", "reportedCurrency": "USD", "grossProfit": "4310800000", "totalRevenue": "4310800000", "costOfRevenue": "None", "costofGoodsAndServicesSold": "None", "operatingIncome": "443500000", "sellingGeneralAndAdministrative": "None", "researchAndDevelopment": "None", "operatingExpenses": "1765100000", "investmentIncomeNet": "None", "netInterestIncome": "None", "interestIncome": "None", "interestExpense": "None", "nonInterestIncome": "None", "otherNonOperatingIncome": "None", "depreciation": "None", "depreciationAndAmortization": "10400000", "incomeBeforeTax": "443900000", "incomeTaxExpense": "87100000", "interestAndDebtExpense": "None", "netIncomeFromContinuingOperations": "356800000", "comprehensiveIncomeNetOfTax": "None", "ebit": "-13700000", "ebitda": "-3300000", "netIncome": "353100000"}, {"fiscalDateEnding": "2024-03-31", "reportedCurrency": "USD", "grossProfit": "4053300000", "totalRevenue": "4053300000", "costOfRevenue": "None", "costofGoodsAndServicesSold": "None", "operatingIncome": "612600000", "sellingGeneralAndAdministrative": "None", "researchAndDevelopment": "None", "operatingExpenses": "1327200000", "investmentIncomeNet": "None", "netInterestIncome": "None", "interestIncome": "None", "interestExpense": "None", "nonInterestIncome": "None", "otherNonOperatingIncome": "None", "depreciation": "None", "depreciationAndAmortization": "9500000", "incomeBeforeTax": "627100000", "incomeTaxExpense": "95100000", "interestAndDebtExpense": "None", "netIncomeFromContinuingOperations": "532000000", "comprehensiveIncomeNetOfTax": "None", "ebit": "627100000", "ebitda": "636600000", "netIncome": "532500000"}, {"fiscalDateEnding": "2023-12-31", "reportedCurrency": "USD", "grossProfit": "2690800000", "totalRevenue": "2690800000", "costOfRevenue": "None", "costofGoodsAndServicesSold": "None", "operatingIncome": "-1086700000", "sellingGeneralAndAdministrative": "None", "researchAndDevelopment": "None", "operatingExpenses": "3798000000", "investmentIncomeNet": "None", "netInterestIncome": "None", "interestIncome": "None", "interestExpense": "5600000", "nonInterestIncome": "None", "otherNonOperatingIncome": "None", "depreciation": "None", "depreciationAndAmortization": "11000000", "incomeBeforeTax": "-1107200000", "incomeTaxExpense": "-268000000", "interestAndDebtExpense": "None", "netIncomeFromContinuingOperations": "-839200000", "comprehensiveIncomeNetOfTax": "None", "ebit": "-1107200000", "ebitda": "-1096200000", "netIncome": "-871700000"}, {"fiscalDateEnding": "2023-09-30", "reportedCurrency": "USD", "grossProfit": "4598700000", "totalRevenue": "4598700000", "costOfRevenue": "None", "costofGoodsAndServicesSold": "None", "operatingIncome": "1604900000", "sellingGeneralAndAdministrative": "None", "researchAndDevelopment": "None", "operatingExpenses": "1286100000", "investmentIncomeNet": "None", "netInterestIncome": "None", "interestIncome": "None", "interestExpense": "None", "nonInterestIncome": "None", "otherNonOperatingIncome": "None", "depreciation": "None", "depreciationAndAmortization": "10000000", "incomeBeforeTax": "1604900000", "incomeTaxExpense": "358700000", "interestAndDebtExpense": "None", "netIncomeFromContinuingOperations": "1250100000", "comprehensiveIncomeNetOfTax": "None", "ebit": "1594900000", "ebitda": "1604900000", "netIncome": "1246200000"}, {"fiscalDateEnding": "2023-06-30", "reportedCurrency": "USD", "grossProfit": "3557300000", "totalRevenue": "3557300000", "costOfRevenue": "None", "costofGoodsAndServicesSold": "None", "operatingIncome": "453600000", "sellingGeneralAndAdministrative": "None", "researchAndDevelopment": "None", "operatingExpenses": "1252700000", "investmentIncomeNet": "None", "netInterestIncome": "None", "interestIncome": "None", "interestExpense": "None", "nonInterestIncome": "None", "otherNonOperatingIncome": "None", "depreciation": "None", "depreciationAndAmortization": "9000000", "incomeBeforeTax": "453600000", "incomeTaxExpense": "64800000", "interestAndDebtExpense": "None", "netIncomeFromContinuingOperations": "393700000", "comprehensiveIncomeNetOfTax": "None", "ebit": "444600000", "ebitda": "453600000", "netIncome": "388800000"}, {"fiscalDateEnding": "2023-03-31", "reportedCurrency": "USD", "grossProfit": "2819000000", "totalRevenue": "2819000000", "costOfRevenue": "None", "costofGoodsAndServicesSold": "None", "operatingIncome": "-206900000", "sellingGeneralAndAdministrative": "None", "researchAndDevelopment": "None", "operatingExpenses": "1242900000", "investmentIncomeNet": "None", "netInterestIncome": "None", "interestIncome": "None", "interestExpense": "5600000", "nonInterestIncome": "None", "otherNonOperatingIncome": "None", "depreciation": "None", "depreciationAndAmortization": "8300000", "incomeBeforeTax": "-212500000", "incomeTaxExpense": "-78000000", "interestAndDebtExpense": "None", "netIncomeFromContinuingOperations": "-134500000", "comprehensiveIncomeNetOfTax": "None", "ebit": "-220800000", "ebitda": "-212500000", "netIncome": "-134500000"}, {"fiscalDateEnding": "2022-12-31", "reportedCurrency": "USD", "grossProfit": "3122000000", "totalRevenue": "3122000000", "costOfRevenue": "None", "costofGoodsAndServicesSold": "None", "operatingIncome": "-20100000", "sellingGeneralAndAdministrative": "None", "researchAndDevelopment": "None", "operatingExpenses": "3854400000", "investmentIncomeNet": "None", "netInterestIncome": "None", "interestIncome": "None", "interestExpense": "25000000", "nonInterestIncome": "None", "otherNonOperatingIncome": "None", "depreciation": "None", "depreciationAndAmortization": "9000000", "incomeBeforeTax": "4900000", "incomeTaxExpense": "-10600000", "interestAndDebtExpense": "None", "netIncomeFromContinuingOperations": "15500000", "comprehensiveIncomeNetOfTax": "None", "ebit": "266800000", "ebitda": "275800000", "netIncome": "15500000"}, {"fiscalDateEnding": "2022-09-30", "reportedCurrency": "USD", "grossProfit": "4600900000", "totalRevenue": "4600900000", "costOfRevenue": "None", "costofGoodsAndServicesSold": "None", "operatingIncome": "1738300000", "sellingGeneralAndAdministrative": "None", "researchAndDevelopment": "None", "operatingExpenses": "1111500000", "investmentIncomeNet": "None", "netInterestIncome": "None", "interestIncome": "None", "interestExpense": "None", "nonInterestIncome": "None", "otherNonOperatingIncome": "None", "depreciation": "None", "depreciationAndAmortization": "8400000", "incomeBeforeTax": "1730100000", "incomeTaxExpense": "348700000", "interestAndDebtExpense": "None", "netIncomeFromContinuingOperations": "1381400000", "comprehensiveIncomeNetOfTax": "None", "ebit": "1725800000", "ebitda": "1734200000", "netIncome": "1385500000"}, {"fiscalDateEnding": "2022-06-30", "reportedCurrency": "USD", "grossProfit": "6658700000", "totalRevenue": "6658700000", "costOfRevenue": "None", "costofGoodsAndServicesSold": "None", "operatingIncome": "3866700000", "sellingGeneralAndAdministrative": "None", "researchAndDevelopment": "None", "operatingExpenses": "1458500000", "investmentIncomeNet": "None", "netInterestIncome": "None", "interestIncome": "None", "interestExpense": "None", "nonInterestIncome": "None", "otherNonOperatingIncome": "None", "depreciation": "None", "depreciationAndAmortization": "8600000", "incomeBeforeTax": "3897100000", "incomeTaxExpense": "822500000", "interestAndDebtExpense": "None", "netIncomeFromContinuingOperations": "3074600000", "comprehensiveIncomeNetOfTax": "None", "ebit": "3873300000", "ebitda": "3881900000", "netIncome": "3059400000"}, {"fiscalDateEnding": "2022-03-31", "reportedCurrency": "USD", "grossProfit": "3110000000", "totalRevenue": "3110000000", "costOfRevenue": "None", "costofGoodsAndServicesSold": "None", "operatingIncome": "423500000", "sellingGeneralAndAdministrative": "None", "researchAndDevelopment": "None", "operatingExpenses": "-2686500000", "investmentIncomeNet": "None", "netInterestIncome": "None", "interestIncome": "None", "interestExpense": "4500000", "nonInterestIncome": "None", "otherNonOperatingIncome": "None", "depreciation": "None", "depreciationAndAmortization": "9600000", "incomeBeforeTax": "428000000", "incomeTaxExpense": "47300000", "interestAndDebtExpense": "None", "netIncomeFromContinuingOperations": "380700000", "comprehensiveIncomeNetOfTax": "None", "ebit": "413900000", "ebitda": "423500000", "netIncome": "376200000"}, {"fiscalDateEnding": "2021-12-31", "reportedCurrency": "USD", "grossProfit": "4091100000", "totalRevenue": "4091100000", "costOfRevenue": "None", "costofGoodsAndServicesSold": "None", "operatingIncome": "575600000", "sellingGeneralAndAdministrative": "3663300000", "researchAndDevelopment": "None", "operatingExpenses": "-3663300000", "investmentIncomeNet": "None", "netInterestIncome": "None", "interestIncome": "None", "interestExpense": "33400000", "nonInterestIncome": "None", "otherNonOperatingIncome": "None", "depreciation": "None", "depreciationAndAmortization": "8300000", "incomeBeforeTax": "609000000", "incomeTaxExpense": "103800000", "interestAndDebtExpense": "None", "netIncomeFromContinuingOperations": "-4050100000", "comprehensiveIncomeNetOfTax": "None", "ebit": "567300000", "ebitda": "575600000", "netIncome": "471800000"}, {"fiscalDateEnding": "2021-09-30", "reportedCurrency": "USD", "grossProfit": "3423700000", "totalRevenue": "3423700000", "costOfRevenue": "None", "costofGoodsAndServicesSold": "None", "operatingIncome": "423700000", "sellingGeneralAndAdministrative": "1196500000", "researchAndDevelopment": "None", "operatingExpenses": "1196500000", "investmentIncomeNet": "None", "netInterestIncome": "None", "interestIncome": "None", "interestExpense": "None", "nonInterestIncome": "None", "otherNonOperatingIncome": "None", "depreciation": "None", "depreciationAndAmortization": "8000000", "incomeBeforeTax": "428100000", "incomeTaxExpense": "63800000", "interestAndDebtExpense": "None", "netIncomeFromContinuingOperations": "364300000", "comprehensiveIncomeNetOfTax": "None", "ebit": "415700000", "ebitda": "423700000", "netIncome": "359900000"}, {"fiscalDateEnding": "2021-06-30", "reportedCurrency": "USD", "grossProfit": "3539400000", "totalRevenue": "3539400000", "costOfRevenue": "None", "costofGoodsAndServicesSold": "None", "operatingIncome": "422800000", "sellingGeneralAndAdministrative": "1265100000", "researchAndDevelopment": "None", "operatingExpenses": "1265100000", "investmentIncomeNet": "None", "netInterestIncome": "None", "interestIncome": "None", "interestExpense": "None", "nonInterestIncome": "None", "otherNonOperatingIncome": "None", "depreciation": "None", "depreciationAndAmortization": "9000000", "incomeBeforeTax": "432600000", "incomeTaxExpense": "61000000", "interestAndDebtExpense": "None", "netIncomeFromContinuingOperations": "371600000", "comprehensiveIncomeNetOfTax": "None", "ebit": "413800000", "ebitda": "422800000", "netIncome": "361800000"}, {"fiscalDateEnding": "2021-03-31", "reportedCurrency": "USD", "grossProfit": "3208500000", "totalRevenue": "3208500000", "costOfRevenue": "-1374700000", "costofGoodsAndServicesSold": "-1374700000", "operatingIncome": "614700000", "sellingGeneralAndAdministrative": "1201700000", "researchAndDevelopment": "None", "operatingExpenses": "1201700000", "investmentIncomeNet": "None", "netInterestIncome": "None", "interestIncome": "None", "interestExpense": "None", "nonInterestIncome": "None", "otherNonOperatingIncome": "151400000", "depreciation": "None", "depreciationAndAmortization": "7100000", "incomeBeforeTax": "613900000", "incomeTaxExpense": "97600000", "interestAndDebtExpense": "None", "netIncomeFromContinuingOperations": "5071600000", "comprehensiveIncomeNetOfTax": "None", "ebit": "607600000", "ebitda": "614700000", "netIncome": "517100000"}, {"fiscalDateEnding": "2020-12-31", "reportedCurrency": "USD", "grossProfit": "3765100000", "totalRevenue": "3765100000", "costOfRevenue": "-1981700000", "costofGoodsAndServicesSold": "-1981700000", "operatingIncome": "572700000", "sellingGeneralAndAdministrative": "1161800000", "researchAndDevelopment": "None", "operatingExpenses": "-3484700000", "investmentIncomeNet": "None", "netInterestIncome": "None", "interestIncome": "None", "interestExpense": "None", "nonInterestIncome": "None", "otherNonOperatingIncome": "133100000", "depreciation": "None", "depreciationAndAmortization": "-591600000", "incomeBeforeTax": "591600000", "incomeTaxExpense": "100100000", "interestAndDebtExpense": "None", "netIncomeFromContinuingOperations": "491500000", "comprehensiveIncomeNetOfTax": "None", "ebit": "1164300000", "ebitda": "572700000", "netIncome": "472600000"}, {"fiscalDateEnding": "2020-09-30", "reportedCurrency": "USD", "grossProfit": "3310700000", "totalRevenue": "3310700000", "costOfRevenue": "-1839800000", "costofGoodsAndServicesSold": "-1839800000", "operatingIncome": "275200000", "sellingGeneralAndAdministrative": "1165900000", "researchAndDevelopment": "None", "operatingExpenses": "1165900000", "investmentIncomeNet": "None", "netInterestIncome": "None", "interestIncome": "None", "interestExpense": "None", "nonInterestIncome": "None", "otherNonOperatingIncome": "65500000", "depreciation": "None", "depreciationAndAmortization": "-275100000", "incomeBeforeTax": "275100000", "incomeTaxExpense": "39200000", "interestAndDebtExpense": "None", "netIncomeFromContinuingOperations": "6194300000", "comprehensiveIncomeNetOfTax": "None", "ebit": "550300000", "ebitda": "275200000", "netIncome": "236000000"}, {"fiscalDateEnding": "2020-06-30", "reportedCurrency": "USD", "grossProfit": "3114600000", "totalRevenue": "3114600000", "costOfRevenue": "-1601300000", "costofGoodsAndServicesSold": "-1601300000", "operatingIncome": "480800000", "sellingGeneralAndAdministrative": "983300000", "researchAndDevelopment": "None", "operatingExpenses": "983300000", "investmentIncomeNet": "None", "netInterestIncome": "None", "interestIncome": "None", "interestExpense": "None", "nonInterestIncome": "None", "otherNonOperatingIncome": "-27400000", "depreciation": "None", "depreciationAndAmortization": "-498600000", "incomeBeforeTax": "498600000", "incomeTaxExpense": "82500000", "interestAndDebtExpense": "None", "netIncomeFromContinuingOperations": "5456900000", "comprehensiveIncomeNetOfTax": "None", "ebit": "979400000", "ebitda": "480800000", "netIncome": "398300000"}, {"fiscalDateEnding": "2020-03-31", "reportedCurrency": "USD", "grossProfit": "4551300000", "totalRevenue": "4551300000", "costOfRevenue": "-2858700000", "costofGoodsAndServicesSold": "-2858700000", "operatingIncome": "332100000", "sellingGeneralAndAdministrative": "1335500000", "researchAndDevelopment": "None", "operatingExpenses": "1335500000", "investmentIncomeNet": "None", "netInterestIncome": "None", "interestIncome": "None", "interestExpense": "None", "nonInterestIncome": "None", "otherNonOperatingIncome": "131400000", "depreciation": "None", "depreciationAndAmortization": "-328200000", "incomeBeforeTax": "328200000", "incomeTaxExpense": "43200000", "interestAndDebtExpense": "None", "netIncomeFromContinuingOperations": "9576300000", "comprehensiveIncomeNetOfTax": "None", "ebit": "660300000", "ebitda": "332100000", "netIncome": "288900000"}, {"fiscalDateEnding": "2019-12-31", "reportedCurrency": "USD", "grossProfit": "4047200000", "totalRevenue": "4047200000", "costOfRevenue": "2453300000", "costofGoodsAndServicesSold": "2453300000", "operatingIncome": "356900000", "sellingGeneralAndAdministrative": "1222600000", "researchAndDevelopment": "None", "operatingExpenses": "-3281300000", "investmentIncomeNet": "None", "netInterestIncome": "None", "interestIncome": "200000", "interestExpense": "None", "nonInterestIncome": "None", "otherNonOperatingIncome": "None", "depreciation": "None", "depreciationAndAmortization": "63000000", "incomeBeforeTax": "371300000", "incomeTaxExpense": "56000000", "interestAndDebtExpense": "None", "netIncomeFromContinuingOperations": "315300000", "comprehensiveIncomeNetOfTax": "None", "ebit": "371500000", "ebitda": "434500000", "netIncome": "300900000"}, {"fiscalDateEnding": "2019-09-30", "reportedCurrency": "USD", "grossProfit": "4458400000", "totalRevenue": "4458400000", "costOfRevenue": "2870400000", "costofGoodsAndServicesSold": "2870400000", "operatingIncome": "338200000", "sellingGeneralAndAdministrative": "1242300000", "researchAndDevelopment": "None", "operatingExpenses": "1242300000", "investmentIncomeNet": "None", "netInterestIncome": "None", "interestIncome": "300000", "interestExpense": "None", "nonInterestIncome": "None", "otherNonOperatingIncome": "None", "depreciation": "None", "depreciationAndAmortization": "59600000", "incomeBeforeTax": "345700000", "incomeTaxExpense": "61100000", "interestAndDebtExpense": "None", "netIncomeFromContinuingOperations": "284600000", "comprehensiveIncomeNetOfTax": "None", "ebit": "397755354", "ebitda": "397800000", "netIncome": "277100000"}, {"fiscalDateEnding": "2019-06-30", "reportedCurrency": "USD", "grossProfit": "3972600000", "totalRevenue": "3972600000", "costOfRevenue": "2476000000", "costofGoodsAndServicesSold": "2476000000", "operatingIncome": "444500000", "sellingGeneralAndAdministrative": "1046300000", "researchAndDevelopment": "None", "operatingExpenses": "1046300000", "investmentIncomeNet": "None", "netInterestIncome": "None", "interestIncome": "200000", "interestExpense": "None", "nonInterestIncome": "None", "otherNonOperatingIncome": "None", "depreciation": "None", "depreciationAndAmortization": "53200000", "incomeBeforeTax": "450300000", "incomeTaxExpense": "58200000", "interestAndDebtExpense": "None", "netIncomeFromContinuingOperations": "392100000", "comprehensiveIncomeNetOfTax": "None", "ebit": "497659037", "ebitda": "497700000", "netIncome": "386300000"}, {"fiscalDateEnding": "2019-03-31", "reportedCurrency": "USD", "grossProfit": "3743900000", "totalRevenue": "3743900000", "costOfRevenue": "-2195100000", "costofGoodsAndServicesSold": "-2195100000", "operatingIncome": "503800000", "sellingGeneralAndAdministrative": "992700000", "researchAndDevelopment": "None", "operatingExpenses": "992700000", "investmentIncomeNet": "None", "netInterestIncome": "None", "interestIncome": "None", "interestExpense": "None", "nonInterestIncome": "None", "otherNonOperatingIncome": "84500000", "depreciation": "None", "depreciationAndAmortization": "51000000", "incomeBeforeTax": "526000000", "incomeTaxExpense": "73900000", "interestAndDebtExpense": "None", "netIncomeFromContinuingOperations": "7326400000", "comprehensiveIncomeNetOfTax": "None", "ebit": "554759626", "ebitda": "554800000", "netIncome": "429900000"}, {"fiscalDateEnding": "2018-12-31", "reportedCurrency": "USD", "grossProfit": "3770600000", "totalRevenue": "3770600000", "costOfRevenue": "-2440100000", "costofGoodsAndServicesSold": "-2440100000", "operatingIncome": "-14603300000", "sellingGeneralAndAdministrative": "1056600000", "researchAndDevelopment": "0", "operatingExpenses": "4136700000", "investmentIncomeNet": "None", "netInterestIncome": "None", "interestIncome": "None", "interestExpense": "36800000", "nonInterestIncome": "None", "otherNonOperatingIncome": "-112200000", "depreciation": "None", "depreciationAndAmortization": "53200000", "incomeBeforeTax": "242900000", "incomeTaxExpense": "11200000", "interestAndDebtExpense": "None", "netIncomeFromContinuingOperations": "7874000000", "comprehensiveIncomeNetOfTax": "None", "ebit": "247700000", "ebitda": "300900000", "netIncome": "236500000"}, {"fiscalDateEnding": "2018-09-30", "reportedCurrency": "USD", "grossProfit": "4348100000", "totalRevenue": "4348100000", "costOfRevenue": "-2642100000", "costofGoodsAndServicesSold": "-2642100000", "operatingIncome": "565400000", "sellingGeneralAndAdministrative": "1105000000", "researchAndDevelopment": "0", "operatingExpenses": "1105000000", "investmentIncomeNet": "None", "netInterestIncome": "None", "interestIncome": "None", "interestExpense": "36800000", "nonInterestIncome": "None", "otherNonOperatingIncome": "-5500000", "depreciation": "None", "depreciationAndAmortization": "50700000", "incomeBeforeTax": "569100000", "incomeTaxExpense": "109100000", "interestAndDebtExpense": "None", "netIncomeFromContinuingOperations": "8729000000", "comprehensiveIncomeNetOfTax": "None", "ebit": "565400000", "ebitda": "616100000", "netIncome": "456300000"}, {"fiscalDateEnding": "2018-06-30", "reportedCurrency": "USD", "grossProfit": "3234900000", "totalRevenue": "3234900000", "costOfRevenue": "-1699200000", "costofGoodsAndServicesSold": "-1699200000", "operatingIncome": "512500000", "sellingGeneralAndAdministrative": "990100000", "researchAndDevelopment": "0", "operatingExpenses": "990100000", "investmentIncomeNet": "None", "netInterestIncome": "None", "interestIncome": "None", "interestExpense": "36700000", "nonInterestIncome": "None", "otherNonOperatingIncome": "67400000", "depreciation": "None", "depreciationAndAmortization": "50600000", "incomeBeforeTax": "515400000", "incomeTaxExpense": "55900000", "interestAndDebtExpense": "None", "netIncomeFromContinuingOperations": "5838000000", "comprehensiveIncomeNetOfTax": "None", "ebit": "512500000", "ebitda": "563100000", "netIncome": "456600000"}, {"fiscalDateEnding": "2018-03-31", "reportedCurrency": "USD", "grossProfit": "2883600000", "totalRevenue": "2883600000", "costOfRevenue": "-1411100000", "costofGoodsAndServicesSold": "-1411100000", "operatingIncome": "451600000", "sellingGeneralAndAdministrative": "985000000", "researchAndDevelopment": "0", "operatingExpenses": "985000000", "investmentIncomeNet": "None", "netInterestIncome": "None", "interestIncome": "None", "interestExpense": "39500000", "nonInterestIncome": "None", "otherNonOperatingIncome": "-25100000", "depreciation": "None", "depreciationAndAmortization": "50600000", "incomeBeforeTax": "457000000", "incomeTaxExpense": "54500000", "interestAndDebtExpense": "None", "netIncomeFromContinuingOperations": "4892800000", "comprehensiveIncomeNetOfTax": "None", "ebit": "451600000", "ebitda": "502200000", "netIncome": "397100000"}, {"fiscalDateEnding": "2017-12-31", "reportedCurrency": "USD", "grossProfit": "3237700000", "totalRevenue": "3237700000", "costOfRevenue": "-1801900000", "costofGoodsAndServicesSold": "-1801900000", "operatingIncome": "-14749300000", "sellingGeneralAndAdministrative": "1089100000", "researchAndDevelopment": "0", "operatingExpenses": "3893800000", "investmentIncomeNet": "None", "netInterestIncome": "None", "interestIncome": "None", "interestExpense": "37100000", "nonInterestIncome": "None", "otherNonOperatingIncome": "-39900000", "depreciation": "None", "depreciationAndAmortization": "50900000", "incomeBeforeTax": "314800000", "incomeTaxExpense": "-528100000", "interestAndDebtExpense": "None", "netIncomeFromContinuingOperations": "5579300000", "comprehensiveIncomeNetOfTax": "None", "ebit": "313700000", "ebitda": "364600000", "netIncome": "841800000"}, {"fiscalDateEnding": "2017-09-30", "reportedCurrency": "USD", "grossProfit": "4627800000", "totalRevenue": "4627800000", "costOfRevenue": "-2504600000", "costofGoodsAndServicesSold": "-2504600000", "operatingIncome": "1154800000", "sellingGeneralAndAdministrative": "932800000", "researchAndDevelopment": "0", "operatingExpenses": "932800000", "investmentIncomeNet": "None", "netInterestIncome": "None", "interestIncome": "None", "interestExpense": "37100000", "nonInterestIncome": "None", "otherNonOperatingIncome": "676600000", "depreciation": "None", "depreciationAndAmortization": "49300000", "incomeBeforeTax": "1157800000", "incomeTaxExpense": "344600000", "interestAndDebtExpense": "None", "netIncomeFromContinuingOperations": "9154500000", "comprehensiveIncomeNetOfTax": "None", "ebit": "1154800000", "ebitda": "1204100000", "netIncome": "810200000"}, {"fiscalDateEnding": "2017-06-30", "reportedCurrency": "USD", "grossProfit": "3178300000", "totalRevenue": "3178300000", "costOfRevenue": "-1858800000", "costofGoodsAndServicesSold": "-1858800000", "operatingIncome": "360300000", "sellingGeneralAndAdministrative": "928700000", "researchAndDevelopment": "0", "operatingExpenses": "928700000", "investmentIncomeNet": "None", "netInterestIncome": "None", "interestIncome": "None", "interestExpense": "37100000", "nonInterestIncome": "None", "otherNonOperatingIncome": "-95900000", "depreciation": "None", "depreciationAndAmortization": "47400000", "incomeBeforeTax": "365600000", "incomeTaxExpense": "50800000", "interestAndDebtExpense": "None", "netIncomeFromContinuingOperations": "6104300000", "comprehensiveIncomeNetOfTax": "None", "ebit": "360300000", "ebitda": "407700000", "netIncome": "309500000"}, {"fiscalDateEnding": "2017-03-31", "reportedCurrency": "USD", "grossProfit": "3049400000", "totalRevenue": "3049400000", "costOfRevenue": "-1657300000", "costofGoodsAndServicesSold": "-1657300000", "operatingIncome": "409300000", "sellingGeneralAndAdministrative": "943200000", "researchAndDevelopment": "0", "operatingExpenses": "943200000", "investmentIncomeNet": "None", "netInterestIncome": "None", "interestIncome": "None", "interestExpense": "37000000", "nonInterestIncome": "None", "otherNonOperatingIncome": "-16600000", "depreciation": "None", "depreciationAndAmortization": "48100000", "incomeBeforeTax": "414000000", "incomeTaxExpense": "60400000", "interestAndDebtExpense": "None", "netIncomeFromContinuingOperations": "5619400000", "comprehensiveIncomeNetOfTax": "None", "ebit": "409300000", "ebitda": "457400000", "netIncome": "348900000"}, {"fiscalDateEnding": "2016-12-31", "reportedCurrency": "USD", "grossProfit": "3513800000", "totalRevenue": "3513800000", "costOfRevenue": "-2112600000", "costofGoodsAndServicesSold": "-2112600000", "operatingIncome": "-12612900000", "sellingGeneralAndAdministrative": "985600000", "researchAndDevelopment": "0", "operatingExpenses": "3732600000", "investmentIncomeNet": "None", "netInterestIncome": "None", "interestIncome": "None", "interestExpense": "40100000", "nonInterestIncome": "None", "otherNonOperatingIncome": "-43400000", "depreciation": "None", "depreciationAndAmortization": "47000000", "incomeBeforeTax": "381300000", "incomeTaxExpense": "43100000", "interestAndDebtExpense": "None", "netIncomeFromContinuingOperations": "7017100000", "comprehensiveIncomeNetOfTax": "None", "ebit": "361100000", "ebitda": "408100000", "netIncome": "318000000"}, {"fiscalDateEnding": "2016-09-30", "reportedCurrency": "USD", "grossProfit": "2818000000", "totalRevenue": "2818000000", "costOfRevenue": "-1482200000", "costofGoodsAndServicesSold": "-1482200000", "operatingIncome": "351500000", "sellingGeneralAndAdministrative": "919600000", "researchAndDevelopment": "0", "operatingExpenses": "919600000", "investmentIncomeNet": "None", "netInterestIncome": "None", "interestIncome": "None", "interestExpense": "41300000", "nonInterestIncome": "None", "otherNonOperatingIncome": "44200000", "depreciation": "None", "depreciationAndAmortization": "46400000", "incomeBeforeTax": "370700000", "incomeTaxExpense": "43300000", "interestAndDebtExpense": "None", "netIncomeFromContinuingOperations": "5065200000", "comprehensiveIncomeNetOfTax": "None", "ebit": "351500000", "ebitda": "397900000", "netIncome": "308200000"}, {"fiscalDateEnding": "2016-06-30", "reportedCurrency": "USD", "grossProfit": "3025700000", "totalRevenue": "3025700000", "costOfRevenue": "-1659900000", "costofGoodsAndServicesSold": "-1659900000", "operatingIncome": "395200000", "sellingGeneralAndAdministrative": "927900000", "researchAndDevelopment": "0", "operatingExpenses": "927900000", "investmentIncomeNet": "None", "netInterestIncome": "None", "interestIncome": "None", "interestExpense": "41600000", "nonInterestIncome": "None", "otherNonOperatingIncome": "33700000", "depreciation": "None", "depreciationAndAmortization": "47400000", "incomeBeforeTax": "399900000", "incomeTaxExpense": "72900000", "interestAndDebtExpense": "None", "netIncomeFromContinuingOperations": "5706300000", "comprehensiveIncomeNetOfTax": "None", "ebit": "395200000", "ebitda": "442600000", "netIncome": "322300000"}, {"fiscalDateEnding": "2016-03-31", "reportedCurrency": "USD", "grossProfit": "3036600000", "totalRevenue": "3036600000", "costOfRevenue": "-1658500000", "costofGoodsAndServicesSold": "-1658500000", "operatingIncome": "438600000", "sellingGeneralAndAdministrative": "899500000", "researchAndDevelopment": "0", "operatingExpenses": "899500000", "investmentIncomeNet": "None", "netInterestIncome": "None", "interestIncome": "None", "interestExpense": "41800000", "nonInterestIncome": "None", "otherNonOperatingIncome": "136600000", "depreciation": "None", "depreciationAndAmortization": "45800000", "incomeBeforeTax": "439800000", "incomeTaxExpense": "70600000", "interestAndDebtExpense": "None", "netIncomeFromContinuingOperations": "5783700000", "comprehensiveIncomeNetOfTax": "None", "ebit": "438600000", "ebitda": "484400000", "netIncome": "368000000"}, {"fiscalDateEnding": "2015-12-31", "reportedCurrency": "USD", "grossProfit": "2807000000", "totalRevenue": "2807000000", "costOfRevenue": "-1537200000", "costofGoodsAndServicesSold": "-1537200000", "operatingIncome": "-12829800000", "sellingGeneralAndAdministrative": "920800000", "researchAndDevelopment": "0", "operatingExpenses": "3672400000", "investmentIncomeNet": "None", "netInterestIncome": "None", "interestIncome": "None", "interestExpense": "111400000", "nonInterestIncome": "None", "otherNonOperatingIncome": "-41100000", "depreciation": "None", "depreciationAndAmortization": "43700000", "incomeBeforeTax": "309000000", "incomeTaxExpense": "50700000", "interestAndDebtExpense": "None", "netIncomeFromContinuingOperations": "5239200000", "comprehensiveIncomeNetOfTax": "None", "ebit": "304300000", "ebitda": "348000000", "netIncome": "253600000"}, {"fiscalDateEnding": "2015-09-30", "reportedCurrency": "USD", "grossProfit": "3240900000", "totalRevenue": "3235700000", "costOfRevenue": "-5200000", "costofGoodsAndServicesSold": "-5200000", "operatingIncome": "422200000", "sellingGeneralAndAdministrative": "961400000", "researchAndDevelopment": "0", "operatingExpenses": "961400000", "investmentIncomeNet": "None", "netInterestIncome": "None", "interestIncome": "None", "interestExpense": "41300000", "nonInterestIncome": "None", "otherNonOperatingIncome": "38400000", "depreciation": "None", "depreciationAndAmortization": "53800000", "incomeBeforeTax": "381300000", "incomeTaxExpense": "67500000", "interestAndDebtExpense": "None", "netIncomeFromContinuingOperations": "6445800000", "comprehensiveIncomeNetOfTax": "None", "ebit": "422200000", "ebitda": "476000000", "netIncome": "317000000"}, {"fiscalDateEnding": "2015-06-30", "reportedCurrency": "USD", "grossProfit": "3259200000", "totalRevenue": "3406800000", "costOfRevenue": "147600000", "costofGoodsAndServicesSold": "147600000", "operatingIncome": "336500000", "sellingGeneralAndAdministrative": "869000000", "researchAndDevelopment": "0", "operatingExpenses": "869000000", "investmentIncomeNet": "None", "netInterestIncome": "None", "interestIncome": "None", "interestExpense": "37500000", "nonInterestIncome": "None", "otherNonOperatingIncome": "-114600000", "depreciation": "None", "depreciationAndAmortization": "29900000", "incomeBeforeTax": "424300000", "incomeTaxExpense": "75800000", "interestAndDebtExpense": "None", "netIncomeFromContinuingOperations": "6657800000", "comprehensiveIncomeNetOfTax": "None", "ebit": "336500000", "ebitda": "366400000", "netIncome": "340400000"}, {"fiscalDateEnding": "2015-03-31", "reportedCurrency": "USD", "grossProfit": "2657300000", "totalRevenue": "2544600000", "costOfRevenue": "-112700000", "costofGoodsAndServicesSold": "-112700000", "operatingIncome": "496300000", "sellingGeneralAndAdministrative": "921200000", "researchAndDevelopment": "0", "operatingExpenses": "921200000", "investmentIncomeNet": "None", "netInterestIncome": "None", "interestIncome": "None", "interestExpense": "32600000", "nonInterestIncome": "None", "otherNonOperatingIncome": "66200000", "depreciation": "None", "depreciationAndAmortization": "29300000", "incomeBeforeTax": "408000000", "incomeTaxExpense": "71700000", "interestAndDebtExpense": "None", "netIncomeFromContinuingOperations": "4488800000", "comprehensiveIncomeNetOfTax": "None", "ebit": "496300000", "ebitda": "525600000", "netIncome": "334600000"}, {"fiscalDateEnding": "2014-12-31", "reportedCurrency": "USD", "grossProfit": "2908000000", "totalRevenue": "2960200000", "costOfRevenue": "52200000", "costofGoodsAndServicesSold": "52200000", "operatingIncome": "-11143900000", "sellingGeneralAndAdministrative": "926600000", "researchAndDevelopment": "0", "operatingExpenses": "3574300000", "investmentIncomeNet": "None", "netInterestIncome": "None", "interestIncome": "None", "interestExpense": "33000000", "nonInterestIncome": "None", "otherNonOperatingIncome": "14700000", "depreciation": "None", "depreciationAndAmortization": "32200000", "incomeBeforeTax": "397000000", "incomeTaxExpense": "63900000", "interestAndDebtExpense": "None", "netIncomeFromContinuingOperations": "16987900000", "comprehensiveIncomeNetOfTax": "None", "ebit": "363100000", "ebitda": "395300000", "netIncome": "332300000"}, {"fiscalDateEnding": "2014-09-30", "reportedCurrency": "USD", "grossProfit": "2484300000", "totalRevenue": "2552700000", "costOfRevenue": "68400000", "costofGoodsAndServicesSold": "68400000", "operatingIncome": "433100000", "sellingGeneralAndAdministrative": "932500000", "researchAndDevelopment": "0", "operatingExpenses": "932500000", "investmentIncomeNet": "None", "netInterestIncome": "None", "interestIncome": "None", "interestExpense": "33000000", "nonInterestIncome": "None", "otherNonOperatingIncome": "None", "depreciation": "None", "depreciationAndAmortization": "31100000", "incomeBeforeTax": "468000000", "incomeTaxExpense": "101200000", "interestAndDebtExpense": "None", "netIncomeFromContinuingOperations": "534800000", "comprehensiveIncomeNetOfTax": "None", "ebit": "433100000", "ebitda": "464200000", "netIncome": "361900000"}, {"fiscalDateEnding": "2014-06-30", "reportedCurrency": "USD", "grossProfit": "2606700000", "totalRevenue": "2542600000", "costOfRevenue": "-64100000", "costofGoodsAndServicesSold": "-64100000", "operatingIncome": "446500000", "sellingGeneralAndAdministrative": "886200000", "researchAndDevelopment": "0", "operatingExpenses": "886200000", "investmentIncomeNet": "None", "netInterestIncome": "None", "interestIncome": "None", "interestExpense": "33100000", "nonInterestIncome": "None", "otherNonOperatingIncome": "None", "depreciation": "None", "depreciationAndAmortization": "30500000", "incomeBeforeTax": "425400000", "incomeTaxExpense": "89500000", "interestAndDebtExpense": "None", "netIncomeFromContinuingOperations": "495800000", "comprehensiveIncomeNetOfTax": "None", "ebit": "446500000", "ebitda": "477000000", "netIncome": "331400000"}, {"fiscalDateEnding": "2014-03-31", "reportedCurrency": "USD", "grossProfit": "2478600000", "totalRevenue": "2478600000", "costOfRevenue": "2061700000", "costofGoodsAndServicesSold": "2061700000", "operatingIncome": "354200000", "sellingGeneralAndAdministrative": "829000000", "researchAndDevelopment": "0", "operatingExpenses": "829000000", "investmentIncomeNet": "None", "netInterestIncome": "None", "interestIncome": "None", "interestExpense": "0", "nonInterestIncome": "None", "otherNonOperatingIncome": "None", "depreciation": "None", "depreciationAndAmortization": "40500000", "incomeBeforeTax": "376400000", "incomeTaxExpense": "52300000", "interestAndDebtExpense": "None", "netIncomeFromContinuingOperations": "428700000", "comprehensiveIncomeNetOfTax": "None", "ebit": "354200000", "ebitda": "394700000", "netIncome": "301900000"}, {"fiscalDateEnding": "2013-12-31", "reportedCurrency": "USD", "grossProfit": "2741420000", "totalRevenue": "2741420000", "costOfRevenue": "2323300000", "costofGoodsAndServicesSold": "2323300000", "operatingIncome": "-8989000000", "sellingGeneralAndAdministrative": "920800000", "researchAndDevelopment": "0", "operatingExpenses": "2372100000", "investmentIncomeNet": "None", "netInterestIncome": "None", "interestIncome": "None", "interestExpense": "35400000", "nonInterestIncome": "None", "otherNonOperatingIncome": "None", "depreciation": "None", "depreciationAndAmortization": "28200000", "incomeBeforeTax": "389300000", "incomeTaxExpense": "86300000", "interestAndDebtExpense": "None", "netIncomeFromContinuingOperations": "250400000", "comprehensiveIncomeNetOfTax": "None", "ebit": "-113000000", "ebitda": "-84800000", "netIncome": "294300000"}, {"fiscalDateEnding": "2013-09-30", "reportedCurrency": "USD", "grossProfit": "2239600000", "totalRevenue": "2315720000", "costOfRevenue": "76120000", "costofGoodsAndServicesSold": "76120000", "operatingIncome": "361100000", "sellingGeneralAndAdministrative": "774600000", "researchAndDevelopment": "0", "operatingExpenses": "774600000", "investmentIncomeNet": "None", "netInterestIncome": "None", "interestIncome": "None", "interestExpense": "34900000", "nonInterestIncome": "None", "otherNonOperatingIncome": "None", "depreciation": "None", "depreciationAndAmortization": "28200000", "incomeBeforeTax": "352900000", "incomeTaxExpense": "70500000", "interestAndDebtExpense": "None", "netIncomeFromContinuingOperations": "259100000", "comprehensiveIncomeNetOfTax": "None", "ebit": "361100000", "ebitda": "389300000", "netIncome": "277400000"}, {"fiscalDateEnding": "2013-06-30", "reportedCurrency": "USD", "grossProfit": "2210600000", "totalRevenue": "2311700000", "costOfRevenue": "101100000", "costofGoodsAndServicesSold": "101100000", "operatingIncome": "306600000", "sellingGeneralAndAdministrative": "801800000", "researchAndDevelopment": "0", "operatingExpenses": "801800000", "investmentIncomeNet": "None", "netInterestIncome": "None", "interestIncome": "None", "interestExpense": "36100000", "nonInterestIncome": "None", "otherNonOperatingIncome": "None", "depreciation": "None", "depreciationAndAmortization": "29400000", "incomeBeforeTax": "359400000", "incomeTaxExpense": "73700000", "interestAndDebtExpense": "None", "netIncomeFromContinuingOperations": "236600000", "comprehensiveIncomeNetOfTax": "None", "ebit": "306600000", "ebitda": "336000000", "netIncome": "279700000"}, {"fiscalDateEnding": "2013-03-31", "reportedCurrency": "USD", "grossProfit": "2166700000", "totalRevenue": "2238300000", "costOfRevenue": "71600000", "costofGoodsAndServicesSold": "71600000", "operatingIncome": "273300000", "sellingGeneralAndAdministrative": "795700000", "researchAndDevelopment": "0", "operatingExpenses": "795700000", "investmentIncomeNet": "None", "netInterestIncome": "None", "interestIncome": "None", "interestExpense": "36000000", "nonInterestIncome": "None", "otherNonOperatingIncome": "None", "depreciation": "None", "depreciationAndAmortization": "22300000", "incomeBeforeTax": "304400000", "incomeTaxExpense": "59400000", "interestAndDebtExpense": "None", "netIncomeFromContinuingOperations": "190000000", "comprehensiveIncomeNetOfTax": "None", "ebit": "273300000", "ebitda": "295600000", "netIncome": "241500000"}, {"fiscalDateEnding": "2012-12-31", "reportedCurrency": "USD", "grossProfit": "2295900000", "totalRevenue": "2293100000", "costOfRevenue": "-2800000", "costofGoodsAndServicesSold": "-2800000", "operatingIncome": "-9853300000", "sellingGeneralAndAdministrative": "1632300000", "researchAndDevelopment": "0", "operatingExpenses": "2934100000", "investmentIncomeNet": "None", "netInterestIncome": "None", "interestIncome": "None", "interestExpense": "39900000", "nonInterestIncome": "None", "otherNonOperatingIncome": "None", "depreciation": "None", "depreciationAndAmortization": "19900000", "incomeBeforeTax": "305500000", "incomeTaxExpense": "49900000", "interestAndDebtExpense": "None", "netIncomeFromContinuingOperations": "0", "comprehensiveIncomeNetOfTax": "None", "ebit": "314500000", "ebitda": "334400000", "netIncome": "252200000"}, {"fiscalDateEnding": "2012-09-30", "reportedCurrency": "USD", "grossProfit": "2638600000", "totalRevenue": "2638600000", "costOfRevenue": "-66100000", "costofGoodsAndServicesSold": "-66100000", "operatingIncome": "221700000", "sellingGeneralAndAdministrative": "546800000", "researchAndDevelopment": "0", "operatingExpenses": "826600000", "investmentIncomeNet": "None", "netInterestIncome": "None", "interestIncome": "None", "interestExpense": "31200000", "nonInterestIncome": "None", "otherNonOperatingIncome": "None", "depreciation": "None", "depreciationAndAmortization": "28500000", "incomeBeforeTax": "160300000", "incomeTaxExpense": "13900000", "interestAndDebtExpense": "None", "netIncomeFromContinuingOperations": "0", "comprehensiveIncomeNetOfTax": "None", "ebit": "221700000", "ebitda": "250200000", "netIncome": "143000000"}, {"fiscalDateEnding": "2012-06-30", "reportedCurrency": "USD", "grossProfit": "2118600000", "totalRevenue": "2136300000", "costOfRevenue": "17700000", "costofGoodsAndServicesSold": "17700000", "operatingIncome": "246700000", "sellingGeneralAndAdministrative": "538800000", "researchAndDevelopment": "0", "operatingExpenses": "724100000", "investmentIncomeNet": "None", "netInterestIncome": "None", "interestIncome": "None", "interestExpense": "30500000", "nonInterestIncome": "None", "otherNonOperatingIncome": "None", "depreciation": "None", "depreciationAndAmortization": "18300000", "incomeBeforeTax": "285500000", "incomeTaxExpense": "58300000", "interestAndDebtExpense": "None", "netIncomeFromContinuingOperations": "0", "comprehensiveIncomeNetOfTax": "None", "ebit": "236300000", "ebitda": "254600000", "netIncome": "224600000"}, {"fiscalDateEnding": "2012-03-31", "reportedCurrency": "USD", "grossProfit": "2095900000", "totalRevenue": "2107400000", "costOfRevenue": "11500000", "costofGoodsAndServicesSold": "11500000", "operatingIncome": "312300000", "sellingGeneralAndAdministrative": "546700000", "researchAndDevelopment": "0", "operatingExpenses": "556000000", "investmentIncomeNet": "None", "netInterestIncome": "None", "interestIncome": "None", "interestExpense": "31100000", "nonInterestIncome": "None", "otherNonOperatingIncome": "None", "depreciation": "None", "depreciationAndAmortization": "23500000", "incomeBeforeTax": "286200000", "incomeTaxExpense": "63900000", "interestAndDebtExpense": "None", "netIncomeFromContinuingOperations": "0", "comprehensiveIncomeNetOfTax": "None", "ebit": "312300000", "ebitda": "335800000", "netIncome": "221200000"}, {"fiscalDateEnding": "2011-12-31", "reportedCurrency": "USD", "grossProfit": "2059000000", "totalRevenue": "2059000000", "costOfRevenue": "1861600000", "costofGoodsAndServicesSold": "1861600000", "operatingIncome": "-9708300000", "sellingGeneralAndAdministrative": "0", "researchAndDevelopment": "0", "operatingExpenses": "3057700000", "investmentIncomeNet": "None", "netInterestIncome": "None", "interestIncome": "None", "interestExpense": "1600000", "nonInterestIncome": "None", "otherNonOperatingIncome": "None", "depreciation": "None", "depreciationAndAmortization": "28400000", "incomeBeforeTax": "193600000", "incomeTaxExpense": "21700000", "interestAndDebtExpense": "None", "netIncomeFromContinuingOperations": "0", "comprehensiveIncomeNetOfTax": "None", "ebit": "194000000", "ebitda": "222400000", "netIncome": "172300000"}, {"fiscalDateEnding": "2011-09-30", "reportedCurrency": "USD", "grossProfit": "2088800000", "totalRevenue": "2088800000", "costOfRevenue": "1915800000", "costofGoodsAndServicesSold": "1915800000", "operatingIncome": "145400000", "sellingGeneralAndAdministrative": "0", "researchAndDevelopment": "0", "operatingExpenses": "766600000", "investmentIncomeNet": "None", "netInterestIncome": "None", "interestIncome": "None", "interestExpense": "1600000", "nonInterestIncome": "None", "otherNonOperatingIncome": "None", "depreciation": "None", "depreciationAndAmortization": "28100000", "incomeBeforeTax": "138200000", "incomeTaxExpense": "71900000", "interestAndDebtExpense": "None", "netIncomeFromContinuingOperations": "66300000", "comprehensiveIncomeNetOfTax": "None", "ebit": "139800000", "ebitda": "167900000", "netIncome": "71900000"}, {"fiscalDateEnding": "2011-06-30", "reportedCurrency": "USD", "grossProfit": "2342000000", "totalRevenue": "2342000000", "costOfRevenue": "1960400000", "costofGoodsAndServicesSold": "1960400000", "operatingIncome": "348700000", "sellingGeneralAndAdministrative": "0", "researchAndDevelopment": "0", "operatingExpenses": "903100000", "investmentIncomeNet": "None", "netInterestIncome": "None", "interestIncome": "None", "interestExpense": "1700000", "nonInterestIncome": "None", "otherNonOperatingIncome": "None", "depreciation": "None", "depreciationAndAmortization": "27900000", "incomeBeforeTax": "372300000", "incomeTaxExpense": "82400000", "interestAndDebtExpense": "None", "netIncomeFromContinuingOperations": "289900000", "comprehensiveIncomeNetOfTax": "None", "ebit": "311900000", "ebitda": "339800000", "netIncome": "266300000"}, {"fiscalDateEnding": "2011-03-31", "reportedCurrency": "USD", "grossProfit": "2219800000", "totalRevenue": "2219800000", "costOfRevenue": "1930500000", "costofGoodsAndServicesSold": "1930500000", "operatingIncome": "264900000", "sellingGeneralAndAdministrative": "0", "researchAndDevelopment": "0", "operatingExpenses": "691200000", "investmentIncomeNet": "None", "netInterestIncome": "None", "interestIncome": "None", "interestExpense": "0", "nonInterestIncome": "None", "otherNonOperatingIncome": "None", "depreciation": "None", "depreciationAndAmortization": "31400000", "incomeBeforeTax": "283500000", "incomeTaxExpense": "60400000", "interestAndDebtExpense": "None", "netIncomeFromContinuingOperations": "223100000", "comprehensiveIncomeNetOfTax": "None", "ebit": "264900000", "ebitda": "296300000", "netIncome": "204500000"}, {"fiscalDateEnding": "2010-12-31", "reportedCurrency": "USD", "grossProfit": "2372500000", "totalRevenue": "2372500000", "costOfRevenue": "2075300000", "costofGoodsAndServicesSold": "2075300000", "operatingIncome": "-9545100000", "sellingGeneralAndAdministrative": "1542300000", "researchAndDevelopment": "0", "operatingExpenses": "2759000000", "investmentIncomeNet": "None", "netInterestIncome": "None", "interestIncome": "None", "interestExpense": "30100000", "nonInterestIncome": "None", "otherNonOperatingIncome": "None", "depreciation": "None", "depreciationAndAmortization": "-178100000", "incomeBeforeTax": "263700000", "incomeTaxExpense": "45600000", "interestAndDebtExpense": "None", "netIncomeFromContinuingOperations": "0", "comprehensiveIncomeNetOfTax": "None", "ebit": "253200000", "ebitda": "75100000", "netIncome": "207600000"}, {"fiscalDateEnding": "2010-09-30", "reportedCurrency": "USD", "grossProfit": "1986700000", "totalRevenue": "1986700000", "costOfRevenue": "-301800000", "costofGoodsAndServicesSold": "-301800000", "operatingIncome": "311000000", "sellingGeneralAndAdministrative": "1542300000", "researchAndDevelopment": "0", "operatingExpenses": "751500000", "investmentIncomeNet": "None", "netInterestIncome": "None", "interestIncome": "None", "interestExpense": "30100000", "nonInterestIncome": "None", "otherNonOperatingIncome": "None", "depreciation": "None", "depreciationAndAmortization": "15300000", "incomeBeforeTax": "291400000", "incomeTaxExpense": "62800000", "interestAndDebtExpense": "None", "netIncomeFromContinuingOperations": "0", "comprehensiveIncomeNetOfTax": "None", "ebit": "311000000", "ebitda": "326300000", "netIncome": "134000000"}, {"fiscalDateEnding": "2010-06-30", "reportedCurrency": "USD", "grossProfit": "2233600000", "totalRevenue": "2233600000", "costOfRevenue": "2046400000", "costofGoodsAndServicesSold": "2046400000", "operatingIncome": "155900000", "sellingGeneralAndAdministrative": "0", "researchAndDevelopment": "0", "operatingExpenses": "683800000", "investmentIncomeNet": "None", "netInterestIncome": "None", "interestIncome": "None", "interestExpense": "0", "nonInterestIncome": "None", "otherNonOperatingIncome": "None", "depreciation": "None", "depreciationAndAmortization": "106500000", "incomeBeforeTax": "157800000", "incomeTaxExpense": "13600000", "interestAndDebtExpense": "None", "netIncomeFromContinuingOperations": "0", "comprehensiveIncomeNetOfTax": "None", "ebit": "-29400000", "ebitda": "77100000", "netIncome": "142300000"}, {"fiscalDateEnding": "2010-03-31", "reportedCurrency": "USD", "grossProfit": "2264000000", "totalRevenue": "2264000000", "costOfRevenue": "1977800000", "costofGoodsAndServicesSold": "1977800000", "operatingIncome": "251700000", "sellingGeneralAndAdministrative": "0", "researchAndDevelopment": "0", "operatingExpenses": "675900000", "investmentIncomeNet": "None", "netInterestIncome": "None", "interestIncome": "None", "interestExpense": "0", "nonInterestIncome": "None", "otherNonOperatingIncome": "None", "depreciation": "None", "depreciationAndAmortization": "102700000", "incomeBeforeTax": "256300000", "incomeTaxExpense": "52700000", "interestAndDebtExpense": "None", "netIncomeFromContinuingOperations": "0", "comprehensiveIncomeNetOfTax": "None", "ebit": "251700000", "ebitda": "354400000", "netIncome": "199000000"}, {"fiscalDateEnding": "2009-12-31", "reportedCurrency": "USD", "grossProfit": "2232400000", "totalRevenue": "2232400000", "costOfRevenue": "2028800000", "costofGoodsAndServicesSold": "2028800000", "operatingIncome": "-9143300000", "sellingGeneralAndAdministrative": "0", "researchAndDevelopment": "0", "operatingExpenses": "2526600000", "investmentIncomeNet": "None", "netInterestIncome": "None", "interestIncome": "None", "interestExpense": "0", "nonInterestIncome": "None", "otherNonOperatingIncome": "None", "depreciation": "None", "depreciationAndAmortization": "-36300000", "incomeBeforeTax": "169500000", "incomeTaxExpense": "14600000", "interestAndDebtExpense": "None", "netIncomeFromContinuingOperations": "0", "comprehensiveIncomeNetOfTax": "None", "ebit": "164800000", "ebitda": "128500000", "netIncome": "150200000"}, {"fiscalDateEnding": "2009-09-30", "reportedCurrency": "USD", "grossProfit": "2270300000", "totalRevenue": "2270300000", "costOfRevenue": "1986400000", "costofGoodsAndServicesSold": "1986400000", "operatingIncome": "237000000", "sellingGeneralAndAdministrative": "0", "researchAndDevelopment": "0", "operatingExpenses": "643000000", "investmentIncomeNet": "None", "netInterestIncome": "None", "interestIncome": "None", "interestExpense": "0", "nonInterestIncome": "None", "otherNonOperatingIncome": "None", "depreciation": "None", "depreciationAndAmortization": "69800000", "incomeBeforeTax": "248300000", "incomeTaxExpense": "44100000", "interestAndDebtExpense": "None", "netIncomeFromContinuingOperations": "0", "comprehensiveIncomeNetOfTax": "None", "ebit": "237000000", "ebitda": "306800000", "netIncome": "192900000"}, {"fiscalDateEnding": "2009-06-30", "reportedCurrency": "USD", "grossProfit": "2157800000", "totalRevenue": "2157800000", "costOfRevenue": "1924400000", "costofGoodsAndServicesSold": "1924400000", "operatingIncome": "192500000", "sellingGeneralAndAdministrative": "0", "researchAndDevelopment": "0", "operatingExpenses": "562700000", "investmentIncomeNet": "None", "netInterestIncome": "None", "interestIncome": "None", "interestExpense": "0", "nonInterestIncome": "None", "otherNonOperatingIncome": "None", "depreciation": "None", "depreciationAndAmortization": "-13400000", "incomeBeforeTax": "197900000", "incomeTaxExpense": "33900000", "interestAndDebtExpense": "None", "netIncomeFromContinuingOperations": "0", "comprehensiveIncomeNetOfTax": "None", "ebit": "192500000", "ebitda": "179100000", "netIncome": "158600000"}, {"fiscalDateEnding": "2009-03-31", "reportedCurrency": "USD", "grossProfit": "2188600000", "totalRevenue": "2188600000", "costOfRevenue": "2025200000", "costofGoodsAndServicesSold": "2025200000", "operatingIncome": "128500000", "sellingGeneralAndAdministrative": "0", "researchAndDevelopment": "0", "operatingExpenses": "688400000", "investmentIncomeNet": "None", "netInterestIncome": "None", "interestIncome": "None", "interestExpense": "0", "nonInterestIncome": "None", "otherNonOperatingIncome": "None", "depreciation": "None", "depreciationAndAmortization": "118400000", "incomeBeforeTax": "130100000", "incomeTaxExpense": "7500000", "interestAndDebtExpense": "None", "netIncomeFromContinuingOperations": "0", "comprehensiveIncomeNetOfTax": "None", "ebit": "128500000", "ebitda": "246900000", "netIncome": "121000000"}, {"fiscalDateEnding": "2008-12-31", "reportedCurrency": "USD", "grossProfit": "2279200000", "totalRevenue": "2279200000", "costOfRevenue": "2304200000", "costofGoodsAndServicesSold": "2304200000", "operatingIncome": "-10651800000", "sellingGeneralAndAdministrative": "0", "researchAndDevelopment": "0", "operatingExpenses": "2995100000", "investmentIncomeNet": "None", "netInterestIncome": "None", "interestIncome": "None", "interestExpense": "0", "nonInterestIncome": "None", "otherNonOperatingIncome": "None", "depreciation": "None", "depreciationAndAmortization": "-173000000", "incomeBeforeTax": "-60500000", "incomeTaxExpense": "-61300000", "interestAndDebtExpense": "None", "netIncomeFromContinuingOperations": "0", "comprehensiveIncomeNetOfTax": "None", "ebit": "28000000", "ebitda": "-145000000", "netIncome": "800000"}, {"fiscalDateEnding": "2008-09-30", "reportedCurrency": "USD", "grossProfit": "2497800000", "totalRevenue": "2497800000", "costOfRevenue": "2355700000", "costofGoodsAndServicesSold": "2355700000", "operatingIncome": "96100000", "sellingGeneralAndAdministrative": "0", "researchAndDevelopment": "0", "operatingExpenses": "734100000", "investmentIncomeNet": "None", "netInterestIncome": "None", "interestIncome": "None", "interestExpense": "0", "nonInterestIncome": "None", "otherNonOperatingIncome": "None", "depreciation": "None", "depreciationAndAmortization": "121800000", "incomeBeforeTax": "96100000", "incomeTaxExpense": "-2200000", "interestAndDebtExpense": "None", "netIncomeFromContinuingOperations": "0", "comprehensiveIncomeNetOfTax": "None", "ebit": "96100000", "ebitda": "217900000", "netIncome": "98300000"}, {"fiscalDateEnding": "2008-06-30", "reportedCurrency": "USD", "grossProfit": "2658200000", "totalRevenue": "2658200000", "costOfRevenue": "2409600000", "costofGoodsAndServicesSold": "2409600000", "operatingIncome": "206000000", "sellingGeneralAndAdministrative": "0", "researchAndDevelopment": "0", "operatingExpenses": "749200000", "investmentIncomeNet": "None", "netInterestIncome": "None", "interestIncome": "None", "interestExpense": "0", "nonInterestIncome": "None", "otherNonOperatingIncome": "None", "depreciation": "None", "depreciationAndAmortization": "93100000", "incomeBeforeTax": "206000000", "incomeTaxExpense": "29400000", "interestAndDebtExpense": "None", "netIncomeFromContinuingOperations": "0", "comprehensiveIncomeNetOfTax": "None", "ebit": "206000000", "ebitda": "299100000", "netIncome": "176600000"}, {"fiscalDateEnding": "2008-03-31", "reportedCurrency": "USD", "grossProfit": "2500700000", "totalRevenue": "2500700000", "costOfRevenue": "2258600000", "costofGoodsAndServicesSold": "2258600000", "operatingIncome": "212000000", "sellingGeneralAndAdministrative": "0", "researchAndDevelopment": "0", "operatingExpenses": "745900000", "investmentIncomeNet": "None", "netInterestIncome": "None", "interestIncome": "None", "interestExpense": "0", "nonInterestIncome": "None", "otherNonOperatingIncome": "None", "depreciation": "None", "depreciationAndAmortization": "103100000", "incomeBeforeTax": "212000000", "incomeTaxExpense": "29600000", "interestAndDebtExpense": "None", "netIncomeFromContinuingOperations": "0", "comprehensiveIncomeNetOfTax": "None", "ebit": "212000000", "ebitda": "315100000", "netIncome": "182400000"}, {"fiscalDateEnding": "2007-12-31", "reportedCurrency": "USD", "grossProfit": "2564500000", "totalRevenue": "2564500000", "costOfRevenue": "2550500000", "costofGoodsAndServicesSold": "2550500000", "operatingIncome": "-11471200000", "sellingGeneralAndAdministrative": "0", "researchAndDevelopment": "0", "operatingExpenses": "3129200000", "investmentIncomeNet": "None", "netInterestIncome": "None", "interestIncome": "None", "interestExpense": "0", "nonInterestIncome": "None", "otherNonOperatingIncome": "None", "depreciation": "None", "depreciationAndAmortization": "107000000", "incomeBeforeTax": "-30000000", "incomeTaxExpense": "-52200000", "interestAndDebtExpense": "None", "netIncomeFromContinuingOperations": "0", "comprehensiveIncomeNetOfTax": "None", "ebit": "-9800000", "ebitda": "97200000", "netIncome": "42400000"}, {"fiscalDateEnding": "2007-09-30", "reportedCurrency": "USD", "grossProfit": "2849500000", "totalRevenue": "2849500000", "costOfRevenue": "2497200000", "costofGoodsAndServicesSold": "2497200000", "operatingIncome": "331500000", "sellingGeneralAndAdministrative": "0", "researchAndDevelopment": "0", "operatingExpenses": "800900000", "investmentIncomeNet": "None", "netInterestIncome": "None", "interestIncome": "None", "interestExpense": "0", "nonInterestIncome": "None", "otherNonOperatingIncome": "None", "depreciation": "None", "depreciationAndAmortization": "163100000", "incomeBeforeTax": "331500000", "incomeTaxExpense": "91000000", "interestAndDebtExpense": "None", "netIncomeFromContinuingOperations": "0", "comprehensiveIncomeNetOfTax": "None", "ebit": "331500000", "ebitda": "494600000", "netIncome": "240500000"}, {"fiscalDateEnding": "2007-06-30", "reportedCurrency": "USD", "grossProfit": "2831600000", "totalRevenue": "2831600000", "costOfRevenue": "2386200000", "costofGoodsAndServicesSold": "2386200000", "operatingIncome": "412500000", "sellingGeneralAndAdministrative": "0", "researchAndDevelopment": "0", "operatingExpenses": "760400000", "investmentIncomeNet": "None", "netInterestIncome": "None", "interestIncome": "None", "interestExpense": "0", "nonInterestIncome": "None", "otherNonOperatingIncome": "None", "depreciation": "None", "depreciationAndAmortization": "104300000", "incomeBeforeTax": "412500000", "incomeTaxExpense": "100400000", "interestAndDebtExpense": "None", "netIncomeFromContinuingOperations": "0", "comprehensiveIncomeNetOfTax": "None", "ebit": "412500000", "ebitda": "516800000", "netIncome": "312100000"}, {"fiscalDateEnding": "2007-03-31", "reportedCurrency": "USD", "grossProfit": "2660900000", "totalRevenue": "2660900000", "costOfRevenue": "2294200000", "costofGoodsAndServicesSold": "2294200000", "operatingIncome": "334200000", "sellingGeneralAndAdministrative": "0", "researchAndDevelopment": "0", "operatingExpenses": "754700000", "investmentIncomeNet": "None", "netInterestIncome": "None", "interestIncome": "None", "interestExpense": "0", "nonInterestIncome": "None", "otherNonOperatingIncome": "None", "depreciation": "None", "depreciationAndAmortization": "113100000", "incomeBeforeTax": "334200000", "incomeTaxExpense": "68900000", "interestAndDebtExpense": "None", "netIncomeFromContinuingOperations": "0", "comprehensiveIncomeNetOfTax": "None", "ebit": "334200000", "ebitda": "447300000", "netIncome": "265300000"}, {"fiscalDateEnding": "2006-12-31", "reportedCurrency": "USD", "grossProfit": "2591500000", "totalRevenue": "2591500000", "costOfRevenue": "2205600000", "costofGoodsAndServicesSold": "2205600000", "operatingIncome": "-9837700000", "sellingGeneralAndAdministrative": "0", "researchAndDevelopment": "0", "operatingExpenses": "2558700000", "investmentIncomeNet": "None", "netInterestIncome": "None", "interestIncome": "None", "interestExpense": "0", "nonInterestIncome": "None", "otherNonOperatingIncome": "None", "depreciation": "None", "depreciationAndAmortization": "77700000", "incomeBeforeTax": "327100000", "incomeTaxExpense": "65300000", "interestAndDebtExpense": "None", "netIncomeFromContinuingOperations": "0", "comprehensiveIncomeNetOfTax": "None", "ebit": "357700000", "ebitda": "435400000", "netIncome": "292400000"}, {"fiscalDateEnding": "2006-09-30", "reportedCurrency": "USD", "grossProfit": "2438900000", "totalRevenue": "2438900000", "costOfRevenue": "2086200000", "costofGoodsAndServicesSold": "2086200000", "operatingIncome": "331500000", "sellingGeneralAndAdministrative": "0", "researchAndDevelopment": "0", "operatingExpenses": "608200000", "investmentIncomeNet": "None", "netInterestIncome": "None", "interestIncome": "None", "interestExpense": "0", "nonInterestIncome": "None", "otherNonOperatingIncome": "None", "depreciation": "None", "depreciationAndAmortization": "80600000", "incomeBeforeTax": "331500000", "incomeTaxExpense": "72300000", "interestAndDebtExpense": "None", "netIncomeFromContinuingOperations": "0", "comprehensiveIncomeNetOfTax": "None", "ebit": "331500000", "ebitda": "412100000", "netIncome": "259200000"}, {"fiscalDateEnding": "2006-06-30", "reportedCurrency": "USD", "grossProfit": "2448400000", "totalRevenue": "2448400000", "costOfRevenue": "2138100000", "costofGoodsAndServicesSold": "2138100000", "operatingIncome": "296500000", "sellingGeneralAndAdministrative": "0", "researchAndDevelopment": "0", "operatingExpenses": "619800000", "investmentIncomeNet": "None", "netInterestIncome": "None", "interestIncome": "None", "interestExpense": "0", "nonInterestIncome": "None", "otherNonOperatingIncome": "None", "depreciation": "None", "depreciationAndAmortization": "162800000", "incomeBeforeTax": "296500000", "incomeTaxExpense": "77700000", "interestAndDebtExpense": "None", "netIncomeFromContinuingOperations": "0", "comprehensiveIncomeNetOfTax": "None", "ebit": "296500000", "ebitda": "459300000", "netIncome": "218800000"}, {"fiscalDateEnding": "2006-03-31", "reportedCurrency": "USD", "grossProfit": "2391700000", "totalRevenue": "2391700000", "costOfRevenue": "2006600000", "costofGoodsAndServicesSold": "2006600000", "operatingIncome": "373600000", "sellingGeneralAndAdministrative": "0", "researchAndDevelopment": "0", "operatingExpenses": "604400000", "investmentIncomeNet": "None", "netInterestIncome": "None", "interestIncome": "None", "interestExpense": "0", "nonInterestIncome": "None", "otherNonOperatingIncome": "None", "depreciation": "None", "depreciationAndAmortization": "23400000", "incomeBeforeTax": "373600000", "incomeTaxExpense": "79700000", "interestAndDebtExpense": "None", "netIncomeFromContinuingOperations": "0", "comprehensiveIncomeNetOfTax": "None", "ebit": "373600000", "ebitda": "397000000", "netIncome": "293900000"}, {"fiscalDateEnding": "2005-12-31", "reportedCurrency": "USD", "grossProfit": "2445200000", "totalRevenue": "2445200000", "costOfRevenue": "2142100000", "costofGoodsAndServicesSold": "2142100000", "operatingIncome": "-8871200000", "sellingGeneralAndAdministrative": "0", "researchAndDevelopment": "0", "operatingExpenses": "2307500000", "investmentIncomeNet": "None", "netInterestIncome": "None", "interestIncome": "None", "interestExpense": "0", "nonInterestIncome": "None", "otherNonOperatingIncome": "None", "depreciation": "None", "depreciationAndAmortization": "-151500000", "incomeBeforeTax": "275400000", "incomeTaxExpense": "31300000", "interestAndDebtExpense": "None", "netIncomeFromContinuingOperations": "0", "comprehensiveIncomeNetOfTax": "None", "ebit": "286500000", "ebitda": "135000000", "netIncome": "255200000"}, {"fiscalDateEnding": "2005-09-30", "reportedCurrency": "USD", "grossProfit": "2218400000", "totalRevenue": "2218400000", "costOfRevenue": "1905500000", "costofGoodsAndServicesSold": "1905500000", "operatingIncome": "286500000", "sellingGeneralAndAdministrative": "0", "researchAndDevelopment": "0", "operatingExpenses": "576800000", "investmentIncomeNet": "None", "netInterestIncome": "None", "interestIncome": "None", "interestExpense": "0", "nonInterestIncome": "None", "otherNonOperatingIncome": "None", "depreciation": "None", "depreciationAndAmortization": "78300000", "incomeBeforeTax": "286400000", "incomeTaxExpense": "67100000", "interestAndDebtExpense": "None", "netIncomeFromContinuingOperations": "0", "comprehensiveIncomeNetOfTax": "None", "ebit": "286500000", "ebitda": "364800000", "netIncome": "219400000"}, {"fiscalDateEnding": "2005-06-30", "reportedCurrency": "USD", "grossProfit": "2200700000", "totalRevenue": "2200700000", "costOfRevenue": "1895400000", "costofGoodsAndServicesSold": "1895400000", "operatingIncome": "15100000", "sellingGeneralAndAdministrative": "0", "researchAndDevelopment": "0", "operatingExpenses": "580800000", "investmentIncomeNet": "None", "netInterestIncome": "None", "interestIncome": "None", "interestExpense": "0", "nonInterestIncome": "None", "otherNonOperatingIncome": "None", "depreciation": "None", "depreciationAndAmortization": "86400000", "incomeBeforeTax": "283200000", "incomeTaxExpense": "59400000", "interestAndDebtExpense": "None", "netIncomeFromContinuingOperations": "0", "comprehensiveIncomeNetOfTax": "None", "ebit": "298300000", "ebitda": "384700000", "netIncome": "238900000"}, {"fiscalDateEnding": "2005-03-31", "reportedCurrency": "USD", "grossProfit": "2144600000", "totalRevenue": "2144600000", "costOfRevenue": "1838800000", "costofGoodsAndServicesSold": "1838800000", "operatingIncome": "280500000", "sellingGeneralAndAdministrative": "0", "researchAndDevelopment": "0", "operatingExpenses": "556900000", "investmentIncomeNet": "None", "netInterestIncome": "None", "interestIncome": "None", "interestExpense": "0", "nonInterestIncome": "None", "otherNonOperatingIncome": "None", "depreciation": "None", "depreciationAndAmortization": "88400000", "incomeBeforeTax": "280500000", "incomeTaxExpense": "75000000", "interestAndDebtExpense": "None", "netIncomeFromContinuingOperations": "0", "comprehensiveIncomeNetOfTax": "None", "ebit": "280500000", "ebitda": "368900000", "netIncome": "205500000"}, {"fiscalDateEnding": "2004-12-31", "reportedCurrency": "USD", "grossProfit": "2238700000", "totalRevenue": "2238700000", "costOfRevenue": "1963300000", "costofGoodsAndServicesSold": "1963300000", "operatingIncome": "128800000", "sellingGeneralAndAdministrative": "0", "researchAndDevelopment": "0", "operatingExpenses": "2165900000", "investmentIncomeNet": "None", "netInterestIncome": "None", "interestIncome": "None", "interestExpense": "0", "nonInterestIncome": "None", "otherNonOperatingIncome": "None", "depreciation": "None", "depreciationAndAmortization": "87200000", "incomeBeforeTax": "275400000", "incomeTaxExpense": "59800000", "interestAndDebtExpense": "None", "netIncomeFromContinuingOperations": "0", "comprehensiveIncomeNetOfTax": "None", "ebit": "273300000", "ebitda": "360500000", "netIncome": "213500000"}]}