{"symbol": "LOW", "annualReports": [{"fiscalDateEnding": "2025-01-31", "reportedCurrency": "USD", "grossProfit": "27877000000", "totalRevenue": "83674000000", "costOfRevenue": "55797000000", "costofGoodsAndServicesSold": "55797000000", "operatingIncome": "10466000000", "sellingGeneralAndAdministrative": "15682000000", "researchAndDevelopment": "None", "operatingExpenses": "17411000000", "investmentIncomeNet": "None", "netInterestIncome": "-1313000000", "interestIncome": "159000000", "interestExpense": "1472000000", "nonInterestIncome": "None", "otherNonOperatingIncome": "None", "depreciation": "None", "depreciationAndAmortization": "1972000000", "incomeBeforeTax": "9153000000", "incomeTaxExpense": "2196000000", "interestAndDebtExpense": "None", "netIncomeFromContinuingOperations": "6957000000", "comprehensiveIncomeNetOfTax": "None", "ebit": "10625000000", "ebitda": "12597000000", "netIncome": "6957000000"}, {"fiscalDateEnding": "2024-01-31", "reportedCurrency": "USD", "grossProfit": "28844000000", "totalRevenue": "86377000000", "costOfRevenue": "57533000000", "costofGoodsAndServicesSold": "57533000000", "operatingIncome": "11557000000", "sellingGeneralAndAdministrative": "14739000000", "researchAndDevelopment": "None", "operatingExpenses": "17287000000", "investmentIncomeNet": "None", "netInterestIncome": "-1382000000", "interestIncome": "101000000", "interestExpense": "1483000000", "nonInterestIncome": "None", "otherNonOperatingIncome": "None", "depreciation": "None", "depreciationAndAmortization": "1923000000", "incomeBeforeTax": "10175000000", "incomeTaxExpense": "2449000000", "interestAndDebtExpense": "None", "netIncomeFromContinuingOperations": "7726000000", "comprehensiveIncomeNetOfTax": "None", "ebit": "11648000000", "ebitda": "13571000000", "netIncome": "7726000000"}, {"fiscalDateEnding": "2023-01-31", "reportedCurrency": "USD", "grossProfit": "32257000000", "totalRevenue": "97059000000", "costOfRevenue": "64802000000", "costofGoodsAndServicesSold": "64802000000", "operatingIncome": "10159000000", "sellingGeneralAndAdministrative": "19463000000", "researchAndDevelopment": "None", "operatingExpenses": "22098000000", "investmentIncomeNet": "None", "netInterestIncome": "-1123000000", "interestIncome": "1123000000", "interestExpense": "1160000000", "nonInterestIncome": "None", "otherNonOperatingIncome": "None", "depreciation": "None", "depreciationAndAmortization": "2511000000", "incomeBeforeTax": "9036000000", "incomeTaxExpense": "2599000000", "interestAndDebtExpense": "None", "netIncomeFromContinuingOperations": "6437000000", "comprehensiveIncomeNetOfTax": "None", "ebit": "10174000000", "ebitda": "12685000000", "netIncome": "6437000000"}, {"fiscalDateEnding": "2022-01-31", "reportedCurrency": "USD", "grossProfit": "32056000000", "totalRevenue": "96250000000", "costOfRevenue": "64194000000", "costofGoodsAndServicesSold": "64194000000", "operatingIncome": "12093000000", "sellingGeneralAndAdministrative": "17424000000", "researchAndDevelopment": "None", "operatingExpenses": "19963000000", "investmentIncomeNet": "None", "netInterestIncome": "-885000000", "interestIncome": "847000000", "interestExpense": "897000000", "nonInterestIncome": "None", "otherNonOperatingIncome": "None", "depreciation": "None", "depreciationAndAmortization": "2399000000", "incomeBeforeTax": "11208000000", "incomeTaxExpense": "2766000000", "interestAndDebtExpense": "None", "netIncomeFromContinuingOperations": "8442000000", "comprehensiveIncomeNetOfTax": "None", "ebit": "12067000000", "ebitda": "14466000000", "netIncome": "8442000000"}, {"fiscalDateEnding": "2021-01-31", "reportedCurrency": "USD", "grossProfit": "29572000000", "totalRevenue": "89597000000", "costOfRevenue": "60025000000", "costofGoodsAndServicesSold": "60025000000", "operatingIncome": "9647000000", "sellingGeneralAndAdministrative": "17728000000", "researchAndDevelopment": "None", "operatingExpenses": "19925000000", "investmentIncomeNet": "None", "netInterestIncome": "-848000000", "interestIncome": "24000000", "interestExpense": "848000000", "nonInterestIncome": "None", "otherNonOperatingIncome": "-1060000000", "depreciation": "None", "depreciationAndAmortization": "2073000000", "incomeBeforeTax": "7739000000", "incomeTaxExpense": "1904000000", "interestAndDebtExpense": "None", "netIncomeFromContinuingOperations": "5835000000", "comprehensiveIncomeNetOfTax": "None", "ebit": "9168000000", "ebitda": "11241000000", "netIncome": "5835000000"}, {"fiscalDateEnding": "2020-01-31", "reportedCurrency": "USD", "grossProfit": "22943000000", "totalRevenue": "72148000000", "costOfRevenue": "49205000000", "costofGoodsAndServicesSold": "49205000000", "operatingIncome": "6314000000", "sellingGeneralAndAdministrative": "14496000000", "researchAndDevelopment": "None", "operatingExpenses": "16629000000", "investmentIncomeNet": "None", "netInterestIncome": "-691000000", "interestIncome": "27000000", "interestExpense": "691000000", "nonInterestIncome": "None", "otherNonOperatingIncome": "None", "depreciation": "None", "depreciationAndAmortization": "1878000000", "incomeBeforeTax": "5623000000", "incomeTaxExpense": "1342000000", "interestAndDebtExpense": "None", "netIncomeFromContinuingOperations": "4281000000", "comprehensiveIncomeNetOfTax": "None", "ebit": "6341000000", "ebitda": "8219000000", "netIncome": "4281000000"}, {"fiscalDateEnding": "2019-01-31", "reportedCurrency": "USD", "grossProfit": "22908000000", "totalRevenue": "71309000000", "costOfRevenue": "48401000000", "costofGoodsAndServicesSold": "48401000000", "operatingIncome": "4018000000", "sellingGeneralAndAdministrative": "16285000000", "researchAndDevelopment": "0", "operatingExpenses": "18890000000", "investmentIncomeNet": "None", "netInterestIncome": "-624000000", "interestIncome": "28000000", "interestExpense": "624000000", "nonInterestIncome": "None", "otherNonOperatingIncome": "None", "depreciation": "None", "depreciationAndAmortization": "1607000000", "incomeBeforeTax": "3394000000", "incomeTaxExpense": "1080000000", "interestAndDebtExpense": "None", "netIncomeFromContinuingOperations": "2314000000", "comprehensiveIncomeNetOfTax": "None", "ebit": "4970000000", "ebitda": "6577000000", "netIncome": "2314000000"}, {"fiscalDateEnding": "2018-01-31", "reportedCurrency": "USD", "grossProfit": "23409000000", "totalRevenue": "68619000000", "costOfRevenue": "45210000000", "costofGoodsAndServicesSold": "45210000000", "operatingIncome": "6586000000", "sellingGeneralAndAdministrative": "14444000000", "researchAndDevelopment": "0", "operatingExpenses": "16823000000", "investmentIncomeNet": "None", "netInterestIncome": "-633000000", "interestIncome": "16000000", "interestExpense": "633000000", "nonInterestIncome": "None", "otherNonOperatingIncome": "-464000000", "depreciation": "None", "depreciationAndAmortization": "1540000000", "incomeBeforeTax": "5489000000", "incomeTaxExpense": "2042000000", "interestAndDebtExpense": "None", "netIncomeFromContinuingOperations": "3447000000", "comprehensiveIncomeNetOfTax": "None", "ebit": "6586000000", "ebitda": "8126000000", "netIncome": "3447000000"}, {"fiscalDateEnding": "2017-01-31", "reportedCurrency": "USD", "grossProfit": "22464000000", "totalRevenue": "65017000000", "costOfRevenue": "42553000000", "costofGoodsAndServicesSold": "42553000000", "operatingIncome": "5846000000", "sellingGeneralAndAdministrative": "14375000000", "researchAndDevelopment": "0", "operatingExpenses": "16618000000", "investmentIncomeNet": "None", "netInterestIncome": "-645000000", "interestIncome": "12000000", "interestExpense": "645000000", "nonInterestIncome": "None", "otherNonOperatingIncome": "None", "depreciation": "None", "depreciationAndAmortization": "1590000000", "incomeBeforeTax": "5201000000", "incomeTaxExpense": "2108000000", "interestAndDebtExpense": "None", "netIncomeFromContinuingOperations": "3093000000", "comprehensiveIncomeNetOfTax": "None", "ebit": "5893000000", "ebitda": "7483000000", "netIncome": "3091000000"}, {"fiscalDateEnding": "2016-01-31", "reportedCurrency": "USD", "grossProfit": "20570000000", "totalRevenue": "59074000000", "costOfRevenue": "38504000000", "costofGoodsAndServicesSold": "38504000000", "operatingIncome": "4971000000", "sellingGeneralAndAdministrative": "14105000000", "researchAndDevelopment": "0", "operatingExpenses": "15599000000", "investmentIncomeNet": "None", "netInterestIncome": "None", "interestIncome": "540000000", "interestExpense": "552000000", "nonInterestIncome": "None", "otherNonOperatingIncome": "None", "depreciation": "None", "depreciationAndAmortization": "1587000000", "incomeBeforeTax": "4419000000", "incomeTaxExpense": "1873000000", "interestAndDebtExpense": "None", "netIncomeFromContinuingOperations": "2546000000", "comprehensiveIncomeNetOfTax": "None", "ebit": "5535000000", "ebitda": "7122000000", "netIncome": "2546000000"}, {"fiscalDateEnding": "2015-01-31", "reportedCurrency": "USD", "grossProfit": "19558000000", "totalRevenue": "56223000000", "costOfRevenue": "36665000000", "costofGoodsAndServicesSold": "36665000000", "operatingIncome": "4792000000", "sellingGeneralAndAdministrative": "13253000000", "researchAndDevelopment": "0", "operatingExpenses": "14766000000", "investmentIncomeNet": "None", "netInterestIncome": "None", "interestIncome": "None", "interestExpense": "516000000", "nonInterestIncome": "None", "otherNonOperatingIncome": "None", "depreciation": "None", "depreciationAndAmortization": "1586000000", "incomeBeforeTax": "4276000000", "incomeTaxExpense": "1578000000", "interestAndDebtExpense": "None", "netIncomeFromContinuingOperations": "2698000000", "comprehensiveIncomeNetOfTax": "None", "ebit": "4834000000", "ebitda": "6420000000", "netIncome": "2698000000"}, {"fiscalDateEnding": "2014-01-31", "reportedCurrency": "USD", "grossProfit": "18476000000", "totalRevenue": "53417000000", "costOfRevenue": "34941000000", "costofGoodsAndServicesSold": "34941000000", "operatingIncome": "4149000000", "sellingGeneralAndAdministrative": "12054000000", "researchAndDevelopment": "0", "operatingExpenses": "14327000000", "investmentIncomeNet": "None", "netInterestIncome": "None", "interestIncome": "None", "interestExpense": "476000000", "nonInterestIncome": "None", "otherNonOperatingIncome": "None", "depreciation": "None", "depreciationAndAmortization": "1562000000", "incomeBeforeTax": "3673000000", "incomeTaxExpense": "1387000000", "interestAndDebtExpense": "None", "netIncomeFromContinuingOperations": "2286000000", "comprehensiveIncomeNetOfTax": "None", "ebit": "4149000000", "ebitda": "5711000000", "netIncome": "2286000000"}, {"fiscalDateEnding": "2013-01-31", "reportedCurrency": "USD", "grossProfit": "17327000000", "totalRevenue": "50521000000", "costOfRevenue": "33194000000", "costofGoodsAndServicesSold": "33194000000", "operatingIncome": "3560000000", "sellingGeneralAndAdministrative": "12167000000", "researchAndDevelopment": "0", "operatingExpenses": "13767000000", "investmentIncomeNet": "None", "netInterestIncome": "None", "interestIncome": "None", "interestExpense": "423000000", "nonInterestIncome": "None", "otherNonOperatingIncome": "None", "depreciation": "None", "depreciationAndAmortization": "1623000000", "incomeBeforeTax": "3137000000", "incomeTaxExpense": "1178000000", "interestAndDebtExpense": "None", "netIncomeFromContinuingOperations": "1959000000", "comprehensiveIncomeNetOfTax": "None", "ebit": "3596000000", "ebitda": "5219000000", "netIncome": "1959000000"}, {"fiscalDateEnding": "2012-01-31", "reportedCurrency": "USD", "grossProfit": "17350000000", "totalRevenue": "50208000000", "costOfRevenue": "32858000000", "costofGoodsAndServicesSold": "32858000000", "operatingIncome": "3277000000", "sellingGeneralAndAdministrative": "12205000000", "researchAndDevelopment": "0", "operatingExpenses": "14073000000", "investmentIncomeNet": "None", "netInterestIncome": "None", "interestIncome": "None", "interestExpense": "377000000", "nonInterestIncome": "None", "otherNonOperatingIncome": "None", "depreciation": "None", "depreciationAndAmortization": "1579000000", "incomeBeforeTax": "2906000000", "incomeTaxExpense": "1067000000", "interestAndDebtExpense": "None", "netIncomeFromContinuingOperations": "1839000000", "comprehensiveIncomeNetOfTax": "None", "ebit": "3289000000", "ebitda": "4868000000", "netIncome": "1839000000"}, {"fiscalDateEnding": "2011-01-31", "reportedCurrency": "USD", "grossProfit": "17152000000", "totalRevenue": "48815000000", "costOfRevenue": "31663000000", "costofGoodsAndServicesSold": "31663000000", "operatingIncome": "3560000000", "sellingGeneralAndAdministrative": "11935000000", "researchAndDevelopment": "0", "operatingExpenses": "13592000000", "investmentIncomeNet": "None", "netInterestIncome": "None", "interestIncome": "None", "interestExpense": "332000000", "nonInterestIncome": "None", "otherNonOperatingIncome": "None", "depreciation": "None", "depreciationAndAmortization": "1684000000", "incomeBeforeTax": "3228000000", "incomeTaxExpense": "1218000000", "interestAndDebtExpense": "None", "netIncomeFromContinuingOperations": "2010000000", "comprehensiveIncomeNetOfTax": "None", "ebit": "3565000000", "ebitda": "5249000000", "netIncome": "2010000000"}, {"fiscalDateEnding": "2010-01-31", "reportedCurrency": "USD", "grossProfit": "16463000000", "totalRevenue": "47220000000", "costOfRevenue": "30757000000", "costofGoodsAndServicesSold": "30757000000", "operatingIncome": "3112000000", "sellingGeneralAndAdministrative": "11623000000", "researchAndDevelopment": "None", "operatingExpenses": "13302000000", "investmentIncomeNet": "None", "netInterestIncome": "None", "interestIncome": "None", "interestExpense": "287000000", "nonInterestIncome": "None", "otherNonOperatingIncome": "None", "depreciation": "None", "depreciationAndAmortization": "1733000000", "incomeBeforeTax": "2825000000", "incomeTaxExpense": "1042000000", "interestAndDebtExpense": "None", "netIncomeFromContinuingOperations": "1783000000", "comprehensiveIncomeNetOfTax": "None", "ebit": "3138000000", "ebitda": "4871000000", "netIncome": "1783000000"}, {"fiscalDateEnding": "2009-01-31", "reportedCurrency": "USD", "grossProfit": "16501000000", "totalRevenue": "48230000000", "costOfRevenue": "31729000000", "costofGoodsAndServicesSold": "31729000000", "operatingIncome": "3786000000", "sellingGeneralAndAdministrative": "11176000000", "researchAndDevelopment": "None", "operatingExpenses": "12715000000", "investmentIncomeNet": "None", "netInterestIncome": "None", "interestIncome": "None", "interestExpense": "320000000", "nonInterestIncome": "None", "otherNonOperatingIncome": "None", "depreciation": "None", "depreciationAndAmortization": "1667000000", "incomeBeforeTax": "3506000000", "incomeTaxExpense": "1311000000", "interestAndDebtExpense": "None", "netIncomeFromContinuingOperations": "None", "comprehensiveIncomeNetOfTax": "None", "ebit": "3826000000", "ebitda": "5493000000", "netIncome": "2195000000"}, {"fiscalDateEnding": "2008-01-31", "reportedCurrency": "USD", "grossProfit": "16727000000", "totalRevenue": "48283000000", "costOfRevenue": "31556000000", "costofGoodsAndServicesSold": "31556000000", "operatingIncome": "4705000000", "sellingGeneralAndAdministrative": "10656000000", "researchAndDevelopment": "None", "operatingExpenses": "12022000000", "investmentIncomeNet": "None", "netInterestIncome": "None", "interestIncome": "None", "interestExpense": "194000000", "nonInterestIncome": "None", "otherNonOperatingIncome": "None", "depreciation": "None", "depreciationAndAmortization": "1464000000", "incomeBeforeTax": "4511000000", "incomeTaxExpense": "1702000000", "interestAndDebtExpense": "None", "netIncomeFromContinuingOperations": "None", "comprehensiveIncomeNetOfTax": "None", "ebit": "4705000000", "ebitda": "6169000000", "netIncome": "2809000000"}, {"fiscalDateEnding": "2007-01-31", "reportedCurrency": "USD", "grossProfit": "16198000000", "totalRevenue": "46927000000", "costOfRevenue": "30729000000", "costofGoodsAndServicesSold": "30729000000", "operatingIncome": "5152000000", "sellingGeneralAndAdministrative": "9884000000", "researchAndDevelopment": "None", "operatingExpenses": "11046000000", "investmentIncomeNet": "None", "netInterestIncome": "None", "interestIncome": "None", "interestExpense": "154000000", "nonInterestIncome": "None", "otherNonOperatingIncome": "None", "depreciation": "None", "depreciationAndAmortization": "1237000000", "incomeBeforeTax": "4998000000", "incomeTaxExpense": "1893000000", "interestAndDebtExpense": "None", "netIncomeFromContinuingOperations": "None", "comprehensiveIncomeNetOfTax": "None", "ebit": "5152000000", "ebitda": "6389000000", "netIncome": "3105000000"}, {"fiscalDateEnding": "2006-01-31", "reportedCurrency": "USD", "grossProfit": "14800000000", "totalRevenue": "43243000000", "costOfRevenue": "28443000000", "costofGoodsAndServicesSold": "28443000000", "operatingIncome": "4664000000", "sellingGeneralAndAdministrative": "9156000000", "researchAndDevelopment": "None", "operatingExpenses": "10136000000", "investmentIncomeNet": "None", "netInterestIncome": "None", "interestIncome": "None", "interestExpense": "158000000", "nonInterestIncome": "None", "otherNonOperatingIncome": "None", "depreciation": "None", "depreciationAndAmortization": "1051000000", "incomeBeforeTax": "4506000000", "incomeTaxExpense": "1735000000", "interestAndDebtExpense": "None", "netIncomeFromContinuingOperations": "None", "comprehensiveIncomeNetOfTax": "None", "ebit": "4664000000", "ebitda": "5715000000", "netIncome": "2771000000"}], "quarterlyReports": [{"fiscalDateEnding": "2025-01-31", "reportedCurrency": "USD", "grossProfit": "6097000000", "totalRevenue": "18553000000", "costOfRevenue": "12456000000", "costofGoodsAndServicesSold": "12456000000", "operatingIncome": "1830000000", "sellingGeneralAndAdministrative": "3822000000", "researchAndDevelopment": "None", "operatingExpenses": "4267000000", "investmentIncomeNet": "None", "netInterestIncome": "-328000000", "interestIncome": "35000000", "interestExpense": "363000000", "nonInterestIncome": "None", "otherNonOperatingIncome": "None", "depreciation": "None", "depreciationAndAmortization": "511000000", "incomeBeforeTax": "1502000000", "incomeTaxExpense": "378000000", "interestAndDebtExpense": "None", "netIncomeFromContinuingOperations": "1124000000", "comprehensiveIncomeNetOfTax": "None", "ebit": "1865000000", "ebitda": "2376000000", "netIncome": "1124000000"}, {"fiscalDateEnding": "2024-10-31", "reportedCurrency": "USD", "grossProfit": "6796000000", "totalRevenue": "20170000000", "costOfRevenue": "13374000000", "costofGoodsAndServicesSold": "13374000000", "operatingIncome": "2536000000", "sellingGeneralAndAdministrative": "3827000000", "researchAndDevelopment": "None", "operatingExpenses": "4260000000", "investmentIncomeNet": "None", "netInterestIncome": "-317000000", "interestIncome": "50000000", "interestExpense": "317000000", "nonInterestIncome": "None", "otherNonOperatingIncome": "None", "depreciation": "None", "depreciationAndAmortization": "494000000", "incomeBeforeTax": "2219000000", "incomeTaxExpense": "524000000", "interestAndDebtExpense": "None", "netIncomeFromContinuingOperations": "1695000000", "comprehensiveIncomeNetOfTax": "None", "ebit": "2536000000", "ebitda": "3030000000", "netIncome": "1695000000"}, {"fiscalDateEnding": "2024-07-31", "reportedCurrency": "USD", "grossProfit": "7895000000", "totalRevenue": "23586000000", "costOfRevenue": "15691000000", "costofGoodsAndServicesSold": "15691000000", "operatingIncome": "3447000000", "sellingGeneralAndAdministrative": "4025000000", "researchAndDevelopment": "None", "operatingExpenses": "4448000000", "investmentIncomeNet": "None", "netInterestIncome": "-317000000", "interestIncome": "52000000", "interestExpense": "369000000", "nonInterestIncome": "None", "otherNonOperatingIncome": "None", "depreciation": "None", "depreciationAndAmortization": "481000000", "incomeBeforeTax": "3130000000", "incomeTaxExpense": "747000000", "interestAndDebtExpense": "None", "netIncomeFromContinuingOperations": "2383000000", "comprehensiveIncomeNetOfTax": "None", "ebit": "3447000000", "ebitda": "3928000000", "netIncome": "2383000000"}, {"fiscalDateEnding": "2024-04-30", "reportedCurrency": "USD", "grossProfit": "6662000000", "totalRevenue": "21364000000", "costOfRevenue": "14702000000", "costofGoodsAndServicesSold": "14702000000", "operatingIncome": "2653000000", "sellingGeneralAndAdministrative": "4009000000", "researchAndDevelopment": "None", "operatingExpenses": "4009000000", "investmentIncomeNet": "None", "netInterestIncome": "-352000000", "interestIncome": "21000000", "interestExpense": "373000000", "nonInterestIncome": "None", "otherNonOperatingIncome": "None", "depreciation": "None", "depreciationAndAmortization": "486000000", "incomeBeforeTax": "2301000000", "incomeTaxExpense": "546000000", "interestAndDebtExpense": "None", "netIncomeFromContinuingOperations": "1755000000", "comprehensiveIncomeNetOfTax": "None", "ebit": "2653000000", "ebitda": "3139000000", "netIncome": "1755000000"}, {"fiscalDateEnding": "2024-01-31", "reportedCurrency": "USD", "grossProfit": "5584000000", "totalRevenue": "18602000000", "costOfRevenue": "13018000000", "costofGoodsAndServicesSold": "13018000000", "operatingIncome": "1766000000", "sellingGeneralAndAdministrative": "2987000000", "researchAndDevelopment": "None", "operatingExpenses": "3818000000", "investmentIncomeNet": "None", "netInterestIncome": "-349000000", "interestIncome": "23000000", "interestExpense": "372000000", "nonInterestIncome": "None", "otherNonOperatingIncome": "None", "depreciation": "None", "depreciationAndAmortization": "496000000", "incomeBeforeTax": "1339000000", "incomeTaxExpense": "319000000", "interestAndDebtExpense": "None", "netIncomeFromContinuingOperations": "1020000000", "comprehensiveIncomeNetOfTax": "None", "ebit": "1766000000", "ebitda": "2262000000", "netIncome": "1020000000"}, {"fiscalDateEnding": "2023-10-31", "reportedCurrency": "USD", "grossProfit": "6891000000", "totalRevenue": "20471000000", "costOfRevenue": "13580000000", "costofGoodsAndServicesSold": "13580000000", "operatingIncome": "2696000000", "sellingGeneralAndAdministrative": "3761000000", "researchAndDevelopment": "None", "operatingExpenses": "4195000000", "investmentIncomeNet": "None", "netInterestIncome": "-345000000", "interestIncome": "27000000", "interestExpense": "372000000", "nonInterestIncome": "None", "otherNonOperatingIncome": "None", "depreciation": "None", "depreciationAndAmortization": "486000000", "incomeBeforeTax": "2351000000", "incomeTaxExpense": "578000000", "interestAndDebtExpense": "None", "netIncomeFromContinuingOperations": "1773000000", "comprehensiveIncomeNetOfTax": "None", "ebit": "2696000000", "ebitda": "3182000000", "netIncome": "1773000000"}, {"fiscalDateEnding": "2023-07-31", "reportedCurrency": "USD", "grossProfit": "8399000000", "totalRevenue": "24956000000", "costOfRevenue": "16557000000", "costofGoodsAndServicesSold": "16557000000", "operatingIncome": "3886000000", "sellingGeneralAndAdministrative": "4086000000", "researchAndDevelopment": "None", "operatingExpenses": "4513000000", "investmentIncomeNet": "None", "netInterestIncome": "-341000000", "interestIncome": "341000000", "interestExpense": "376000000", "nonInterestIncome": "None", "otherNonOperatingIncome": "None", "depreciation": "None", "depreciationAndAmortization": "609000000", "incomeBeforeTax": "3545000000", "incomeTaxExpense": "872000000", "interestAndDebtExpense": "None", "netIncomeFromContinuingOperations": "2673000000", "comprehensiveIncomeNetOfTax": "None", "ebit": "3921000000", "ebitda": "4530000000", "netIncome": "2673000000"}, {"fiscalDateEnding": "2023-04-30", "reportedCurrency": "USD", "grossProfit": "7527000000", "totalRevenue": "22347000000", "costOfRevenue": "14820000000", "costofGoodsAndServicesSold": "14820000000", "operatingIncome": "3288000000", "sellingGeneralAndAdministrative": "3824000000", "researchAndDevelopment": "None", "operatingExpenses": "4239000000", "investmentIncomeNet": "None", "netInterestIncome": "-349000000", "interestIncome": "349000000", "interestExpense": "349000000", "nonInterestIncome": "None", "otherNonOperatingIncome": "None", "depreciation": "None", "depreciationAndAmortization": "573000000", "incomeBeforeTax": "2939000000", "incomeTaxExpense": "679000000", "interestAndDebtExpense": "None", "netIncomeFromContinuingOperations": "2260000000", "comprehensiveIncomeNetOfTax": "None", "ebit": "3304000000", "ebitda": "3877000000", "netIncome": "2260000000"}, {"fiscalDateEnding": "2023-01-31", "reportedCurrency": "USD", "grossProfit": "7256000000", "totalRevenue": "22445000000", "costOfRevenue": "15189000000", "costofGoodsAndServicesSold": "15189000000", "operatingIncome": "1704000000", "sellingGeneralAndAdministrative": "4262000000", "researchAndDevelopment": "None", "operatingExpenses": "5552000000", "investmentIncomeNet": "None", "netInterestIncome": "-322000000", "interestIncome": "322000000", "interestExpense": "337000000", "nonInterestIncome": "None", "otherNonOperatingIncome": "None", "depreciation": "None", "depreciationAndAmortization": "599000000", "incomeBeforeTax": "1382000000", "incomeTaxExpense": "425000000", "interestAndDebtExpense": "None", "netIncomeFromContinuingOperations": "957000000", "comprehensiveIncomeNetOfTax": "None", "ebit": "1715000000", "ebitda": "2314000000", "netIncome": "958000000"}, {"fiscalDateEnding": "2022-10-31", "reportedCurrency": "USD", "grossProfit": "7818000000", "totalRevenue": "23479000000", "costOfRevenue": "15661000000", "costofGoodsAndServicesSold": "15661000000", "operatingIncome": "924000000", "sellingGeneralAndAdministrative": "6443000000", "researchAndDevelopment": "None", "operatingExpenses": "6894000000", "investmentIncomeNet": "None", "netInterestIncome": "-295000000", "interestIncome": "295000000", "interestExpense": "309000000", "nonInterestIncome": "None", "otherNonOperatingIncome": "None", "depreciation": "None", "depreciationAndAmortization": "502000000", "incomeBeforeTax": "629000000", "incomeTaxExpense": "475000000", "interestAndDebtExpense": "None", "netIncomeFromContinuingOperations": "154000000", "comprehensiveIncomeNetOfTax": "None", "ebit": "2992000000", "ebitda": "3494000000", "netIncome": "154000000"}, {"fiscalDateEnding": "2022-07-31", "reportedCurrency": "USD", "grossProfit": "8684000000", "totalRevenue": "27476000000", "costOfRevenue": "18792000000", "costofGoodsAndServicesSold": "18792000000", "operatingIncome": "4229000000", "sellingGeneralAndAdministrative": "4455000000", "researchAndDevelopment": "None", "operatingExpenses": "4455000000", "investmentIncomeNet": "None", "netInterestIncome": "-264000000", "interestIncome": "5000000", "interestExpense": "269000000", "nonInterestIncome": "None", "otherNonOperatingIncome": "None", "depreciation": "None", "depreciationAndAmortization": "642000000", "incomeBeforeTax": "3965000000", "incomeTaxExpense": "973000000", "interestAndDebtExpense": "None", "netIncomeFromContinuingOperations": "2992000000", "comprehensiveIncomeNetOfTax": "None", "ebit": "4228000000", "ebitda": "4870000000", "netIncome": "2992000000"}, {"fiscalDateEnding": "2022-04-30", "reportedCurrency": "USD", "grossProfit": "7605000000", "totalRevenue": "23659000000", "costOfRevenue": "16054000000", "costofGoodsAndServicesSold": "16054000000", "operatingIncome": "3302000000", "sellingGeneralAndAdministrative": "4303000000", "researchAndDevelopment": "None", "operatingExpenses": "4303000000", "investmentIncomeNet": "None", "netInterestIncome": "-243000000", "interestIncome": "2000000", "interestExpense": "245000000", "nonInterestIncome": "None", "otherNonOperatingIncome": "None", "depreciation": "None", "depreciationAndAmortization": "638000000", "incomeBeforeTax": "3059000000", "incomeTaxExpense": "726000000", "interestAndDebtExpense": "None", "netIncomeFromContinuingOperations": "2333000000", "comprehensiveIncomeNetOfTax": "None", "ebit": "3302000000", "ebitda": "3940000000", "netIncome": "2333000000"}, {"fiscalDateEnding": "2022-01-31", "reportedCurrency": "USD", "grossProfit": "7027000000", "totalRevenue": "21339000000", "costOfRevenue": "14312000000", "costofGoodsAndServicesSold": "14312000000", "operatingIncome": "1849000000", "sellingGeneralAndAdministrative": "3865000000", "researchAndDevelopment": "None", "operatingExpenses": "5178000000", "investmentIncomeNet": "None", "netInterestIncome": "-235000000", "interestIncome": "219000000", "interestExpense": "237000000", "nonInterestIncome": "None", "otherNonOperatingIncome": "None", "depreciation": "None", "depreciationAndAmortization": "628000000", "incomeBeforeTax": "1614000000", "incomeTaxExpense": "408000000", "interestAndDebtExpense": "None", "netIncomeFromContinuingOperations": "1206000000", "comprehensiveIncomeNetOfTax": "None", "ebit": "1835000000", "ebitda": "2463000000", "netIncome": "1206000000"}, {"fiscalDateEnding": "2021-10-31", "reportedCurrency": "USD", "grossProfit": "8130000000", "totalRevenue": "24422000000", "costOfRevenue": "16292000000", "costofGoodsAndServicesSold": "16292000000", "operatingIncome": "2789000000", "sellingGeneralAndAdministrative": "4373000000", "researchAndDevelopment": "None", "operatingExpenses": "4798000000", "investmentIncomeNet": "None", "netInterestIncome": "-223000000", "interestIncome": "215000000", "interestExpense": "226000000", "nonInterestIncome": "None", "otherNonOperatingIncome": "None", "depreciation": "None", "depreciationAndAmortization": "612000000", "incomeBeforeTax": "2566000000", "incomeTaxExpense": "670000000", "interestAndDebtExpense": "None", "netIncomeFromContinuingOperations": "1896000000", "comprehensiveIncomeNetOfTax": "None", "ebit": "2784000000", "ebitda": "3396000000", "netIncome": "1896000000"}, {"fiscalDateEnding": "2021-07-31", "reportedCurrency": "USD", "grossProfit": "9312000000", "totalRevenue": "27570000000", "costOfRevenue": "18258000000", "costofGoodsAndServicesSold": "18258000000", "operatingIncome": "4210000000", "sellingGeneralAndAdministrative": "4693000000", "researchAndDevelopment": "None", "operatingExpenses": "5102000000", "investmentIncomeNet": "None", "netInterestIncome": "-216000000", "interestIncome": "4000000", "interestExpense": "220000000", "nonInterestIncome": "None", "otherNonOperatingIncome": "None", "depreciation": "None", "depreciationAndAmortization": "592000000", "incomeBeforeTax": "3994000000", "incomeTaxExpense": "976000000", "interestAndDebtExpense": "None", "netIncomeFromContinuingOperations": "3018000000", "comprehensiveIncomeNetOfTax": "None", "ebit": "4207000000", "ebitda": "4799000000", "netIncome": "3018000000"}, {"fiscalDateEnding": "2021-04-30", "reportedCurrency": "USD", "grossProfit": "7587000000", "totalRevenue": "22918000000", "costOfRevenue": "15331000000", "costofGoodsAndServicesSold": "15331000000", "operatingIncome": "3245000000", "sellingGeneralAndAdministrative": "4494000000", "researchAndDevelopment": "None", "operatingExpenses": "4885000000", "investmentIncomeNet": "None", "netInterestIncome": "-211000000", "interestIncome": "3000000", "interestExpense": "211000000", "nonInterestIncome": "None", "otherNonOperatingIncome": "None", "depreciation": "None", "depreciationAndAmortization": "567000000", "incomeBeforeTax": "3034000000", "incomeTaxExpense": "713000000", "interestAndDebtExpense": "None", "netIncomeFromContinuingOperations": "2321000000", "comprehensiveIncomeNetOfTax": "None", "ebit": "3242000000", "ebitda": "3809000000", "netIncome": "2321000000"}, {"fiscalDateEnding": "2021-01-31", "reportedCurrency": "USD", "grossProfit": "6456000000", "totalRevenue": "20311000000", "costOfRevenue": "13855000000", "costofGoodsAndServicesSold": "13855000000", "operatingIncome": "1524000000", "sellingGeneralAndAdministrative": "3743000000", "researchAndDevelopment": "None", "operatingExpenses": "4932000000", "investmentIncomeNet": "None", "netInterestIncome": "-204000000", "interestIncome": "6000000", "interestExpense": "204000000", "nonInterestIncome": "None", "otherNonOperatingIncome": "None", "depreciation": "None", "depreciationAndAmortization": "442000000", "incomeBeforeTax": "1320000000", "incomeTaxExpense": "342000000", "interestAndDebtExpense": "None", "netIncomeFromContinuingOperations": "978000000", "comprehensiveIncomeNetOfTax": "None", "ebit": "1653000000", "ebitda": "2095000000", "netIncome": "978000000"}, {"fiscalDateEnding": "2020-10-31", "reportedCurrency": "USD", "grossProfit": "6513000000", "totalRevenue": "19675000000", "costOfRevenue": "13162000000", "costofGoodsAndServicesSold": "13162000000", "operatingIncome": "2175000000", "sellingGeneralAndAdministrative": "4196000000", "researchAndDevelopment": "None", "operatingExpenses": "5125000000", "investmentIncomeNet": "None", "netInterestIncome": "-221000000", "interestIncome": "216000000", "interestExpense": "221000000", "nonInterestIncome": "None", "otherNonOperatingIncome": "-1060000000", "depreciation": "None", "depreciationAndAmortization": "405000000", "incomeBeforeTax": "894000000", "incomeTaxExpense": "202000000", "interestAndDebtExpense": "None", "netIncomeFromContinuingOperations": "692000000", "comprehensiveIncomeNetOfTax": "None", "ebit": "2175000000", "ebitda": "2580000000", "netIncome": "692000000"}, {"fiscalDateEnding": "2020-07-31", "reportedCurrency": "USD", "grossProfit": "9304000000", "totalRevenue": "27302000000", "costOfRevenue": "17998000000", "costofGoodsAndServicesSold": "17998000000", "operatingIncome": "3957000000", "sellingGeneralAndAdministrative": "5020000000", "researchAndDevelopment": "None", "operatingExpenses": "5347000000", "investmentIncomeNet": "None", "netInterestIncome": "-219000000", "interestIncome": "213000000", "interestExpense": "219000000", "nonInterestIncome": "None", "otherNonOperatingIncome": "None", "depreciation": "None", "depreciationAndAmortization": "374000000", "incomeBeforeTax": "3738000000", "incomeTaxExpense": "910000000", "interestAndDebtExpense": "None", "netIncomeFromContinuingOperations": "2828000000", "comprehensiveIncomeNetOfTax": "None", "ebit": "3957000000", "ebitda": "4331000000", "netIncome": "2828000000"}, {"fiscalDateEnding": "2020-04-30", "reportedCurrency": "USD", "grossProfit": "7300000000", "totalRevenue": "22309000000", "costOfRevenue": "15009000000", "costofGoodsAndServicesSold": "15009000000", "operatingIncome": "1991000000", "sellingGeneralAndAdministrative": "4196000000", "researchAndDevelopment": "None", "operatingExpenses": "4522000000", "investmentIncomeNet": "None", "netInterestIncome": "-205000000", "interestIncome": "5000000", "interestExpense": "205000000", "nonInterestIncome": "None", "otherNonOperatingIncome": "None", "depreciation": "None", "depreciationAndAmortization": "373000000", "incomeBeforeTax": "1786000000", "incomeTaxExpense": "449000000", "interestAndDebtExpense": "None", "netIncomeFromContinuingOperations": "2235000000", "comprehensiveIncomeNetOfTax": "None", "ebit": "1991000000", "ebitda": "2364000000", "netIncome": "1337000000"}, {"fiscalDateEnding": "2020-01-31", "reportedCurrency": "USD", "grossProfit": "4981000000", "totalRevenue": "16027000000", "costOfRevenue": "11046000000", "costofGoodsAndServicesSold": "11046000000", "operatingIncome": "958000000", "sellingGeneralAndAdministrative": "11629000000", "researchAndDevelopment": "None", "operatingExpenses": "4023000000", "investmentIncomeNet": "None", "netInterestIncome": "-183000000", "interestIncome": "3000000", "interestExpense": "183000000", "nonInterestIncome": "None", "otherNonOperatingIncome": "None", "depreciation": "None", "depreciationAndAmortization": "381000000", "incomeBeforeTax": "775000000", "incomeTaxExpense": "266000000", "interestAndDebtExpense": "None", "netIncomeFromContinuingOperations": "510000000", "comprehensiveIncomeNetOfTax": "None", "ebit": "961000000", "ebitda": "1342000000", "netIncome": "509000000"}, {"fiscalDateEnding": "2019-10-31", "reportedCurrency": "USD", "grossProfit": "5581000000", "totalRevenue": "17741000000", "costOfRevenue": "12160000000", "costofGoodsAndServicesSold": "12160000000", "operatingIncome": "1558000000", "sellingGeneralAndAdministrative": "3719000000", "researchAndDevelopment": "None", "operatingExpenses": "4082000000", "investmentIncomeNet": "None", "netInterestIncome": "-177000000", "interestIncome": "5000000", "interestExpense": "177000000", "nonInterestIncome": "None", "otherNonOperatingIncome": "None", "depreciation": "None", "depreciationAndAmortization": "345000000", "incomeBeforeTax": "1381000000", "incomeTaxExpense": "332000000", "interestAndDebtExpense": "None", "netIncomeFromContinuingOperations": "1049000000", "comprehensiveIncomeNetOfTax": "None", "ebit": "1611000000", "ebitda": "1956000000", "netIncome": "1049000000"}, {"fiscalDateEnding": "2019-07-31", "reportedCurrency": "USD", "grossProfit": "6740000000", "totalRevenue": "20992000000", "costOfRevenue": "14252000000", "costofGoodsAndServicesSold": "14252000000", "operatingIncome": "2381000000", "sellingGeneralAndAdministrative": "4048000000", "researchAndDevelopment": "None", "operatingExpenses": "4359000000", "investmentIncomeNet": "None", "netInterestIncome": "-169000000", "interestIncome": "12000000", "interestExpense": "169000000", "nonInterestIncome": "None", "otherNonOperatingIncome": "None", "depreciation": "None", "depreciationAndAmortization": "347000000", "incomeBeforeTax": "2212000000", "incomeTaxExpense": "536000000", "interestAndDebtExpense": "None", "netIncomeFromContinuingOperations": "1676000000", "comprehensiveIncomeNetOfTax": "None", "ebit": "2381000000", "ebitda": "2728000000", "netIncome": "1676000000"}, {"fiscalDateEnding": "2019-04-30", "reportedCurrency": "USD", "grossProfit": "5640000000", "totalRevenue": "17388000000", "costOfRevenue": "11748000000", "costofGoodsAndServicesSold": "11748000000", "operatingIncome": "1417000000", "sellingGeneralAndAdministrative": "3862000000", "researchAndDevelopment": "None", "operatingExpenses": "4164000000", "investmentIncomeNet": "None", "netInterestIncome": "-162000000", "interestIncome": "7000000", "interestExpense": "162000000", "nonInterestIncome": "None", "otherNonOperatingIncome": "None", "depreciation": "None", "depreciationAndAmortization": "337000000", "incomeBeforeTax": "1255000000", "incomeTaxExpense": "209000000", "interestAndDebtExpense": "None", "netIncomeFromContinuingOperations": "1046000000", "comprehensiveIncomeNetOfTax": "None", "ebit": "1417000000", "ebitda": "1754000000", "netIncome": "1046000000"}, {"fiscalDateEnding": "2019-01-31", "reportedCurrency": "USD", "grossProfit": "4037000000", "totalRevenue": "15647000000", "costOfRevenue": "11610000000", "costofGoodsAndServicesSold": "11610000000", "operatingIncome": "-567000000", "sellingGeneralAndAdministrative": "3643000000", "researchAndDevelopment": "0", "operatingExpenses": "5465000000", "investmentIncomeNet": "None", "netInterestIncome": "None", "interestIncome": "None", "interestExpense": "158000000", "nonInterestIncome": "None", "otherNonOperatingIncome": "None", "depreciation": "None", "depreciationAndAmortization": "401000000", "incomeBeforeTax": "-725000000", "incomeTaxExpense": "99000000", "interestAndDebtExpense": "None", "netIncomeFromContinuingOperations": "-823000000", "comprehensiveIncomeNetOfTax": "None", "ebit": "-563000000", "ebitda": "-162000000", "netIncome": "-824000000"}, {"fiscalDateEnding": "2018-10-31", "reportedCurrency": "USD", "grossProfit": "6012000000", "totalRevenue": "17360000000", "costOfRevenue": "11348000000", "costofGoodsAndServicesSold": "11348000000", "operatingIncome": "957000000", "sellingGeneralAndAdministrative": "3722000000", "researchAndDevelopment": "0", "operatingExpenses": "4703000000", "investmentIncomeNet": "None", "netInterestIncome": "None", "interestIncome": "None", "interestExpense": "153000000", "nonInterestIncome": "None", "otherNonOperatingIncome": "None", "depreciation": "None", "depreciationAndAmortization": "455000000", "incomeBeforeTax": "804000000", "incomeTaxExpense": "175000000", "interestAndDebtExpense": "None", "netIncomeFromContinuingOperations": "629000000", "comprehensiveIncomeNetOfTax": "None", "ebit": "966000000", "ebitda": "1421000000", "netIncome": "629000000"}, {"fiscalDateEnding": "2018-07-31", "reportedCurrency": "USD", "grossProfit": "7199000000", "totalRevenue": "20888000000", "costOfRevenue": "13689000000", "costofGoodsAndServicesSold": "13689000000", "operatingIncome": "2163000000", "sellingGeneralAndAdministrative": "4156000000", "researchAndDevelopment": "0", "operatingExpenses": "5036000000", "investmentIncomeNet": "None", "netInterestIncome": "None", "interestIncome": "None", "interestExpense": "153000000", "nonInterestIncome": "None", "otherNonOperatingIncome": "None", "depreciation": "None", "depreciationAndAmortization": "364000000", "incomeBeforeTax": "2010000000", "incomeTaxExpense": "490000000", "interestAndDebtExpense": "None", "netIncomeFromContinuingOperations": "1520000000", "comprehensiveIncomeNetOfTax": "None", "ebit": "2393000000", "ebitda": "2757000000", "netIncome": "1520000000"}, {"fiscalDateEnding": "2018-04-30", "reportedCurrency": "USD", "grossProfit": "5660000000", "totalRevenue": "17415000000", "costOfRevenue": "11755000000", "costofGoodsAndServicesSold": "11755000000", "operatingIncome": "1465000000", "sellingGeneralAndAdministrative": "3934000000", "researchAndDevelopment": "0", "operatingExpenses": "4547000000", "investmentIncomeNet": "None", "netInterestIncome": "None", "interestIncome": "None", "interestExpense": "160000000", "nonInterestIncome": "None", "otherNonOperatingIncome": "None", "depreciation": "None", "depreciationAndAmortization": "387000000", "incomeBeforeTax": "1305000000", "incomeTaxExpense": "317000000", "interestAndDebtExpense": "None", "netIncomeFromContinuingOperations": "988000000", "comprehensiveIncomeNetOfTax": "None", "ebit": "1465000000", "ebitda": "1852000000", "netIncome": "988000000"}, {"fiscalDateEnding": "2018-01-31", "reportedCurrency": "USD", "grossProfit": "5226000000", "totalRevenue": "15494000000", "costOfRevenue": "10268000000", "costofGoodsAndServicesSold": "10268000000", "operatingIncome": "1098000000", "sellingGeneralAndAdministrative": "2829000000", "researchAndDevelopment": "0", "operatingExpenses": "4128000000", "investmentIncomeNet": "None", "netInterestIncome": "None", "interestIncome": "None", "interestExpense": "154000000", "nonInterestIncome": "None", "otherNonOperatingIncome": "None", "depreciation": "None", "depreciationAndAmortization": "392000000", "incomeBeforeTax": "944000000", "incomeTaxExpense": "390000000", "interestAndDebtExpense": "None", "netIncomeFromContinuingOperations": "554000000", "comprehensiveIncomeNetOfTax": "None", "ebit": "1117000000", "ebitda": "1509000000", "netIncome": "554000000"}, {"fiscalDateEnding": "2017-10-31", "reportedCurrency": "USD", "grossProfit": "5800000000", "totalRevenue": "16860000000", "costOfRevenue": "11060000000", "costofGoodsAndServicesSold": "11060000000", "operatingIncome": "1547000000", "sellingGeneralAndAdministrative": "3808000000", "researchAndDevelopment": "0", "operatingExpenses": "4166000000", "investmentIncomeNet": "None", "netInterestIncome": "None", "interestIncome": "None", "interestExpense": "160000000", "nonInterestIncome": "None", "otherNonOperatingIncome": "None", "depreciation": "None", "depreciationAndAmortization": "380000000", "incomeBeforeTax": "1387000000", "incomeTaxExpense": "515000000", "interestAndDebtExpense": "None", "netIncomeFromContinuingOperations": "872000000", "comprehensiveIncomeNetOfTax": "None", "ebit": "1547000000", "ebitda": "1927000000", "netIncome": "872000000"}, {"fiscalDateEnding": "2017-07-31", "reportedCurrency": "USD", "grossProfit": "6670000000", "totalRevenue": "19495000000", "costOfRevenue": "12825000000", "costofGoodsAndServicesSold": "12825000000", "operatingIncome": "2382000000", "sellingGeneralAndAdministrative": "3931000000", "researchAndDevelopment": "0", "operatingExpenses": "4288000000", "investmentIncomeNet": "None", "netInterestIncome": "None", "interestIncome": "None", "interestExpense": "159000000", "nonInterestIncome": "None", "otherNonOperatingIncome": "None", "depreciation": "None", "depreciationAndAmortization": "379000000", "incomeBeforeTax": "2223000000", "incomeTaxExpense": "804000000", "interestAndDebtExpense": "None", "netIncomeFromContinuingOperations": "1419000000", "comprehensiveIncomeNetOfTax": "None", "ebit": "2382000000", "ebitda": "2761000000", "netIncome": "1419000000"}, {"fiscalDateEnding": "2017-04-30", "reportedCurrency": "USD", "grossProfit": "5713000000", "totalRevenue": "16770000000", "costOfRevenue": "11057000000", "costofGoodsAndServicesSold": "11057000000", "operatingIncome": "1559000000", "sellingGeneralAndAdministrative": "3876000000", "researchAndDevelopment": "0", "operatingExpenses": "4241000000", "investmentIncomeNet": "None", "netInterestIncome": "None", "interestIncome": "None", "interestExpense": "161000000", "nonInterestIncome": "None", "otherNonOperatingIncome": "-464000000", "depreciation": "None", "depreciationAndAmortization": "389000000", "incomeBeforeTax": "934000000", "incomeTaxExpense": "332000000", "interestAndDebtExpense": "None", "netIncomeFromContinuingOperations": "602000000", "comprehensiveIncomeNetOfTax": "None", "ebit": "1559000000", "ebitda": "1948000000", "netIncome": "602000000"}, {"fiscalDateEnding": "2017-01-31", "reportedCurrency": "USD", "grossProfit": "5432000000", "totalRevenue": "15784000000", "costOfRevenue": "10352000000", "costofGoodsAndServicesSold": "10352000000", "operatingIncome": "1269000000", "sellingGeneralAndAdministrative": "3021000000", "researchAndDevelopment": "0", "operatingExpenses": "4163000000", "investmentIncomeNet": "None", "netInterestIncome": "None", "interestIncome": "None", "interestExpense": "159000000", "nonInterestIncome": "None", "otherNonOperatingIncome": "None", "depreciation": "None", "depreciationAndAmortization": "400000000", "incomeBeforeTax": "1110000000", "incomeTaxExpense": "447000000", "interestAndDebtExpense": "None", "netIncomeFromContinuingOperations": "663000000", "comprehensiveIncomeNetOfTax": "None", "ebit": "1072000000", "ebitda": "1472000000", "netIncome": "663000000"}, {"fiscalDateEnding": "2016-10-31", "reportedCurrency": "USD", "grossProfit": "5337000000", "totalRevenue": "15234000000", "costOfRevenue": "9897000000", "costofGoodsAndServicesSold": "9897000000", "operatingIncome": "939000000", "sellingGeneralAndAdministrative": "4090000000", "researchAndDevelopment": "0", "operatingExpenses": "4468000000", "investmentIncomeNet": "None", "netInterestIncome": "None", "interestIncome": "None", "interestExpense": "163000000", "nonInterestIncome": "None", "otherNonOperatingIncome": "None", "depreciation": "None", "depreciationAndAmortization": "412000000", "incomeBeforeTax": "776000000", "incomeTaxExpense": "397000000", "interestAndDebtExpense": "None", "netIncomeFromContinuingOperations": "379000000", "comprehensiveIncomeNetOfTax": "None", "ebit": "1402000000", "ebitda": "1814000000", "netIncome": "378000000"}, {"fiscalDateEnding": "2016-07-31", "reportedCurrency": "USD", "grossProfit": "6288000000", "totalRevenue": "18260000000", "costOfRevenue": "11972000000", "costofGoodsAndServicesSold": "11972000000", "operatingIncome": "2417000000", "sellingGeneralAndAdministrative": "3871000000", "researchAndDevelopment": "0", "operatingExpenses": "4237000000", "investmentIncomeNet": "None", "netInterestIncome": "None", "interestIncome": "None", "interestExpense": "166000000", "nonInterestIncome": "None", "otherNonOperatingIncome": "None", "depreciation": "None", "depreciationAndAmortization": "395000000", "incomeBeforeTax": "1885000000", "incomeTaxExpense": "718000000", "interestAndDebtExpense": "None", "netIncomeFromContinuingOperations": "1167000000", "comprehensiveIncomeNetOfTax": "None", "ebit": "2051000000", "ebitda": "2446000000", "netIncome": "1167000000"}, {"fiscalDateEnding": "2016-04-30", "reportedCurrency": "USD", "grossProfit": "5407000000", "totalRevenue": "15739000000", "costOfRevenue": "10332000000", "costofGoodsAndServicesSold": "10332000000", "operatingIncome": "1937000000", "sellingGeneralAndAdministrative": "3394000000", "researchAndDevelopment": "0", "operatingExpenses": "3751000000", "investmentIncomeNet": "None", "netInterestIncome": "None", "interestIncome": "None", "interestExpense": "156000000", "nonInterestIncome": "None", "otherNonOperatingIncome": "None", "depreciation": "None", "depreciationAndAmortization": "383000000", "incomeBeforeTax": "1430000000", "incomeTaxExpense": "546000000", "interestAndDebtExpense": "None", "netIncomeFromContinuingOperations": "884000000", "comprehensiveIncomeNetOfTax": "None", "ebit": "1586000000", "ebitda": "1969000000", "netIncome": "884000000"}, {"fiscalDateEnding": "2016-01-31", "reportedCurrency": "USD", "grossProfit": "4588000000", "totalRevenue": "13236000000", "costOfRevenue": "8648000000", "costofGoodsAndServicesSold": "8648000000", "operatingIncome": "439000000", "sellingGeneralAndAdministrative": "3781000000", "researchAndDevelopment": "0", "operatingExpenses": "4149000000", "investmentIncomeNet": "None", "netInterestIncome": "None", "interestIncome": "None", "interestExpense": "144000000", "nonInterestIncome": "None", "otherNonOperatingIncome": "None", "depreciation": "None", "depreciationAndAmortization": "395000000", "incomeBeforeTax": "295000000", "incomeTaxExpense": "284000000", "interestAndDebtExpense": "None", "netIncomeFromContinuingOperations": "11000000", "comprehensiveIncomeNetOfTax": "None", "ebit": "1004000000", "ebitda": "1399000000", "netIncome": "11000000"}, {"fiscalDateEnding": "2015-10-31", "reportedCurrency": "USD", "grossProfit": "5012000000", "totalRevenue": "14129000000", "costOfRevenue": "9117000000", "costofGoodsAndServicesSold": "9117000000", "operatingIncome": "1703000000", "sellingGeneralAndAdministrative": "3287000000", "researchAndDevelopment": "0", "operatingExpenses": "3662000000", "investmentIncomeNet": "None", "netInterestIncome": "None", "interestIncome": "None", "interestExpense": "141000000", "nonInterestIncome": "None", "otherNonOperatingIncome": "None", "depreciation": "None", "depreciationAndAmortization": "401000000", "incomeBeforeTax": "1187000000", "incomeTaxExpense": "451000000", "interestAndDebtExpense": "None", "netIncomeFromContinuingOperations": "736000000", "comprehensiveIncomeNetOfTax": "None", "ebit": "1328000000", "ebitda": "1729000000", "netIncome": "736000000"}, {"fiscalDateEnding": "2015-07-31", "reportedCurrency": "USD", "grossProfit": "5981000000", "totalRevenue": "17348000000", "costOfRevenue": "11367000000", "costofGoodsAndServicesSold": "11367000000", "operatingIncome": "2347000000", "sellingGeneralAndAdministrative": "3634000000", "researchAndDevelopment": "0", "operatingExpenses": "4009000000", "investmentIncomeNet": "None", "netInterestIncome": "None", "interestIncome": "None", "interestExpense": "133000000", "nonInterestIncome": "None", "otherNonOperatingIncome": "None", "depreciation": "None", "depreciationAndAmortization": "400000000", "incomeBeforeTax": "1839000000", "incomeTaxExpense": "713000000", "interestAndDebtExpense": "None", "netIncomeFromContinuingOperations": "1126000000", "comprehensiveIncomeNetOfTax": "None", "ebit": "1972000000", "ebitda": "2372000000", "netIncome": "1126000000"}, {"fiscalDateEnding": "2015-04-30", "reportedCurrency": "USD", "grossProfit": "4990000000", "totalRevenue": "14360000000", "costOfRevenue": "9370000000", "costofGoodsAndServicesSold": "9370000000", "operatingIncome": "1597000000", "sellingGeneralAndAdministrative": "3413000000", "researchAndDevelopment": "0", "operatingExpenses": "3780000000", "investmentIncomeNet": "None", "netInterestIncome": "None", "interestIncome": "None", "interestExpense": "134000000", "nonInterestIncome": "None", "otherNonOperatingIncome": "None", "depreciation": "None", "depreciationAndAmortization": "391000000", "incomeBeforeTax": "1098000000", "incomeTaxExpense": "425000000", "interestAndDebtExpense": "None", "netIncomeFromContinuingOperations": "673000000", "comprehensiveIncomeNetOfTax": "None", "ebit": "1232000000", "ebitda": "1623000000", "netIncome": "673000000"}, {"fiscalDateEnding": "2015-01-31", "reportedCurrency": "USD", "grossProfit": "4347000000", "totalRevenue": "12541000000", "costOfRevenue": "8194000000", "costofGoodsAndServicesSold": "8194000000", "operatingIncome": "819000000", "sellingGeneralAndAdministrative": "3166000000", "researchAndDevelopment": "0", "operatingExpenses": "3527000000", "investmentIncomeNet": "None", "netInterestIncome": "None", "interestIncome": "None", "interestExpense": "132000000", "nonInterestIncome": "None", "otherNonOperatingIncome": "None", "depreciation": "None", "depreciationAndAmortization": "387000000", "incomeBeforeTax": "687000000", "incomeTaxExpense": "237000000", "interestAndDebtExpense": "None", "netIncomeFromContinuingOperations": "450000000", "comprehensiveIncomeNetOfTax": "None", "ebit": "833000000", "ebitda": "1220000000", "netIncome": "450000000"}, {"fiscalDateEnding": "2014-10-31", "reportedCurrency": "USD", "grossProfit": "4758000000", "totalRevenue": "13403000000", "costOfRevenue": "8645000000", "costofGoodsAndServicesSold": "8645000000", "operatingIncome": "1463000000", "sellingGeneralAndAdministrative": "3255000000", "researchAndDevelopment": "0", "operatingExpenses": "3630000000", "investmentIncomeNet": "None", "netInterestIncome": "None", "interestIncome": "None", "interestExpense": "134000000", "nonInterestIncome": "None", "otherNonOperatingIncome": "None", "depreciation": "None", "depreciationAndAmortization": "401000000", "incomeBeforeTax": "954000000", "incomeTaxExpense": "369000000", "interestAndDebtExpense": "None", "netIncomeFromContinuingOperations": "585000000", "comprehensiveIncomeNetOfTax": "None", "ebit": "1088000000", "ebitda": "1489000000", "netIncome": "585000000"}, {"fiscalDateEnding": "2014-07-31", "reportedCurrency": "USD", "grossProfit": "5735000000", "totalRevenue": "16599000000", "costOfRevenue": "10864000000", "costofGoodsAndServicesSold": "10864000000", "operatingIncome": "2194000000", "sellingGeneralAndAdministrative": "3541000000", "researchAndDevelopment": "0", "operatingExpenses": "3916000000", "investmentIncomeNet": "None", "netInterestIncome": "None", "interestIncome": "None", "interestExpense": "126000000", "nonInterestIncome": "None", "otherNonOperatingIncome": "None", "depreciation": "None", "depreciationAndAmortization": "400000000", "incomeBeforeTax": "1693000000", "incomeTaxExpense": "654000000", "interestAndDebtExpense": "None", "netIncomeFromContinuingOperations": "1039000000", "comprehensiveIncomeNetOfTax": "None", "ebit": "1819000000", "ebitda": "2219000000", "netIncome": "1039000000"}, {"fiscalDateEnding": "2014-04-30", "reportedCurrency": "USD", "grossProfit": "4718000000", "totalRevenue": "13681000000", "costOfRevenue": "8963000000", "costofGoodsAndServicesSold": "8963000000", "operatingIncome": "1221000000", "sellingGeneralAndAdministrative": "3319000000", "researchAndDevelopment": "0", "operatingExpenses": "3692000000", "investmentIncomeNet": "None", "netInterestIncome": "None", "interestIncome": "None", "interestExpense": "124000000", "nonInterestIncome": "None", "otherNonOperatingIncome": "None", "depreciation": "None", "depreciationAndAmortization": "398000000", "incomeBeforeTax": "942000000", "incomeTaxExpense": "318000000", "interestAndDebtExpense": "None", "netIncomeFromContinuingOperations": "624000000", "comprehensiveIncomeNetOfTax": "None", "ebit": "1066000000", "ebitda": "1464000000", "netIncome": "624000000"}, {"fiscalDateEnding": "2014-01-31", "reportedCurrency": "USD", "grossProfit": "4042000000", "totalRevenue": "11660000000", "costOfRevenue": "7618000000", "costofGoodsAndServicesSold": "7618000000", "operatingIncome": "627000000", "sellingGeneralAndAdministrative": "2234000000", "researchAndDevelopment": "0", "operatingExpenses": "3415000000", "investmentIncomeNet": "None", "netInterestIncome": "None", "interestIncome": "None", "interestExpense": "128000000", "nonInterestIncome": "None", "otherNonOperatingIncome": "None", "depreciation": "None", "depreciationAndAmortization": "395000000", "incomeBeforeTax": "499000000", "incomeTaxExpense": "193000000", "interestAndDebtExpense": "None", "netIncomeFromContinuingOperations": "306000000", "comprehensiveIncomeNetOfTax": "None", "ebit": "684000000", "ebitda": "1079000000", "netIncome": "306000000"}, {"fiscalDateEnding": "2013-10-31", "reportedCurrency": "USD", "grossProfit": "4555000000", "totalRevenue": "13088000000", "costOfRevenue": "8533000000", "costofGoodsAndServicesSold": "8533000000", "operatingIncome": "1297000000", "sellingGeneralAndAdministrative": "3184000000", "researchAndDevelopment": "0", "operatingExpenses": "3557000000", "investmentIncomeNet": "None", "netInterestIncome": "None", "interestIncome": "None", "interestExpense": "125000000", "nonInterestIncome": "None", "otherNonOperatingIncome": "None", "depreciation": "None", "depreciationAndAmortization": "400000000", "incomeBeforeTax": "799000000", "incomeTaxExpense": "300000000", "interestAndDebtExpense": "None", "netIncomeFromContinuingOperations": "499000000", "comprehensiveIncomeNetOfTax": "None", "ebit": "924000000", "ebitda": "1324000000", "netIncome": "499000000"}, {"fiscalDateEnding": "2013-07-31", "reportedCurrency": "USD", "grossProfit": "5397000000", "totalRevenue": "15711000000", "costOfRevenue": "10314000000", "costofGoodsAndServicesSold": "10314000000", "operatingIncome": "1983000000", "sellingGeneralAndAdministrative": "3414000000", "researchAndDevelopment": "0", "operatingExpenses": "3781000000", "investmentIncomeNet": "None", "netInterestIncome": "None", "interestIncome": "None", "interestExpense": "110000000", "nonInterestIncome": "None", "otherNonOperatingIncome": "None", "depreciation": "None", "depreciationAndAmortization": "391000000", "incomeBeforeTax": "1506000000", "incomeTaxExpense": "565000000", "interestAndDebtExpense": "None", "netIncomeFromContinuingOperations": "941000000", "comprehensiveIncomeNetOfTax": "None", "ebit": "1617000000", "ebitda": "2008000000", "netIncome": "941000000"}, {"fiscalDateEnding": "2013-04-30", "reportedCurrency": "USD", "grossProfit": "4481000000", "totalRevenue": "12957000000", "costOfRevenue": "8476000000", "costofGoodsAndServicesSold": "8476000000", "operatingIncome": "1333000000", "sellingGeneralAndAdministrative": "3221000000", "researchAndDevelopment": "0", "operatingExpenses": "3574000000", "investmentIncomeNet": "None", "netInterestIncome": "None", "interestIncome": "None", "interestExpense": "113000000", "nonInterestIncome": "None", "otherNonOperatingIncome": "None", "depreciation": "None", "depreciationAndAmortization": "376000000", "incomeBeforeTax": "868000000", "incomeTaxExpense": "328000000", "interestAndDebtExpense": "None", "netIncomeFromContinuingOperations": "540000000", "comprehensiveIncomeNetOfTax": "None", "ebit": "982000000", "ebitda": "1358000000", "netIncome": "540000000"}, {"fiscalDateEnding": "2013-01-31", "reportedCurrency": "USD", "grossProfit": "3785000000", "totalRevenue": "11046000000", "costOfRevenue": "7261000000", "costofGoodsAndServicesSold": "7261000000", "operatingIncome": "564000000", "sellingGeneralAndAdministrative": "2731000000", "researchAndDevelopment": "0", "operatingExpenses": "3221000000", "investmentIncomeNet": "None", "netInterestIncome": "None", "interestIncome": "None", "interestExpense": "109000000", "nonInterestIncome": "None", "otherNonOperatingIncome": "None", "depreciation": "None", "depreciationAndAmortization": "438000000", "incomeBeforeTax": "455000000", "incomeTaxExpense": "167000000", "interestAndDebtExpense": "None", "netIncomeFromContinuingOperations": "289000000", "comprehensiveIncomeNetOfTax": "None", "ebit": "564000000", "ebitda": "1002000000", "netIncome": "288000000"}, {"fiscalDateEnding": "2012-10-31", "reportedCurrency": "USD", "grossProfit": "4564000000", "totalRevenue": "13153000000", "costOfRevenue": "8589000000", "costofGoodsAndServicesSold": "8589000000", "operatingIncome": "1120000000", "sellingGeneralAndAdministrative": "3023000000", "researchAndDevelopment": "0", "operatingExpenses": "3394000000", "investmentIncomeNet": "None", "netInterestIncome": "None", "interestIncome": "None", "interestExpense": "114000000", "nonInterestIncome": "None", "otherNonOperatingIncome": "None", "depreciation": "None", "depreciationAndAmortization": "396000000", "incomeBeforeTax": "635000000", "incomeTaxExpense": "239000000", "interestAndDebtExpense": "None", "netIncomeFromContinuingOperations": "396000000", "comprehensiveIncomeNetOfTax": "None", "ebit": "752000000", "ebitda": "1148000000", "netIncome": "396000000"}, {"fiscalDateEnding": "2012-07-31", "reportedCurrency": "USD", "grossProfit": "4834000000", "totalRevenue": "14249000000", "costOfRevenue": "9415000000", "costofGoodsAndServicesSold": "9415000000", "operatingIncome": "1293000000", "sellingGeneralAndAdministrative": "3172000000", "researchAndDevelopment": "0", "operatingExpenses": "3541000000", "investmentIncomeNet": "None", "netInterestIncome": "None", "interestIncome": "None", "interestExpense": "99000000", "nonInterestIncome": "None", "otherNonOperatingIncome": "None", "depreciation": "None", "depreciationAndAmortization": "393000000", "incomeBeforeTax": "1197000000", "incomeTaxExpense": "450000000", "interestAndDebtExpense": "None", "netIncomeFromContinuingOperations": "747000000", "comprehensiveIncomeNetOfTax": "None", "ebit": "1296000000", "ebitda": "1689000000", "netIncome": "747000000"}, {"fiscalDateEnding": "2012-04-30", "reportedCurrency": "USD", "grossProfit": "4143000000", "totalRevenue": "12073000000", "costOfRevenue": "7930000000", "costofGoodsAndServicesSold": "7930000000", "operatingIncome": "1323000000", "sellingGeneralAndAdministrative": "3241000000", "researchAndDevelopment": "0", "operatingExpenses": "3611000000", "investmentIncomeNet": "None", "netInterestIncome": "None", "interestIncome": "None", "interestExpense": "102000000", "nonInterestIncome": "None", "otherNonOperatingIncome": "None", "depreciation": "None", "depreciationAndAmortization": "396000000", "incomeBeforeTax": "850000000", "incomeTaxExpense": "323000000", "interestAndDebtExpense": "None", "netIncomeFromContinuingOperations": "527000000", "comprehensiveIncomeNetOfTax": "None", "ebit": "955000000", "ebitda": "1351000000", "netIncome": "527000000"}, {"fiscalDateEnding": "2012-01-31", "reportedCurrency": "USD", "grossProfit": "3979000000", "totalRevenue": "11629000000", "costOfRevenue": "7650000000", "costofGoodsAndServicesSold": "7650000000", "operatingIncome": "-2417000000", "sellingGeneralAndAdministrative": "3009000000", "researchAndDevelopment": "0", "operatingExpenses": "3392000000", "investmentIncomeNet": "None", "netInterestIncome": "None", "interestIncome": "None", "interestExpense": "91000000", "nonInterestIncome": "None", "otherNonOperatingIncome": "None", "depreciation": "None", "depreciationAndAmortization": "408000000", "incomeBeforeTax": "485000000", "incomeTaxExpense": "163000000", "interestAndDebtExpense": "None", "netIncomeFromContinuingOperations": "323000000", "comprehensiveIncomeNetOfTax": "None", "ebit": "576000000", "ebitda": "984000000", "netIncome": "322000000"}, {"fiscalDateEnding": "2011-10-31", "reportedCurrency": "USD", "grossProfit": "4319000000", "totalRevenue": "12185000000", "costOfRevenue": "7866000000", "costofGoodsAndServicesSold": "7866000000", "operatingIncome": "443000000", "sellingGeneralAndAdministrative": "3233000000", "researchAndDevelopment": "0", "operatingExpenses": "3594000000", "investmentIncomeNet": "None", "netInterestIncome": "None", "interestIncome": "None", "interestExpense": "97000000", "nonInterestIncome": "None", "otherNonOperatingIncome": "None", "depreciation": "None", "depreciationAndAmortization": "385000000", "incomeBeforeTax": "352000000", "incomeTaxExpense": "127000000", "interestAndDebtExpense": "None", "netIncomeFromContinuingOperations": "225000000", "comprehensiveIncomeNetOfTax": "None", "ebit": "446000000", "ebitda": "831000000", "netIncome": "225000000"}, {"fiscalDateEnding": "2011-07-31", "reportedCurrency": "USD", "grossProfit": "5016000000", "totalRevenue": "14543000000", "costOfRevenue": "9527000000", "costofGoodsAndServicesSold": "9527000000", "operatingIncome": "1784000000", "sellingGeneralAndAdministrative": "3232000000", "researchAndDevelopment": "0", "operatingExpenses": "3597000000", "investmentIncomeNet": "None", "netInterestIncome": "None", "interestIncome": "None", "interestExpense": "93000000", "nonInterestIncome": "None", "otherNonOperatingIncome": "None", "depreciation": "None", "depreciationAndAmortization": "389000000", "incomeBeforeTax": "1329000000", "incomeTaxExpense": "499000000", "interestAndDebtExpense": "None", "netIncomeFromContinuingOperations": "830000000", "comprehensiveIncomeNetOfTax": "None", "ebit": "1419000000", "ebitda": "1808000000", "netIncome": "830000000"}, {"fiscalDateEnding": "2011-04-30", "reportedCurrency": "USD", "grossProfit": "4037000000", "totalRevenue": "11852000000", "costOfRevenue": "7815000000", "costofGoodsAndServicesSold": "7815000000", "operatingIncome": "1199000000", "sellingGeneralAndAdministrative": "3120000000", "researchAndDevelopment": "0", "operatingExpenses": "3491000000", "investmentIncomeNet": "None", "netInterestIncome": "None", "interestIncome": "None", "interestExpense": "88000000", "nonInterestIncome": "None", "otherNonOperatingIncome": "None", "depreciation": "None", "depreciationAndAmortization": "397000000", "incomeBeforeTax": "740000000", "incomeTaxExpense": "279000000", "interestAndDebtExpense": "None", "netIncomeFromContinuingOperations": "461000000", "comprehensiveIncomeNetOfTax": "None", "ebit": "829000000", "ebitda": "1226000000", "netIncome": "461000000"}, {"fiscalDateEnding": "2011-01-31", "reportedCurrency": "USD", "grossProfit": "3726000000", "totalRevenue": "10480000000", "costOfRevenue": "6754000000", "costofGoodsAndServicesSold": "6754000000", "operatingIncome": "-2894000000", "sellingGeneralAndAdministrative": "2792000000", "researchAndDevelopment": "0", "operatingExpenses": "3184000000", "investmentIncomeNet": "None", "netInterestIncome": "None", "interestIncome": "None", "interestExpense": "78000000", "nonInterestIncome": "None", "otherNonOperatingIncome": "None", "depreciation": "None", "depreciationAndAmortization": "412000000", "incomeBeforeTax": "456000000", "incomeTaxExpense": "171000000", "interestAndDebtExpense": "None", "netIncomeFromContinuingOperations": "285000000", "comprehensiveIncomeNetOfTax": "None", "ebit": "534000000", "ebitda": "946000000", "netIncome": "285000000"}, {"fiscalDateEnding": "2010-10-31", "reportedCurrency": "USD", "grossProfit": "4358000000", "totalRevenue": "12388000000", "costOfRevenue": "8030000000", "costofGoodsAndServicesSold": "8030000000", "operatingIncome": "731000000", "sellingGeneralAndAdministrative": "2931000000", "researchAndDevelopment": "0", "operatingExpenses": "3330000000", "investmentIncomeNet": "None", "netInterestIncome": "None", "interestIncome": "None", "interestExpense": "80000000", "nonInterestIncome": "None", "otherNonOperatingIncome": "None", "depreciation": "None", "depreciationAndAmortization": "424000000", "incomeBeforeTax": "651000000", "incomeTaxExpense": "247000000", "interestAndDebtExpense": "None", "netIncomeFromContinuingOperations": "404000000", "comprehensiveIncomeNetOfTax": "None", "ebit": "739000000", "ebitda": "1163000000", "netIncome": "404000000"}, {"fiscalDateEnding": "2010-07-31", "reportedCurrency": "USD", "grossProfit": "5006000000", "totalRevenue": "14361000000", "costOfRevenue": "9355000000", "costofGoodsAndServicesSold": "9355000000", "operatingIncome": "1817000000", "sellingGeneralAndAdministrative": "3189000000", "researchAndDevelopment": "0", "operatingExpenses": "3587000000", "investmentIncomeNet": "None", "netInterestIncome": "None", "interestIncome": "None", "interestExpense": "84000000", "nonInterestIncome": "None", "otherNonOperatingIncome": "None", "depreciation": "None", "depreciationAndAmortization": "424000000", "incomeBeforeTax": "1335000000", "incomeTaxExpense": "503000000", "interestAndDebtExpense": "None", "netIncomeFromContinuingOperations": "832000000", "comprehensiveIncomeNetOfTax": "None", "ebit": "1424000000", "ebitda": "1848000000", "netIncome": "832000000"}, {"fiscalDateEnding": "2010-04-30", "reportedCurrency": "USD", "grossProfit": "4061000000", "totalRevenue": "11587000000", "costOfRevenue": "7526000000", "costofGoodsAndServicesSold": "7526000000", "operatingIncome": "1265000000", "sellingGeneralAndAdministrative": "3093000000", "researchAndDevelopment": "0", "operatingExpenses": "3490000000", "investmentIncomeNet": "None", "netInterestIncome": "None", "interestIncome": "None", "interestExpense": "82000000", "nonInterestIncome": "None", "otherNonOperatingIncome": "None", "depreciation": "None", "depreciationAndAmortization": "424000000", "incomeBeforeTax": "786000000", "incomeTaxExpense": "297000000", "interestAndDebtExpense": "None", "netIncomeFromContinuingOperations": "489000000", "comprehensiveIncomeNetOfTax": "None", "ebit": "873000000", "ebitda": "1297000000", "netIncome": "489000000"}, {"fiscalDateEnding": "2010-01-31", "reportedCurrency": "USD", "grossProfit": "3554000000", "totalRevenue": "10168000000", "costOfRevenue": "6614000000", "costofGoodsAndServicesSold": "6614000000", "operatingIncome": "-2749000000", "sellingGeneralAndAdministrative": "2775000000", "researchAndDevelopment": "0", "operatingExpenses": "3215000000", "investmentIncomeNet": "None", "netInterestIncome": "None", "interestIncome": "None", "interestExpense": "60000000", "nonInterestIncome": "None", "otherNonOperatingIncome": "None", "depreciation": "None", "depreciationAndAmortization": "430000000", "incomeBeforeTax": "321000000", "incomeTaxExpense": "116000000", "interestAndDebtExpense": "None", "netIncomeFromContinuingOperations": "0", "comprehensiveIncomeNetOfTax": "None", "ebit": "381000000", "ebitda": "811000000", "netIncome": "205000000"}, {"fiscalDateEnding": "2009-10-31", "reportedCurrency": "USD", "grossProfit": "4196000000", "totalRevenue": "11832000000", "costOfRevenue": "7636000000", "costofGoodsAndServicesSold": "7636000000", "operatingIncome": "999000000", "sellingGeneralAndAdministrative": "2882000000", "researchAndDevelopment": "0", "operatingExpenses": "3275000000", "investmentIncomeNet": "None", "netInterestIncome": "None", "interestIncome": "None", "interestExpense": "77000000", "nonInterestIncome": "None", "otherNonOperatingIncome": "None", "depreciation": "None", "depreciationAndAmortization": "433000000", "incomeBeforeTax": "528000000", "incomeTaxExpense": "184000000", "interestAndDebtExpense": "None", "netIncomeFromContinuingOperations": "344000000", "comprehensiveIncomeNetOfTax": "None", "ebit": "613000000", "ebitda": "1046000000", "netIncome": "344000000"}, {"fiscalDateEnding": "2009-07-31", "reportedCurrency": "USD", "grossProfit": "4823000000", "totalRevenue": "13844000000", "costOfRevenue": "9021000000", "costofGoodsAndServicesSold": "9021000000", "operatingIncome": "1714000000", "sellingGeneralAndAdministrative": "3109000000", "researchAndDevelopment": "0", "operatingExpenses": "3517000000", "investmentIncomeNet": "None", "netInterestIncome": "None", "interestIncome": "None", "interestExpense": "76000000", "nonInterestIncome": "None", "otherNonOperatingIncome": "None", "depreciation": "None", "depreciationAndAmortization": "408000000", "incomeBeforeTax": "1216000000", "incomeTaxExpense": "457000000", "interestAndDebtExpense": "None", "netIncomeFromContinuingOperations": "759000000", "comprehensiveIncomeNetOfTax": "None", "ebit": "1325000000", "ebitda": "1733000000", "netIncome": "759000000"}, {"fiscalDateEnding": "2009-04-30", "reportedCurrency": "USD", "grossProfit": "3890000000", "totalRevenue": "11375000000", "costOfRevenue": "7485000000", "costofGoodsAndServicesSold": "7485000000", "operatingIncome": "1252000000", "sellingGeneralAndAdministrative": "2957000000", "researchAndDevelopment": "0", "operatingExpenses": "3345000000", "investmentIncomeNet": "None", "netInterestIncome": "None", "interestIncome": "None", "interestExpense": "83000000", "nonInterestIncome": "None", "otherNonOperatingIncome": "None", "depreciation": "None", "depreciationAndAmortization": "434000000", "incomeBeforeTax": "760000000", "incomeTaxExpense": "284000000", "interestAndDebtExpense": "None", "netIncomeFromContinuingOperations": "0", "comprehensiveIncomeNetOfTax": "None", "ebit": "843000000", "ebitda": "1277000000", "netIncome": "476000000"}, {"fiscalDateEnding": "2009-01-31", "reportedCurrency": "USD", "grossProfit": "3368000000", "totalRevenue": "9984000000", "costOfRevenue": "6616000000", "costofGoodsAndServicesSold": "6616000000", "operatingIncome": "329000000", "sellingGeneralAndAdministrative": "2641000000", "researchAndDevelopment": "0", "operatingExpenses": "3039000000", "investmentIncomeNet": "None", "netInterestIncome": "None", "interestIncome": "None", "interestExpense": "198000000", "nonInterestIncome": "None", "otherNonOperatingIncome": "None", "depreciation": "None", "depreciationAndAmortization": "435000000", "incomeBeforeTax": "259000000", "incomeTaxExpense": "97000000", "interestAndDebtExpense": "None", "netIncomeFromContinuingOperations": "0", "comprehensiveIncomeNetOfTax": "None", "ebit": "329000000", "ebitda": "764000000", "netIncome": "162000000"}, {"fiscalDateEnding": "2008-10-31", "reportedCurrency": "USD", "grossProfit": "4166000000", "totalRevenue": "12009000000", "costOfRevenue": "7843000000", "costofGoodsAndServicesSold": "7843000000", "operatingIncome": "1124000000", "sellingGeneralAndAdministrative": "2757000000", "researchAndDevelopment": "0", "operatingExpenses": "3142000000", "investmentIncomeNet": "None", "netInterestIncome": "None", "interestIncome": "None", "interestExpense": "76000000", "nonInterestIncome": "None", "otherNonOperatingIncome": "None", "depreciation": "None", "depreciationAndAmortization": "416000000", "incomeBeforeTax": "778000000", "incomeTaxExpense": "290000000", "interestAndDebtExpense": "None", "netIncomeFromContinuingOperations": "0", "comprehensiveIncomeNetOfTax": "None", "ebit": "854000000", "ebitda": "1270000000", "netIncome": "488000000"}, {"fiscalDateEnding": "2008-07-31", "reportedCurrency": "USD", "grossProfit": "4982000000", "totalRevenue": "14509000000", "costOfRevenue": "9527000000", "costofGoodsAndServicesSold": "9527000000", "operatingIncome": "1566000000", "sellingGeneralAndAdministrative": "3035000000", "researchAndDevelopment": "0", "operatingExpenses": "3416000000", "investmentIncomeNet": "None", "netInterestIncome": "None", "interestIncome": "None", "interestExpense": "81000000", "nonInterestIncome": "None", "otherNonOperatingIncome": "None", "depreciation": "None", "depreciationAndAmortization": "412000000", "incomeBeforeTax": "1497000000", "incomeTaxExpense": "559000000", "interestAndDebtExpense": "None", "netIncomeFromContinuingOperations": "0", "comprehensiveIncomeNetOfTax": "None", "ebit": "1578000000", "ebitda": "1990000000", "netIncome": "938000000"}, {"fiscalDateEnding": "2008-04-30", "reportedCurrency": "USD", "grossProfit": "3985000000", "totalRevenue": "11728000000", "costOfRevenue": "7743000000", "costofGoodsAndServicesSold": "7743000000", "operatingIncome": "1048000000", "sellingGeneralAndAdministrative": "2743000000", "researchAndDevelopment": "0", "operatingExpenses": "3118000000", "investmentIncomeNet": "None", "netInterestIncome": "None", "interestIncome": "None", "interestExpense": "85000000", "nonInterestIncome": "None", "otherNonOperatingIncome": "None", "depreciation": "None", "depreciationAndAmortization": "404000000", "incomeBeforeTax": "972000000", "incomeTaxExpense": "365000000", "interestAndDebtExpense": "None", "netIncomeFromContinuingOperations": "0", "comprehensiveIncomeNetOfTax": "None", "ebit": "1057000000", "ebitda": "1461000000", "netIncome": "607000000"}, {"fiscalDateEnding": "2008-01-31", "reportedCurrency": "USD", "grossProfit": "3621000000", "totalRevenue": "10379000000", "costOfRevenue": "6758000000", "costofGoodsAndServicesSold": "6758000000", "operatingIncome": "699000000", "sellingGeneralAndAdministrative": "2550000000", "researchAndDevelopment": "0", "operatingExpenses": "2922000000", "investmentIncomeNet": "None", "netInterestIncome": "None", "interestIncome": "None", "interestExpense": "147000000", "nonInterestIncome": "None", "otherNonOperatingIncome": "None", "depreciation": "None", "depreciationAndAmortization": "395000000", "incomeBeforeTax": "653000000", "incomeTaxExpense": "245000000", "interestAndDebtExpense": "None", "netIncomeFromContinuingOperations": "0", "comprehensiveIncomeNetOfTax": "None", "ebit": "699000000", "ebitda": "1094000000", "netIncome": "408000000"}, {"fiscalDateEnding": "2007-10-31", "reportedCurrency": "USD", "grossProfit": "4259000000", "totalRevenue": "12172000000", "costOfRevenue": "7913000000", "costofGoodsAndServicesSold": "7913000000", "operatingIncome": "1687000000", "sellingGeneralAndAdministrative": "2544000000", "researchAndDevelopment": "0", "operatingExpenses": "2884000000", "investmentIncomeNet": "None", "netInterestIncome": "None", "interestIncome": "None", "interestExpense": "16000000", "nonInterestIncome": "None", "otherNonOperatingIncome": "None", "depreciation": "None", "depreciationAndAmortization": "368000000", "incomeBeforeTax": "1030000000", "incomeTaxExpense": "387000000", "interestAndDebtExpense": "None", "netIncomeFromContinuingOperations": "0", "comprehensiveIncomeNetOfTax": "None", "ebit": "1080000000", "ebitda": "1448000000", "netIncome": "643000000"}, {"fiscalDateEnding": "2007-07-31", "reportedCurrency": "USD", "grossProfit": "4883000000", "totalRevenue": "14167000000", "costOfRevenue": "9284000000", "costofGoodsAndServicesSold": "9284000000", "operatingIncome": "1686000000", "sellingGeneralAndAdministrative": "2865000000", "researchAndDevelopment": "0", "operatingExpenses": "3197000000", "investmentIncomeNet": "None", "netInterestIncome": "None", "interestIncome": "None", "interestExpense": "50000000", "nonInterestIncome": "None", "otherNonOperatingIncome": "None", "depreciation": "None", "depreciationAndAmortization": "356000000", "incomeBeforeTax": "1636000000", "incomeTaxExpense": "617000000", "interestAndDebtExpense": "None", "netIncomeFromContinuingOperations": "0", "comprehensiveIncomeNetOfTax": "None", "ebit": "1686000000", "ebitda": "2042000000", "netIncome": "1019000000"}, {"fiscalDateEnding": "2007-04-30", "reportedCurrency": "USD", "grossProfit": "3964000000", "totalRevenue": "11565000000", "costOfRevenue": "7601000000", "costofGoodsAndServicesSold": "7601000000", "operatingIncome": "1239000000", "sellingGeneralAndAdministrative": "2697000000", "researchAndDevelopment": "0", "operatingExpenses": "3020000000", "investmentIncomeNet": "None", "netInterestIncome": "None", "interestIncome": "None", "interestExpense": "113000000", "nonInterestIncome": "None", "otherNonOperatingIncome": "None", "depreciation": "None", "depreciationAndAmortization": "345000000", "incomeBeforeTax": "1192000000", "incomeTaxExpense": "453000000", "interestAndDebtExpense": "None", "netIncomeFromContinuingOperations": "0", "comprehensiveIncomeNetOfTax": "None", "ebit": "1239000000", "ebitda": "1584000000", "netIncome": "739000000"}, {"fiscalDateEnding": "2007-01-31", "reportedCurrency": "USD", "grossProfit": "3687000000", "totalRevenue": "10405000000", "costOfRevenue": "6718000000", "costofGoodsAndServicesSold": "6718000000", "operatingIncome": "996000000", "sellingGeneralAndAdministrative": "2384000000", "researchAndDevelopment": "0", "operatingExpenses": "2691000000", "investmentIncomeNet": "None", "netInterestIncome": "None", "interestIncome": "None", "interestExpense": "110000000", "nonInterestIncome": "None", "otherNonOperatingIncome": "None", "depreciation": "None", "depreciationAndAmortization": "330000000", "incomeBeforeTax": "952000000", "incomeTaxExpense": "339000000", "interestAndDebtExpense": "None", "netIncomeFromContinuingOperations": "0", "comprehensiveIncomeNetOfTax": "None", "ebit": "996000000", "ebitda": "1326000000", "netIncome": "613000000"}, {"fiscalDateEnding": "2006-10-31", "reportedCurrency": "USD", "grossProfit": "4169000000", "totalRevenue": "11921000000", "costOfRevenue": "7752000000", "costofGoodsAndServicesSold": "7752000000", "operatingIncome": "1204000000", "sellingGeneralAndAdministrative": "2364000000", "researchAndDevelopment": "0", "operatingExpenses": "2661000000", "investmentIncomeNet": "None", "netInterestIncome": "None", "interestIncome": "None", "interestExpense": "39000000", "nonInterestIncome": "None", "otherNonOperatingIncome": "None", "depreciation": "None", "depreciationAndAmortization": "316000000", "incomeBeforeTax": "1159000000", "incomeTaxExpense": "443000000", "interestAndDebtExpense": "None", "netIncomeFromContinuingOperations": "0", "comprehensiveIncomeNetOfTax": "None", "ebit": "1204000000", "ebitda": "1520000000", "netIncome": "716000000"}, {"fiscalDateEnding": "2006-07-31", "reportedCurrency": "USD", "grossProfit": "4478000000", "totalRevenue": "13389000000", "costOfRevenue": "8911000000", "costofGoodsAndServicesSold": "8911000000", "operatingIncome": "1550000000", "sellingGeneralAndAdministrative": "2645000000", "researchAndDevelopment": "0", "operatingExpenses": "2928000000", "investmentIncomeNet": "None", "netInterestIncome": "None", "interestIncome": "None", "interestExpense": "30000000", "nonInterestIncome": "None", "otherNonOperatingIncome": "None", "depreciation": "None", "depreciationAndAmortization": "301000000", "incomeBeforeTax": "1520000000", "incomeTaxExpense": "585000000", "interestAndDebtExpense": "None", "netIncomeFromContinuingOperations": "0", "comprehensiveIncomeNetOfTax": "None", "ebit": "1550000000", "ebitda": "1851000000", "netIncome": "935000000"}, {"fiscalDateEnding": "2006-04-30", "reportedCurrency": "USD", "grossProfit": "3865000000", "totalRevenue": "11211000000", "costOfRevenue": "7346000000", "costofGoodsAndServicesSold": "7346000000", "operatingIncome": "1403000000", "sellingGeneralAndAdministrative": "2492000000", "researchAndDevelopment": "0", "operatingExpenses": "2766000000", "investmentIncomeNet": "None", "netInterestIncome": "None", "interestIncome": "None", "interestExpense": "119000000", "nonInterestIncome": "None", "otherNonOperatingIncome": "None", "depreciation": "None", "depreciationAndAmortization": "290000000", "incomeBeforeTax": "1368000000", "incomeTaxExpense": "527000000", "interestAndDebtExpense": "None", "netIncomeFromContinuingOperations": "0", "comprehensiveIncomeNetOfTax": "None", "ebit": "1403000000", "ebitda": "1693000000", "netIncome": "841000000"}, {"fiscalDateEnding": "2006-01-31", "reportedCurrency": "USD", "grossProfit": "3753000000", "totalRevenue": "10808000000", "costOfRevenue": "7055000000", "costofGoodsAndServicesSold": "7055000000", "operatingIncome": "1165000000", "sellingGeneralAndAdministrative": "2360000000", "researchAndDevelopment": "0", "operatingExpenses": "2588000000", "investmentIncomeNet": "None", "netInterestIncome": "None", "interestIncome": "None", "interestExpense": "122000000", "nonInterestIncome": "None", "otherNonOperatingIncome": "None", "depreciation": "None", "depreciationAndAmortization": "280000000", "incomeBeforeTax": "1129000000", "incomeTaxExpense": "435000000", "interestAndDebtExpense": "None", "netIncomeFromContinuingOperations": "0", "comprehensiveIncomeNetOfTax": "None", "ebit": "1165000000", "ebitda": "1445000000", "netIncome": "694000000"}, {"fiscalDateEnding": "2005-10-31", "reportedCurrency": "USD", "grossProfit": "3415000000", "totalRevenue": "9913000000", "costOfRevenue": "6498000000", "costofGoodsAndServicesSold": "6498000000", "operatingIncome": "1091000000", "sellingGeneralAndAdministrative": "2247000000", "researchAndDevelopment": "0", "operatingExpenses": "2504000000", "investmentIncomeNet": "None", "netInterestIncome": "None", "interestIncome": "None", "interestExpense": "73000000", "nonInterestIncome": "None", "otherNonOperatingIncome": "None", "depreciation": "None", "depreciationAndAmortization": "266000000", "incomeBeforeTax": "1055000000", "incomeTaxExpense": "406000000", "interestAndDebtExpense": "None", "netIncomeFromContinuingOperations": "0", "comprehensiveIncomeNetOfTax": "None", "ebit": "1091000000", "ebitda": "1357000000", "netIncome": "649000000"}, {"fiscalDateEnding": "2005-07-31", "reportedCurrency": "USD", "grossProfit": "4037000000", "totalRevenue": "11929000000", "costOfRevenue": "7892000000", "costofGoodsAndServicesSold": "7892000000", "operatingIncome": "1402000000", "sellingGeneralAndAdministrative": "2388000000", "researchAndDevelopment": "0", "operatingExpenses": "2635000000", "investmentIncomeNet": "None", "netInterestIncome": "None", "interestIncome": "None", "interestExpense": "39000000", "nonInterestIncome": "None", "otherNonOperatingIncome": "None", "depreciation": "None", "depreciationAndAmortization": "252000000", "incomeBeforeTax": "1363000000", "incomeTaxExpense": "525000000", "interestAndDebtExpense": "None", "netIncomeFromContinuingOperations": "0", "comprehensiveIncomeNetOfTax": "None", "ebit": "1402000000", "ebitda": "1654000000", "netIncome": "838000000"}, {"fiscalDateEnding": "2005-04-30", "reportedCurrency": "USD", "grossProfit": "3595000000", "totalRevenue": "10592000000", "costOfRevenue": "6997000000", "costofGoodsAndServicesSold": "6997000000", "operatingIncome": "1006000000", "sellingGeneralAndAdministrative": "2161000000", "researchAndDevelopment": "0", "operatingExpenses": "2409000000", "investmentIncomeNet": "None", "netInterestIncome": "None", "interestIncome": "None", "interestExpense": "10000000", "nonInterestIncome": "None", "otherNonOperatingIncome": "None", "depreciation": "None", "depreciationAndAmortization": "253000000", "incomeBeforeTax": "959000000", "incomeTaxExpense": "369000000", "interestAndDebtExpense": "None", "netIncomeFromContinuingOperations": "0", "comprehensiveIncomeNetOfTax": "None", "ebit": "1006000000", "ebitda": "1259000000", "netIncome": "590000000"}, {"fiscalDateEnding": "2005-01-31", "reportedCurrency": "USD", "grossProfit": "2990000000", "totalRevenue": "8550000000", "costOfRevenue": "5560000000", "costofGoodsAndServicesSold": "5560000000", "operatingIncome": "847000000", "sellingGeneralAndAdministrative": "1885000000", "researchAndDevelopment": "0", "operatingExpenses": "2143000000", "investmentIncomeNet": "None", "netInterestIncome": "None", "interestIncome": "None", "interestExpense": "133000000", "nonInterestIncome": "None", "otherNonOperatingIncome": "None", "depreciation": "None", "depreciationAndAmortization": "257000000", "incomeBeforeTax": "804000000", "incomeTaxExpense": "309000000", "interestAndDebtExpense": "None", "netIncomeFromContinuingOperations": "0", "comprehensiveIncomeNetOfTax": "None", "ebit": "847000000", "ebitda": "1104000000", "netIncome": "495000000"}]}