{"symbol": "UDR", "annualReports": [{"fiscalDateEnding": "2024-12-31", "reportedCurrency": "USD", "grossProfit": "1147140000", "totalRevenue": "1671842000", "costOfRevenue": "524702000", "costofGoodsAndServicesSold": "524702000", "operatingIncome": "284569000", "sellingGeneralAndAdministrative": "84305000", "researchAndDevelopment": "None", "operatingExpenses": "879438000", "investmentIncomeNet": "None", "netInterestIncome": "-208048000", "interestIncome": "None", "interestExpense": "208048000", "nonInterestIncome": "None", "otherNonOperatingIncome": "None", "depreciation": "None", "depreciationAndAmortization": "695473000", "incomeBeforeTax": "96756000", "incomeTaxExpense": "12006000", "interestAndDebtExpense": "None", "netIncomeFromContinuingOperations": "95877000", "comprehensiveIncomeNetOfTax": "None", "ebit": "304804000", "ebitda": "1000277000", "netIncome": "84750000"}, {"fiscalDateEnding": "2023-12-31", "reportedCurrency": "USD", "grossProfit": "1078142000", "totalRevenue": "1627501000", "costOfRevenue": "549359000", "costofGoodsAndServicesSold": "549359000", "operatingIncome": "635008000", "sellingGeneralAndAdministrative": "69929000", "researchAndDevelopment": "0.29", "operatingExpenses": "472127000", "investmentIncomeNet": "None", "netInterestIncome": "-163107000", "interestIncome": "17759000", "interestExpense": "180866000", "nonInterestIncome": "None", "otherNonOperatingIncome": "None", "depreciation": "None", "depreciationAndAmortization": "691838000", "incomeBeforeTax": "476594000", "incomeTaxExpense": "2106000", "interestAndDebtExpense": "None", "netIncomeFromContinuingOperations": "474488000", "comprehensiveIncomeNetOfTax": "None", "ebit": "657460000", "ebitda": "1349298000", "netIncome": "444353000"}, {"fiscalDateEnding": "2022-12-31", "reportedCurrency": "USD", "grossProfit": "331034000", "totalRevenue": "1517386000", "costOfRevenue": "1186352000", "costofGoodsAndServicesSold": "1186352000", "operatingIncome": "250814000", "sellingGeneralAndAdministrative": "64144000", "researchAndDevelopment": "0.06", "operatingExpenses": "95981000", "investmentIncomeNet": "None", "netInterestIncome": "-162833000", "interestIncome": "157886000", "interestExpense": "162833000", "nonInterestIncome": "None", "otherNonOperatingIncome": "-1986000", "depreciation": "None", "depreciationAndAmortization": "1282333000", "incomeBeforeTax": "92928000", "incomeTaxExpense": "349000", "interestAndDebtExpense": "None", "netIncomeFromContinuingOperations": "92579000", "comprehensiveIncomeNetOfTax": "None", "ebit": "-367708000", "ebitda": "914625000", "netIncome": "86924000"}, {"fiscalDateEnding": "2021-12-31", "reportedCurrency": "USD", "grossProfit": "228039000", "totalRevenue": "1290767000", "costOfRevenue": "1062728000", "costofGoodsAndServicesSold": "1062728000", "operatingIncome": "267968000", "sellingGeneralAndAdministrative": "57541000", "researchAndDevelopment": "0.13", "operatingExpenses": "92375000", "investmentIncomeNet": "None", "netInterestIncome": "-128846000", "interestIncome": "15085000", "interestExpense": "186267000", "nonInterestIncome": "None", "otherNonOperatingIncome": "80731000", "depreciation": "None", "depreciationAndAmortization": "1155103000", "incomeBeforeTax": "162432000", "incomeTaxExpense": "1439000", "interestAndDebtExpense": "None", "netIncomeFromContinuingOperations": "160993000", "comprehensiveIncomeNetOfTax": "None", "ebit": "-399606000", "ebitda": "755497000", "netIncome": "150016000"}, {"fiscalDateEnding": "2020-12-31", "reportedCurrency": "USD", "grossProfit": "214617000", "totalRevenue": "1241165000", "costOfRevenue": "1026548000", "costofGoodsAndServicesSold": "1026548000", "operatingIncome": "150801000", "sellingGeneralAndAdministrative": "49885000", "researchAndDevelopment": "None", "operatingExpenses": "82660000", "investmentIncomeNet": "None", "netInterestIncome": "-147242000", "interestIncome": "128398000", "interestExpense": "147242000", "nonInterestIncome": "None", "otherNonOperatingIncome": "25118000", "depreciation": "None", "depreciationAndAmortization": "10013000", "incomeBeforeTax": "71515000", "incomeTaxExpense": "2545000", "interestAndDebtExpense": "None", "netIncomeFromContinuingOperations": "68970000", "comprehensiveIncomeNetOfTax": "None", "ebit": "150801000", "ebitda": "160814000", "netIncome": "64266000"}, {"fiscalDateEnding": "2019-12-31", "reportedCurrency": "USD", "grossProfit": "288380000", "totalRevenue": "1152193000", "costOfRevenue": "863813000", "costofGoodsAndServicesSold": "863813000", "operatingIncome": "369526000", "sellingGeneralAndAdministrative": "51533000", "researchAndDevelopment": "0.18", "operatingExpenses": "72131000", "investmentIncomeNet": "None", "netInterestIncome": "-155513000", "interestIncome": "15404000", "interestExpense": "170917000", "nonInterestIncome": "None", "otherNonOperatingIncome": "153277000", "depreciation": "None", "depreciationAndAmortization": "935944000", "incomeBeforeTax": "203417000", "incomeTaxExpense": "3838000", "interestAndDebtExpense": "None", "netIncomeFromContinuingOperations": "199579000", "comprehensiveIncomeNetOfTax": "None", "ebit": "-211772000", "ebitda": "724172000", "netIncome": "184965000"}, {"fiscalDateEnding": "2018-12-31", "reportedCurrency": "USD", "grossProfit": "286398000", "totalRevenue": "1046859000", "costOfRevenue": "760461000", "costofGoodsAndServicesSold": "760461000", "operatingIncome": "354718000", "sellingGeneralAndAdministrative": "46983000", "researchAndDevelopment": "0.21", "operatingExpenses": "65756000", "investmentIncomeNet": "None", "netInterestIncome": "-127433000", "interestIncome": "6735000", "interestExpense": "134168000", "nonInterestIncome": "None", "otherNonOperatingIncome": "1680000", "depreciation": "None", "depreciationAndAmortization": "826217000", "incomeBeforeTax": "86033000", "incomeTaxExpense": "688000", "interestAndDebtExpense": "None", "netIncomeFromContinuingOperations": "221542000", "comprehensiveIncomeNetOfTax": "None", "ebit": "-174951000", "ebitda": "651266000", "netIncome": "203106000"}, {"fiscalDateEnding": "2017-12-31", "reportedCurrency": "USD", "grossProfit": "252863000", "totalRevenue": "995791000", "costOfRevenue": "742928000", "costofGoodsAndServicesSold": "742928000", "operatingIncome": "184494000", "sellingGeneralAndAdministrative": "48195000", "researchAndDevelopment": "0.13", "operatingExpenses": "63663000", "investmentIncomeNet": "None", "netInterestIncome": "-126740000", "interestIncome": "1971000", "interestExpense": "128711000", "nonInterestIncome": "None", "otherNonOperatingIncome": "76632000", "depreciation": "None", "depreciationAndAmortization": "806699000", "incomeBeforeTax": "89011000", "incomeTaxExpense": "-240000", "interestAndDebtExpense": "None", "netIncomeFromContinuingOperations": "89251000", "comprehensiveIncomeNetOfTax": "None", "ebit": "-150151000", "ebitda": "656548000", "netIncome": "121558000"}, {"fiscalDateEnding": "2016-12-31", "reportedCurrency": "USD", "grossProfit": "238787000", "totalRevenue": "959861000", "costOfRevenue": "721074000", "costofGoodsAndServicesSold": "721074000", "operatingIncome": "174622000", "sellingGeneralAndAdministrative": "49548000", "researchAndDevelopment": "0.11", "operatingExpenses": "63220000", "investmentIncomeNet": "None", "netInterestIncome": "-121101000", "interestIncome": "1930000", "interestExpense": "123031000", "nonInterestIncome": "None", "otherNonOperatingIncome": "52234000", "depreciation": "None", "depreciationAndAmortization": "784310000", "incomeBeforeTax": "105755000", "incomeTaxExpense": "-3774000", "interestAndDebtExpense": "None", "netIncomeFromContinuingOperations": "109529000", "comprehensiveIncomeNetOfTax": "None", "ebit": "-178584000", "ebitda": "605726000", "netIncome": "292718000"}, {"fiscalDateEnding": "2015-12-31", "reportedCurrency": "USD", "grossProfit": "238003000", "totalRevenue": "894638000", "costOfRevenue": "656635000", "costofGoodsAndServicesSold": "656635000", "operatingIncome": "159591000", "sellingGeneralAndAdministrative": "57564000", "researchAndDevelopment": "0", "operatingExpenses": "73951000", "investmentIncomeNet": "None", "netInterestIncome": "None", "interestIncome": "57995000", "interestExpense": "121875000", "nonInterestIncome": "None", "otherNonOperatingIncome": "62329000", "depreciation": "None", "depreciationAndAmortization": "6679000", "incomeBeforeTax": "101596000", "incomeTaxExpense": "-3886000", "interestAndDebtExpense": "None", "netIncomeFromContinuingOperations": "105482000", "comprehensiveIncomeNetOfTax": "None", "ebit": "541553000", "ebitda": "548232000", "netIncome": "340383000"}, {"fiscalDateEnding": "2014-12-31", "reportedCurrency": "USD", "grossProfit": "189151000", "totalRevenue": "818046000", "costOfRevenue": "628895000", "costofGoodsAndServicesSold": "628895000", "operatingIncome": "126764000", "sellingGeneralAndAdministrative": "47427000", "researchAndDevelopment": "0", "operatingExpenses": "61473000", "investmentIncomeNet": "None", "netInterestIncome": "None", "interestIncome": "None", "interestExpense": "130454000", "nonInterestIncome": "None", "otherNonOperatingIncome": "143572000", "depreciation": "None", "depreciationAndAmortization": "5775000", "incomeBeforeTax": "1162000", "incomeTaxExpense": "-15098000", "interestAndDebtExpense": "None", "netIncomeFromContinuingOperations": "16260000", "comprehensiveIncomeNetOfTax": "None", "ebit": "478453000", "ebitda": "484228000", "netIncome": "154334000"}, {"fiscalDateEnding": "2013-12-31", "reportedCurrency": "USD", "grossProfit": "160782000", "totalRevenue": "758926000", "costOfRevenue": "598144000", "costofGoodsAndServicesSold": "598144000", "operatingIncome": "116920000", "sellingGeneralAndAdministrative": "42238000", "researchAndDevelopment": "0", "operatingExpenses": "56115000", "investmentIncomeNet": "None", "netInterestIncome": "None", "interestIncome": "None", "interestExpense": "126083000", "nonInterestIncome": "None", "otherNonOperatingIncome": "4619000", "depreciation": "None", "depreciationAndAmortization": "6741000", "incomeBeforeTax": "-4959000", "incomeTaxExpense": "-7299000", "interestAndDebtExpense": "None", "netIncomeFromContinuingOperations": "2340000", "comprehensiveIncomeNetOfTax": "None", "ebit": "462614000", "ebitda": "469355000", "netIncome": "44812000"}, {"fiscalDateEnding": "2012-12-31", "reportedCurrency": "USD", "grossProfit": "120758000", "totalRevenue": "713928000", "costOfRevenue": "593170000", "costofGoodsAndServicesSold": "593170000", "operatingIncome": "-64739000", "sellingGeneralAndAdministrative": "28880000", "researchAndDevelopment": "0", "operatingExpenses": "38733000", "investmentIncomeNet": "None", "netInterestIncome": "None", "interestIncome": "None", "interestExpense": "138792000", "nonInterestIncome": "None", "otherNonOperatingIncome": "-8579000", "depreciation": "None", "depreciationAndAmortization": "4105000", "incomeBeforeTax": "-73318000", "incomeTaxExpense": "-30282000", "interestAndDebtExpense": "None", "netIncomeFromContinuingOperations": "-43036000", "comprehensiveIncomeNetOfTax": "None", "ebit": "412605000", "ebitda": "416710000", "netIncome": "212177000"}, {"fiscalDateEnding": "2011-12-31", "reportedCurrency": "USD", "grossProfit": "532696000", "totalRevenue": "691263000", "costOfRevenue": "158567000", "costofGoodsAndServicesSold": "158567000", "operatingIncome": "-110931000", "sellingGeneralAndAdministrative": "131750000", "researchAndDevelopment": "0", "operatingExpenses": "494828000", "investmentIncomeNet": "None", "netInterestIncome": "None", "interestIncome": "None", "interestExpense": "156366000", "nonInterestIncome": "None", "otherNonOperatingIncome": "-6352000", "depreciation": "None", "depreciationAndAmortization": "356011000", "incomeBeforeTax": "-117283000", "incomeTaxExpense": "-5647000", "interestAndDebtExpense": "None", "netIncomeFromContinuingOperations": "-111636000", "comprehensiveIncomeNetOfTax": "None", "ebit": "42113000", "ebitda": "398124000", "netIncome": "20023000"}, {"fiscalDateEnding": "2010-12-31", "reportedCurrency": "USD", "grossProfit": "494072000", "totalRevenue": "642392000", "costOfRevenue": "148320000", "costofGoodsAndServicesSold": "148320000", "operatingIncome": "-107109000", "sellingGeneralAndAdministrative": "131079000", "researchAndDevelopment": "0", "operatingExpenses": "449655000", "investmentIncomeNet": "None", "netInterestIncome": "None", "interestIncome": "None", "interestExpense": "142254000", "nonInterestIncome": "None", "otherNonOperatingIncome": "-4204000", "depreciation": "None", "depreciationAndAmortization": "307994000", "incomeBeforeTax": "-20735000", "incomeTaxExpense": "147316000", "interestAndDebtExpense": "None", "netIncomeFromContinuingOperations": "-111313000", "comprehensiveIncomeNetOfTax": "None", "ebit": "-102002000", "ebitda": "205992000", "netIncome": "-102899000"}, {"fiscalDateEnding": "2009-12-31", "reportedCurrency": "USD", "grossProfit": "112181000", "totalRevenue": "617173000", "costOfRevenue": "504992000", "costofGoodsAndServicesSold": "504992000", "operatingIncome": "-75071000", "sellingGeneralAndAdministrative": "39812000", "researchAndDevelopment": "None", "operatingExpenses": "44973000", "investmentIncomeNet": "None", "netInterestIncome": "None", "interestIncome": "None", "interestExpense": "136089000", "nonInterestIncome": "None", "otherNonOperatingIncome": "None", "depreciation": "None", "depreciationAndAmortization": "283552000", "incomeBeforeTax": "-94358000", "incomeTaxExpense": "-311000", "interestAndDebtExpense": "None", "netIncomeFromContinuingOperations": "None", "comprehensiveIncomeNetOfTax": "None", "ebit": "-84131000", "ebitda": "199421000", "netIncome": "-87532000"}, {"fiscalDateEnding": "2008-12-31", "reportedCurrency": "USD", "grossProfit": "351977000", "totalRevenue": "563408000", "costOfRevenue": "211431000", "costofGoodsAndServicesSold": "211431000", "operatingIncome": "351977000", "sellingGeneralAndAdministrative": "47179000", "researchAndDevelopment": "None", "operatingExpenses": "370133000", "investmentIncomeNet": "None", "netInterestIncome": "None", "interestIncome": "None", "interestExpense": "143018000", "nonInterestIncome": "None", "otherNonOperatingIncome": "None", "depreciation": "None", "depreciationAndAmortization": "256850000", "incomeBeforeTax": "-3612000", "incomeTaxExpense": "-9713000", "interestAndDebtExpense": "None", "netIncomeFromContinuingOperations": "None", "comprehensiveIncomeNetOfTax": "None", "ebit": "-86464000", "ebitda": "170386000", "netIncome": "724846000"}, {"fiscalDateEnding": "2007-12-31", "reportedCurrency": "USD", "grossProfit": "312398000", "totalRevenue": "500194000", "costOfRevenue": "187796000", "costofGoodsAndServicesSold": "187796000", "operatingIncome": "-100596000", "sellingGeneralAndAdministrative": "39566000", "researchAndDevelopment": "None", "operatingExpenses": "233984000", "investmentIncomeNet": "None", "netInterestIncome": "None", "interestIncome": "None", "interestExpense": "161761000", "nonInterestIncome": "None", "otherNonOperatingIncome": "None", "depreciation": "None", "depreciationAndAmortization": "261037000", "incomeBeforeTax": "221349000", "incomeTaxExpense": "-142919000", "interestAndDebtExpense": "None", "netIncomeFromContinuingOperations": "None", "comprehensiveIncomeNetOfTax": "None", "ebit": "-31052000", "ebitda": "229985000", "netIncome": "221349000"}, {"fiscalDateEnding": "2006-12-31", "reportedCurrency": "USD", "grossProfit": "422989000", "totalRevenue": "698058000", "costOfRevenue": "275069000", "costofGoodsAndServicesSold": "275069000", "operatingIncome": "-30026000", "sellingGeneralAndAdministrative": "31198000", "researchAndDevelopment": "None", "operatingExpenses": "270730000", "investmentIncomeNet": "None", "netInterestIncome": "None", "interestIncome": "None", "interestExpense": "179074000", "nonInterestIncome": "None", "otherNonOperatingIncome": "None", "depreciation": "None", "depreciationAndAmortization": "246934000", "incomeBeforeTax": "128605000", "incomeTaxExpense": "26273000", "interestAndDebtExpense": "None", "netIncomeFromContinuingOperations": "None", "comprehensiveIncomeNetOfTax": "None", "ebit": "87204000", "ebitda": "334138000", "netIncome": "128605000"}, {"fiscalDateEnding": "2005-12-31", "reportedCurrency": "USD", "grossProfit": "425187000", "totalRevenue": "701217000", "costOfRevenue": "276030000", "costofGoodsAndServicesSold": "276030000", "operatingIncome": "18590000", "sellingGeneralAndAdministrative": "24819000", "researchAndDevelopment": "None", "operatingExpenses": "244089000", "investmentIncomeNet": "None", "netInterestIncome": "None", "interestIncome": "None", "interestExpense": "162773000", "nonInterestIncome": "None", "otherNonOperatingIncome": "None", "depreciation": "None", "depreciationAndAmortization": "215192000", "incomeBeforeTax": "155166000", "incomeTaxExpense": "25644000", "interestAndDebtExpense": "None", "netIncomeFromContinuingOperations": "None", "comprehensiveIncomeNetOfTax": "None", "ebit": "162692000", "ebitda": "377884000", "netIncome": "155166000"}], "quarterlyReports": [{"fiscalDateEnding": "2024-12-31", "reportedCurrency": "USD", "grossProfit": "114181000", "totalRevenue": "422728000", "costOfRevenue": "308547000", "costofGoodsAndServicesSold": "308547000", "operatingIncome": "66288000", "sellingGeneralAndAdministrative": "25469000", "researchAndDevelopment": "None", "operatingExpenses": "47893000", "investmentIncomeNet": "None", "netInterestIncome": "-80483000", "interestIncome": "None", "interestExpense": "61961000", "nonInterestIncome": "None", "otherNonOperatingIncome": "None", "depreciation": "None", "depreciationAndAmortization": "171827000", "incomeBeforeTax": "-5211000", "incomeTaxExpense": "312000", "interestAndDebtExpense": "None", "netIncomeFromContinuingOperations": "-5523000", "comprehensiveIncomeNetOfTax": "None", "ebit": "56750000", "ebitda": "228577000", "netIncome": "-5044000"}, {"fiscalDateEnding": "2024-09-30", "reportedCurrency": "USD", "grossProfit": "272906000", "totalRevenue": "420160000", "costOfRevenue": "147254000", "costofGoodsAndServicesSold": "147254000", "operatingIncome": "69856000", "sellingGeneralAndAdministrative": "20890000", "researchAndDevelopment": "None", "operatingExpenses": "210256000", "investmentIncomeNet": "None", "netInterestIncome": "-44055000", "interestIncome": "6159000", "interestExpense": "50214000", "nonInterestIncome": "None", "otherNonOperatingIncome": "None", "depreciation": "None", "depreciationAndAmortization": "174305000", "incomeBeforeTax": "23921000", "incomeTaxExpense": "-156000", "interestAndDebtExpense": "None", "netIncomeFromContinuingOperations": "24077000", "comprehensiveIncomeNetOfTax": "None", "ebit": "71329000", "ebitda": "245634000", "netIncome": "22597000"}, {"fiscalDateEnding": "2024-06-30", "reportedCurrency": "USD", "grossProfit": "89800000", "totalRevenue": "415320000", "costOfRevenue": "325520000", "costofGoodsAndServicesSold": "325520000", "operatingIncome": "69664000", "sellingGeneralAndAdministrative": "20136000", "researchAndDevelopment": "None", "operatingExpenses": "32408000", "investmentIncomeNet": "None", "netInterestIncome": "-41313000", "interestIncome": "6498000", "interestExpense": "47811000", "nonInterestIncome": "None", "otherNonOperatingIncome": "None", "depreciation": "None", "depreciationAndAmortization": "175167000", "incomeBeforeTax": "31399000", "incomeTaxExpense": "386000", "interestAndDebtExpense": "None", "netIncomeFromContinuingOperations": "31013000", "comprehensiveIncomeNetOfTax": "None", "ebit": "69664000", "ebitda": "244831000", "netIncome": "28883000"}, {"fiscalDateEnding": "2024-03-31", "reportedCurrency": "USD", "grossProfit": "86980000", "totalRevenue": "413634000", "costOfRevenue": "326654000", "costofGoodsAndServicesSold": "326654000", "operatingIncome": "69170000", "sellingGeneralAndAdministrative": "17810000", "researchAndDevelopment": "None", "operatingExpenses": "17810000", "investmentIncomeNet": "None", "netInterestIncome": "-42197000", "interestIncome": "5865000", "interestExpense": "48062000", "nonInterestIncome": "None", "otherNonOperatingIncome": "None", "depreciation": "None", "depreciationAndAmortization": "174174000", "incomeBeforeTax": "46647000", "incomeTaxExpense": "337000", "interestAndDebtExpense": "None", "netIncomeFromContinuingOperations": "46310000", "comprehensiveIncomeNetOfTax": "None", "ebit": "69170000", "ebitda": "243344000", "netIncome": "43149000"}, {"fiscalDateEnding": "2023-12-31", "reportedCurrency": "USD", "grossProfit": "97875000", "totalRevenue": "413273000", "costOfRevenue": "315398000", "costofGoodsAndServicesSold": "315398000", "operatingIncome": "68717000", "sellingGeneralAndAdministrative": "20838000", "researchAndDevelopment": "None", "operatingExpenses": "29158000", "investmentIncomeNet": "None", "netInterestIncome": "-37976000", "interestIncome": "9371000", "interestExpense": "47347000", "nonInterestIncome": "None", "otherNonOperatingIncome": "None", "depreciation": "None", "depreciationAndAmortization": "175040000", "incomeBeforeTax": "36054000", "incomeTaxExpense": "93000", "interestAndDebtExpense": "None", "netIncomeFromContinuingOperations": "35961000", "comprehensiveIncomeNetOfTax": "None", "ebit": "68717000", "ebitda": "243757000", "netIncome": "32986000"}, {"fiscalDateEnding": "2023-09-30", "reportedCurrency": "USD", "grossProfit": "99606000", "totalRevenue": "410131000", "costOfRevenue": "310525000", "costofGoodsAndServicesSold": "310525000", "operatingIncome": "78072000", "sellingGeneralAndAdministrative": "15159000", "researchAndDevelopment": "None", "operatingExpenses": "23462000", "investmentIncomeNet": "None", "netInterestIncome": "-47733000", "interestIncome": "42225000", "interestExpense": "47733000", "nonInterestIncome": "None", "otherNonOperatingIncome": "None", "depreciation": "None", "depreciationAndAmortization": "171243000", "incomeBeforeTax": "35847000", "incomeTaxExpense": "428000", "interestAndDebtExpense": "None", "netIncomeFromContinuingOperations": "35419000", "comprehensiveIncomeNetOfTax": "None", "ebit": "76144000", "ebitda": "247387000", "netIncome": "32858000"}, {"fiscalDateEnding": "2023-06-30", "reportedCurrency": "USD", "grossProfit": "96145000", "totalRevenue": "404548000", "costOfRevenue": "308403000", "costofGoodsAndServicesSold": "308403000", "operatingIncome": "396503000", "sellingGeneralAndAdministrative": "16452000", "researchAndDevelopment": "None", "operatingExpenses": "24392000", "investmentIncomeNet": "None", "netInterestIncome": "-34666000", "interestIncome": "10447000", "interestExpense": "45113000", "nonInterestIncome": "None", "otherNonOperatingIncome": "20144000", "depreciation": "None", "depreciationAndAmortization": "172606000", "incomeBeforeTax": "371534000", "incomeTaxExpense": "1351000", "interestAndDebtExpense": "None", "netIncomeFromContinuingOperations": "370183000", "comprehensiveIncomeNetOfTax": "None", "ebit": "71753000", "ebitda": "244359000", "netIncome": "347545000"}, {"fiscalDateEnding": "2023-03-31", "reportedCurrency": "USD", "grossProfit": "94500000", "totalRevenue": "399549000", "costOfRevenue": "305049000", "costofGoodsAndServicesSold": "305049000", "operatingIncome": "66184000", "sellingGeneralAndAdministrative": "17480000", "researchAndDevelopment": "None", "operatingExpenses": "24161000", "investmentIncomeNet": "None", "netInterestIncome": "-42732000", "interestIncome": "1010000", "interestExpense": "43742000", "nonInterestIncome": "None", "otherNonOperatingIncome": "10717000", "depreciation": "None", "depreciationAndAmortization": "172949000", "incomeBeforeTax": "33159000", "incomeTaxExpense": "234000", "interestAndDebtExpense": "None", "netIncomeFromContinuingOperations": "32925000", "comprehensiveIncomeNetOfTax": "None", "ebit": "70339000", "ebitda": "243288000", "netIncome": "30964000"}, {"fiscalDateEnding": "2022-12-31", "reportedCurrency": "USD", "grossProfit": "97940000", "totalRevenue": "399656000", "costOfRevenue": "301716000", "costofGoodsAndServicesSold": "301716000", "operatingIncome": "89269000", "sellingGeneralAndAdministrative": "16811000", "researchAndDevelopment": "None", "operatingExpenses": "25642000", "investmentIncomeNet": "None", "netInterestIncome": "-43246000", "interestIncome": "42485000", "interestExpense": "36313000", "nonInterestIncome": "None", "otherNonOperatingIncome": "762000", "depreciation": "None", "depreciationAndAmortization": "172064000", "incomeBeforeTax": "46784000", "incomeTaxExpense": "-683000", "interestAndDebtExpense": "None", "netIncomeFromContinuingOperations": "47467000", "comprehensiveIncomeNetOfTax": "None", "ebit": "72298000", "ebitda": "244362000", "netIncome": "44530000"}, {"fiscalDateEnding": "2022-09-30", "reportedCurrency": "USD", "grossProfit": "86836000", "totalRevenue": "391297000", "costOfRevenue": "304461000", "costofGoodsAndServicesSold": "304461000", "operatingIncome": "62919000", "sellingGeneralAndAdministrative": "15840000", "researchAndDevelopment": "None", "operatingExpenses": "328378000", "investmentIncomeNet": "None", "netInterestIncome": "-47400000", "interestIncome": "37397000", "interestExpense": "47400000", "nonInterestIncome": "None", "otherNonOperatingIncome": "2508000", "depreciation": "None", "depreciationAndAmortization": "166781000", "incomeBeforeTax": "25522000", "incomeTaxExpense": "377000", "interestAndDebtExpense": "None", "netIncomeFromContinuingOperations": "25145000", "comprehensiveIncomeNetOfTax": "None", "ebit": "71382000", "ebitda": "241593000", "netIncome": "25145000"}, {"fiscalDateEnding": "2022-06-30", "reportedCurrency": "USD", "grossProfit": "255974000", "totalRevenue": "369167000", "costOfRevenue": "113193000", "costofGoodsAndServicesSold": "113193000", "operatingIncome": "50736000", "sellingGeneralAndAdministrative": "16585000", "researchAndDevelopment": "None", "operatingExpenses": "318431000", "investmentIncomeNet": "None", "netInterestIncome": "-33831000", "interestIncome": "3001000", "interestExpense": "36832000", "nonInterestIncome": "None", "otherNonOperatingIncome": "-8228000", "depreciation": "None", "depreciationAndAmortization": "167584000", "incomeBeforeTax": "5676000", "incomeTaxExpense": "312000", "interestAndDebtExpense": "None", "netIncomeFromContinuingOperations": "5364000", "comprehensiveIncomeNetOfTax": "None", "ebit": "42228000", "ebitda": "212828000", "netIncome": "5084000"}, {"fiscalDateEnding": "2022-03-31", "reportedCurrency": "USD", "grossProfit": "245018000", "totalRevenue": "357266000", "costOfRevenue": "112248000", "costofGoodsAndServicesSold": "112248000", "operatingIncome": "47890000", "sellingGeneralAndAdministrative": "14908000", "researchAndDevelopment": "None", "operatingExpenses": "309376000", "investmentIncomeNet": "None", "netInterestIncome": "-38356000", "interestIncome": "32944000", "interestExpense": "38356000", "nonInterestIncome": "None", "otherNonOperatingIncome": "2972000", "depreciation": "None", "depreciationAndAmortization": "166697000", "incomeBeforeTax": "14946000", "incomeTaxExpense": "343000", "interestAndDebtExpense": "None", "netIncomeFromContinuingOperations": "14603000", "comprehensiveIncomeNetOfTax": "None", "ebit": "52404000", "ebitda": "219101000", "netIncome": "14603000"}, {"fiscalDateEnding": "2021-12-31", "reportedCurrency": "USD", "grossProfit": "239135000", "totalRevenue": "348208000", "costOfRevenue": "109073000", "costofGoodsAndServicesSold": "109073000", "operatingIncome": "123941000", "sellingGeneralAndAdministrative": "13868000", "researchAndDevelopment": "None", "operatingExpenses": "309490000", "investmentIncomeNet": "None", "netInterestIncome": "-34164000", "interestIncome": "2254000", "interestExpense": "36418000", "nonInterestIncome": "None", "otherNonOperatingIncome": "38777000", "depreciation": "None", "depreciationAndAmortization": "168468000", "incomeBeforeTax": "126300000", "incomeTaxExpense": "156000", "interestAndDebtExpense": "None", "netIncomeFromContinuingOperations": "126144000", "comprehensiveIncomeNetOfTax": "None", "ebit": "154035000", "ebitda": "322503000", "netIncome": "128268000"}, {"fiscalDateEnding": "2021-09-30", "reportedCurrency": "USD", "grossProfit": "220551000", "totalRevenue": "329770000", "costOfRevenue": "109219000", "costofGoodsAndServicesSold": "109219000", "operatingIncome": "33170000", "sellingGeneralAndAdministrative": "15810000", "researchAndDevelopment": "None", "operatingExpenses": "296600000", "investmentIncomeNet": "None", "netInterestIncome": "-27665000", "interestIncome": "8238000", "interestExpense": "36289000", "nonInterestIncome": "None", "otherNonOperatingIncome": "22688000", "depreciation": "None", "depreciationAndAmortization": "155905000", "incomeBeforeTax": "19569000", "incomeTaxExpense": "529000", "interestAndDebtExpense": "None", "netIncomeFromContinuingOperations": "19040000", "comprehensiveIncomeNetOfTax": "None", "ebit": "54549000", "ebitda": "210454000", "netIncome": "17731000"}, {"fiscalDateEnding": "2021-06-30", "reportedCurrency": "USD", "grossProfit": "210868000", "totalRevenue": "311348000", "costOfRevenue": "100480000", "costofGoodsAndServicesSold": "100480000", "operatingIncome": "35787000", "sellingGeneralAndAdministrative": "15127000", "researchAndDevelopment": "None", "operatingExpenses": "275561000", "investmentIncomeNet": "None", "netInterestIncome": "-32868000", "interestIncome": "2536000", "interestExpense": "35404000", "nonInterestIncome": "None", "otherNonOperatingIncome": "12287000", "depreciation": "None", "depreciationAndAmortization": "148771000", "incomeBeforeTax": "12670000", "incomeTaxExpense": "135000", "interestAndDebtExpense": "None", "netIncomeFromContinuingOperations": "12535000", "comprehensiveIncomeNetOfTax": "None", "ebit": "47259000", "ebitda": "196030000", "netIncome": "11720000"}, {"fiscalDateEnding": "2021-03-31", "reportedCurrency": "USD", "grossProfit": "202673000", "totalRevenue": "301441000", "costOfRevenue": "98768000", "costofGoodsAndServicesSold": "98768000", "operatingIncome": "75070000", "sellingGeneralAndAdministrative": "12736000", "researchAndDevelopment": "None", "operatingExpenses": "277200000", "investmentIncomeNet": "None", "netInterestIncome": "-34149000", "interestIncome": "2057000", "interestExpense": "78156000", "nonInterestIncome": "None", "otherNonOperatingIncome": "6979000", "depreciation": "None", "depreciationAndAmortization": "146689000", "incomeBeforeTax": "3893000", "incomeTaxExpense": "619000", "interestAndDebtExpense": "None", "netIncomeFromContinuingOperations": "3274000", "comprehensiveIncomeNetOfTax": "None", "ebit": "81879000", "ebitda": "228568000", "netIncome": "3274000"}, {"fiscalDateEnding": "2020-12-31", "reportedCurrency": "USD", "grossProfit": "51266000", "totalRevenue": "302384000", "costOfRevenue": "251118000", "costofGoodsAndServicesSold": "251118000", "operatingIncome": "88257000", "sellingGeneralAndAdministrative": "11978000", "researchAndDevelopment": "None", "operatingExpenses": "20205000", "investmentIncomeNet": "None", "netInterestIncome": "-38904000", "interestIncome": "34388000", "interestExpense": "38904000", "nonInterestIncome": "None", "otherNonOperatingIncome": "3486000", "depreciation": "None", "depreciationAndAmortization": "2074000", "incomeBeforeTax": "29219000", "incomeTaxExpense": "668000", "interestAndDebtExpense": "None", "netIncomeFromContinuingOperations": "28551000", "comprehensiveIncomeNetOfTax": "None", "ebit": "35577000", "ebitda": "37651000", "netIncome": "25481000"}, {"fiscalDateEnding": "2020-09-30", "reportedCurrency": "USD", "grossProfit": "51503000", "totalRevenue": "310044000", "costOfRevenue": "258541000", "costofGoodsAndServicesSold": "258541000", "operatingIncome": "30115000", "sellingGeneralAndAdministrative": "11958000", "researchAndDevelopment": "None", "operatingExpenses": "21388000", "investmentIncomeNet": "None", "netInterestIncome": "-60085000", "interestIncome": "57145000", "interestExpense": "62268000", "nonInterestIncome": "None", "otherNonOperatingIncome": "5123000", "depreciation": "None", "depreciationAndAmortization": "155836000", "incomeBeforeTax": "-27030000", "incomeTaxExpense": "187000", "interestAndDebtExpense": "None", "netIncomeFromContinuingOperations": "-27217000", "comprehensiveIncomeNetOfTax": "None", "ebit": "30115000", "ebitda": "185951000", "netIncome": "-25258000"}, {"fiscalDateEnding": "2020-06-30", "reportedCurrency": "USD", "grossProfit": "49674000", "totalRevenue": "307256000", "costOfRevenue": "257582000", "costofGoodsAndServicesSold": "257582000", "operatingIncome": "91777000", "sellingGeneralAndAdministrative": "10971000", "researchAndDevelopment": "None", "operatingExpenses": "19098000", "investmentIncomeNet": "None", "netInterestIncome": "-36176000", "interestIncome": "2421000", "interestExpense": "38597000", "nonInterestIncome": "None", "otherNonOperatingIncome": "10442000", "depreciation": "None", "depreciationAndAmortization": "157083000", "incomeBeforeTax": "63622000", "incomeTaxExpense": "1526000", "interestAndDebtExpense": "None", "netIncomeFromContinuingOperations": "62096000", "comprehensiveIncomeNetOfTax": "None", "ebit": "38597000", "ebitda": "195680000", "netIncome": "56709000"}, {"fiscalDateEnding": "2020-03-31", "reportedCurrency": "USD", "grossProfit": "62174000", "totalRevenue": "321481000", "costOfRevenue": "259307000", "costofGoodsAndServicesSold": "259307000", "operatingIncome": "38954000", "sellingGeneralAndAdministrative": "14978000", "researchAndDevelopment": "None", "operatingExpenses": "21969000", "investmentIncomeNet": "None", "netInterestIncome": "-36617000", "interestIncome": "2700000", "interestExpense": "39317000", "nonInterestIncome": "None", "otherNonOperatingIncome": "6067000", "depreciation": "None", "depreciationAndAmortization": "157501000", "incomeBeforeTax": "5704000", "incomeTaxExpense": "164000", "interestAndDebtExpense": "None", "netIncomeFromContinuingOperations": "5540000", "comprehensiveIncomeNetOfTax": "None", "ebit": "43572000", "ebitda": "201073000", "netIncome": "4155000"}, {"fiscalDateEnding": "2019-12-31", "reportedCurrency": "USD", "grossProfit": "65142000", "totalRevenue": "304818000", "costOfRevenue": "239676000", "costofGoodsAndServicesSold": "239676000", "operatingIncome": "44782000", "sellingGeneralAndAdministrative": "14531000", "researchAndDevelopment": "None", "operatingExpenses": "19044000", "investmentIncomeNet": "None", "netInterestIncome": "-58029000", "interestIncome": "2406000", "interestExpense": "60435000", "nonInterestIncome": "None", "otherNonOperatingIncome": "120892000", "depreciation": "None", "depreciationAndAmortization": "145177000", "incomeBeforeTax": "105239000", "incomeTaxExpense": "2000", "interestAndDebtExpense": "None", "netIncomeFromContinuingOperations": "105237000", "comprehensiveIncomeNetOfTax": "None", "ebit": "46098000", "ebitda": "191275000", "netIncome": "96608000"}, {"fiscalDateEnding": "2019-09-30", "reportedCurrency": "USD", "grossProfit": "74335000", "totalRevenue": "295394000", "costOfRevenue": "221059000", "costofGoodsAndServicesSold": "221059000", "operatingIncome": "58856000", "sellingGeneralAndAdministrative": "12197000", "researchAndDevelopment": "None", "operatingExpenses": "16567000", "investmentIncomeNet": "None", "netInterestIncome": "-40648000", "interestIncome": "1875000", "interestExpense": "42523000", "nonInterestIncome": "None", "otherNonOperatingIncome": "14588000", "depreciation": "None", "depreciationAndAmortization": "129010000", "incomeBeforeTax": "30921000", "incomeTaxExpense": "1499000", "interestAndDebtExpense": "None", "netIncomeFromContinuingOperations": "29422000", "comprehensiveIncomeNetOfTax": "None", "ebit": "57768000", "ebitda": "186778000", "netIncome": "26173000"}, {"fiscalDateEnding": "2019-06-30", "reportedCurrency": "USD", "grossProfit": "76640000", "totalRevenue": "281308000", "costOfRevenue": "204668000", "costofGoodsAndServicesSold": "204668000", "operatingIncome": "64925000", "sellingGeneralAndAdministrative": "12338000", "researchAndDevelopment": "None", "operatingExpenses": "16751000", "investmentIncomeNet": "None", "netInterestIncome": "-33107000", "interestIncome": "1310000", "interestExpense": "34417000", "nonInterestIncome": "None", "otherNonOperatingIncome": "7935000", "depreciation": "None", "depreciationAndAmortization": "119612000", "incomeBeforeTax": "38443000", "incomeTaxExpense": "125000", "interestAndDebtExpense": "None", "netIncomeFromContinuingOperations": "38318000", "comprehensiveIncomeNetOfTax": "None", "ebit": "76214000", "ebitda": "195826000", "netIncome": "34588000"}, {"fiscalDateEnding": "2019-03-31", "reportedCurrency": "USD", "grossProfit": "72263000", "totalRevenue": "270673000", "costOfRevenue": "198410000", "costofGoodsAndServicesSold": "198410000", "operatingIncome": "52494000", "sellingGeneralAndAdministrative": "12467000", "researchAndDevelopment": "None", "operatingExpenses": "19769000", "investmentIncomeNet": "None", "netInterestIncome": "-23729000", "interestIncome": "9813000", "interestExpense": "33542000", "nonInterestIncome": "None", "otherNonOperatingIncome": "9862000", "depreciation": "None", "depreciationAndAmortization": "114124000", "incomeBeforeTax": "28814000", "incomeTaxExpense": "2212000", "interestAndDebtExpense": "None", "netIncomeFromContinuingOperations": "26602000", "comprehensiveIncomeNetOfTax": "None", "ebit": "52543000", "ebitda": "166667000", "netIncome": "23492000"}, {"fiscalDateEnding": "2018-12-31", "reportedCurrency": "USD", "grossProfit": "76598000", "totalRevenue": "267667000", "costOfRevenue": "191069000", "costofGoodsAndServicesSold": "191069000", "operatingIncome": "126215000", "sellingGeneralAndAdministrative": "10955000", "researchAndDevelopment": "0", "operatingExpenses": "16523000", "investmentIncomeNet": "None", "netInterestIncome": "None", "interestIncome": "None", "interestExpense": "38226000", "nonInterestIncome": "None", "otherNonOperatingIncome": "-68604000", "depreciation": "None", "depreciationAndAmortization": "1616000", "incomeBeforeTax": "23788000", "incomeTaxExpense": "70000", "interestAndDebtExpense": "None", "netIncomeFromContinuingOperations": "158679000", "comprehensiveIncomeNetOfTax": "None", "ebit": "115480000", "ebitda": "117096000", "netIncome": "81168000"}, {"fiscalDateEnding": "2018-09-30", "reportedCurrency": "USD", "grossProfit": "72581000", "totalRevenue": "266144000", "costOfRevenue": "193563000", "costofGoodsAndServicesSold": "193563000", "operatingIncome": "55011000", "sellingGeneralAndAdministrative": "11896000", "researchAndDevelopment": "0", "operatingExpenses": "16892000", "investmentIncomeNet": "None", "netInterestIncome": "None", "interestIncome": "None", "interestExpense": "34401000", "nonInterestIncome": "None", "otherNonOperatingIncome": "-194000", "depreciation": "None", "depreciationAndAmortization": "1682000", "incomeBeforeTax": "20416000", "incomeTaxExpense": "158000", "interestAndDebtExpense": "None", "netIncomeFromContinuingOperations": "20574000", "comprehensiveIncomeNetOfTax": "None", "ebit": "162188000", "ebitda": "163870000", "netIncome": "17639000"}, {"fiscalDateEnding": "2018-06-30", "reportedCurrency": "USD", "grossProfit": "72807000", "totalRevenue": "259743000", "costOfRevenue": "186936000", "costofGoodsAndServicesSold": "186936000", "operatingIncome": "55179000", "sellingGeneralAndAdministrative": "12373000", "researchAndDevelopment": "0", "operatingExpenses": "16882000", "investmentIncomeNet": "None", "netInterestIncome": "None", "interestIncome": "None", "interestExpense": "31598000", "nonInterestIncome": "None", "otherNonOperatingIncome": "-904000", "depreciation": "None", "depreciationAndAmortization": "1684000", "incomeBeforeTax": "22677000", "incomeTaxExpense": "233000", "interestAndDebtExpense": "None", "netIncomeFromContinuingOperations": "22910000", "comprehensiveIncomeNetOfTax": "None", "ebit": "160413000", "ebitda": "162097000", "netIncome": "19630000"}, {"fiscalDateEnding": "2018-03-31", "reportedCurrency": "USD", "grossProfit": "64412000", "totalRevenue": "253305000", "costOfRevenue": "188893000", "costofGoodsAndServicesSold": "188893000", "operatingIncome": "48013000", "sellingGeneralAndAdministrative": "11759000", "researchAndDevelopment": "0", "operatingExpenses": "15459000", "investmentIncomeNet": "None", "netInterestIncome": "None", "interestIncome": "None", "interestExpense": "29943000", "nonInterestIncome": "None", "otherNonOperatingIncome": "71382000", "depreciation": "None", "depreciationAndAmortization": "1691000", "incomeBeforeTax": "19152000", "incomeTaxExpense": "227000", "interestAndDebtExpense": "None", "netIncomeFromContinuingOperations": "19379000", "comprehensiveIncomeNetOfTax": "None", "ebit": "155412000", "ebitda": "157103000", "netIncome": "80801000"}, {"fiscalDateEnding": "2017-12-31", "reportedCurrency": "USD", "grossProfit": "64161000", "totalRevenue": "252880000", "costOfRevenue": "188719000", "costofGoodsAndServicesSold": "188719000", "operatingIncome": "47287000", "sellingGeneralAndAdministrative": "11563000", "researchAndDevelopment": "0", "operatingExpenses": "16261000", "investmentIncomeNet": "None", "netInterestIncome": "None", "interestIncome": "None", "interestExpense": "34211000", "nonInterestIncome": "None", "otherNonOperatingIncome": "63618000", "depreciation": "None", "depreciationAndAmortization": "1648000", "incomeBeforeTax": "33290000", "incomeTaxExpense": "-1065000", "interestAndDebtExpense": "None", "netIncomeFromContinuingOperations": "32705000", "comprehensiveIncomeNetOfTax": "None", "ebit": "156540000", "ebitda": "158188000", "netIncome": "68320000"}, {"fiscalDateEnding": "2017-09-30", "reportedCurrency": "USD", "grossProfit": "63550000", "totalRevenue": "251091000", "costOfRevenue": "187541000", "costofGoodsAndServicesSold": "187541000", "operatingIncome": "45492000", "sellingGeneralAndAdministrative": "12123000", "researchAndDevelopment": "0", "operatingExpenses": "15658000", "investmentIncomeNet": "None", "netInterestIncome": "None", "interestIncome": "None", "interestExpense": "30095000", "nonInterestIncome": "None", "otherNonOperatingIncome": "2300000", "depreciation": "None", "depreciationAndAmortization": "1585000", "incomeBeforeTax": "17697000", "incomeTaxExpense": "127000", "interestAndDebtExpense": "None", "netIncomeFromContinuingOperations": "17824000", "comprehensiveIncomeNetOfTax": "None", "ebit": "154138000", "ebitda": "155723000", "netIncome": "15264000"}, {"fiscalDateEnding": "2017-06-30", "reportedCurrency": "USD", "grossProfit": "62766000", "totalRevenue": "247979000", "costOfRevenue": "185213000", "costofGoodsAndServicesSold": "185213000", "operatingIncome": "46205000", "sellingGeneralAndAdministrative": "11434000", "researchAndDevelopment": "0", "operatingExpenses": "15370000", "investmentIncomeNet": "None", "netInterestIncome": "None", "interestIncome": "None", "interestExpense": "33866000", "nonInterestIncome": "None", "otherNonOperatingIncome": "-911000", "depreciation": "None", "depreciationAndAmortization": "1567000", "incomeBeforeTax": "11428000", "incomeTaxExpense": "366000", "interestAndDebtExpense": "None", "netIncomeFromContinuingOperations": "11794000", "comprehensiveIncomeNetOfTax": "None", "ebit": "154420000", "ebitda": "155987000", "netIncome": "9228000"}, {"fiscalDateEnding": "2017-03-31", "reportedCurrency": "USD", "grossProfit": "62386000", "totalRevenue": "243841000", "costOfRevenue": "181455000", "costofGoodsAndServicesSold": "181455000", "operatingIncome": "45510000", "sellingGeneralAndAdministrative": "13075000", "researchAndDevelopment": "0", "operatingExpenses": "16374000", "investmentIncomeNet": "None", "netInterestIncome": "None", "interestIncome": "None", "interestExpense": "30539000", "nonInterestIncome": "None", "otherNonOperatingIncome": "11625000", "depreciation": "None", "depreciationAndAmortization": "1608000", "incomeBeforeTax": "26596000", "incomeTaxExpense": "332000", "interestAndDebtExpense": "None", "netIncomeFromContinuingOperations": "26928000", "comprehensiveIncomeNetOfTax": "None", "ebit": "150084000", "ebitda": "151692000", "netIncome": "25038000"}, {"fiscalDateEnding": "2016-12-31", "reportedCurrency": "USD", "grossProfit": "65067000", "totalRevenue": "243008000", "costOfRevenue": "177941000", "costofGoodsAndServicesSold": "177941000", "operatingIncome": "49086000", "sellingGeneralAndAdministrative": "13104000", "researchAndDevelopment": "0", "operatingExpenses": "16931000", "investmentIncomeNet": "None", "netInterestIncome": "None", "interestIncome": "None", "interestExpense": "29295000", "nonInterestIncome": "None", "otherNonOperatingIncome": "34496000", "depreciation": "None", "depreciationAndAmortization": "1458000", "incomeBeforeTax": "56217000", "incomeTaxExpense": "-3063000", "interestAndDebtExpense": "None", "netIncomeFromContinuingOperations": "59280000", "comprehensiveIncomeNetOfTax": "None", "ebit": "138966000", "ebitda": "140424000", "netIncome": "236493000"}, {"fiscalDateEnding": "2016-09-30", "reportedCurrency": "USD", "grossProfit": "60944000", "totalRevenue": "243252000", "costOfRevenue": "182308000", "costofGoodsAndServicesSold": "182308000", "operatingIncome": "45751000", "sellingGeneralAndAdministrative": "11765000", "researchAndDevelopment": "0", "operatingExpenses": "14927000", "investmentIncomeNet": "None", "netInterestIncome": "None", "interestIncome": "None", "interestExpense": "31954000", "nonInterestIncome": "None", "otherNonOperatingIncome": "15763000", "depreciation": "None", "depreciationAndAmortization": "1526000", "incomeBeforeTax": "29560000", "incomeTaxExpense": "94000", "interestAndDebtExpense": "None", "netIncomeFromContinuingOperations": "29466000", "comprehensiveIncomeNetOfTax": "None", "ebit": "167043000", "ebitda": "168569000", "netIncome": "26027000"}, {"fiscalDateEnding": "2016-06-30", "reportedCurrency": "USD", "grossProfit": "57502000", "totalRevenue": "238786000", "costOfRevenue": "181284000", "costofGoodsAndServicesSold": "181284000", "operatingIncome": "41660000", "sellingGeneralAndAdministrative": "10835000", "researchAndDevelopment": "0", "operatingExpenses": "14213000", "investmentIncomeNet": "None", "netInterestIncome": "None", "interestIncome": "None", "interestExpense": "30678000", "nonInterestIncome": "None", "otherNonOperatingIncome": "865000", "depreciation": "None", "depreciationAndAmortization": "1486000", "incomeBeforeTax": "11847000", "incomeTaxExpense": "-402000", "interestAndDebtExpense": "None", "netIncomeFromContinuingOperations": "12249000", "comprehensiveIncomeNetOfTax": "None", "ebit": "149551000", "ebitda": "151037000", "netIncome": "17017000"}, {"fiscalDateEnding": "2016-03-31", "reportedCurrency": "USD", "grossProfit": "55274000", "totalRevenue": "234815000", "costOfRevenue": "179541000", "costofGoodsAndServicesSold": "179541000", "operatingIncome": "38125000", "sellingGeneralAndAdministrative": "13844000", "researchAndDevelopment": "0", "operatingExpenses": "17149000", "investmentIncomeNet": "None", "netInterestIncome": "None", "interestIncome": "None", "interestExpense": "31104000", "nonInterestIncome": "None", "otherNonOperatingIncome": "1110000", "depreciation": "None", "depreciationAndAmortization": "1553000", "incomeBeforeTax": "8131000", "incomeTaxExpense": "-403000", "interestAndDebtExpense": "None", "netIncomeFromContinuingOperations": "8534000", "comprehensiveIncomeNetOfTax": "None", "ebit": "144143000", "ebitda": "145696000", "netIncome": "9464000"}, {"fiscalDateEnding": "2015-12-31", "reportedCurrency": "USD", "grossProfit": "58196000", "totalRevenue": "237605000", "costOfRevenue": "179409000", "costofGoodsAndServicesSold": "179409000", "operatingIncome": "34815000", "sellingGeneralAndAdministrative": "16560000", "researchAndDevelopment": "0", "operatingExpenses": "21993000", "investmentIncomeNet": "None", "netInterestIncome": "None", "interestIncome": "None", "interestExpense": "33170000", "nonInterestIncome": "None", "otherNonOperatingIncome": "-78774000", "depreciation": "None", "depreciationAndAmortization": "1899000", "incomeBeforeTax": "3104000", "incomeTaxExpense": "-1424000", "interestAndDebtExpense": "None", "netIncomeFromContinuingOperations": "4528000", "comprehensiveIncomeNetOfTax": "None", "ebit": "140431000", "ebitda": "142330000", "netIncome": "165485000"}, {"fiscalDateEnding": "2015-09-30", "reportedCurrency": "USD", "grossProfit": "60662000", "totalRevenue": "221418000", "costOfRevenue": "160756000", "costofGoodsAndServicesSold": "160756000", "operatingIncome": "40201000", "sellingGeneralAndAdministrative": "15414000", "researchAndDevelopment": "0", "operatingExpenses": "19510000", "investmentIncomeNet": "None", "netInterestIncome": "None", "interestIncome": "None", "interestExpense": "30232000", "nonInterestIncome": "None", "otherNonOperatingIncome": "3093000", "depreciation": "None", "depreciationAndAmortization": "1457000", "incomeBeforeTax": "13062000", "incomeTaxExpense": "-633000", "interestAndDebtExpense": "None", "netIncomeFromContinuingOperations": "13695000", "comprehensiveIncomeNetOfTax": "None", "ebit": "134001000", "ebitda": "135458000", "netIncome": "12361000"}, {"fiscalDateEnding": "2015-06-30", "reportedCurrency": "USD", "grossProfit": "57335000", "totalRevenue": "215862000", "costOfRevenue": "158527000", "costofGoodsAndServicesSold": "158527000", "operatingIncome": "39302000", "sellingGeneralAndAdministrative": "13637000", "researchAndDevelopment": "0", "operatingExpenses": "17106000", "investmentIncomeNet": "None", "netInterestIncome": "None", "interestIncome": "None", "interestExpense": "29673000", "nonInterestIncome": "None", "otherNonOperatingIncome": "78851000", "depreciation": "None", "depreciationAndAmortization": "1700000", "incomeBeforeTax": "9438000", "incomeTaxExpense": "-1404000", "interestAndDebtExpense": "None", "netIncomeFromContinuingOperations": "10842000", "comprehensiveIncomeNetOfTax": "None", "ebit": "129916000", "ebitda": "131616000", "netIncome": "85924000"}, {"fiscalDateEnding": "2015-03-31", "reportedCurrency": "USD", "grossProfit": "61810000", "totalRevenue": "219753000", "costOfRevenue": "157943000", "costofGoodsAndServicesSold": "157943000", "operatingIncome": "45273000", "sellingGeneralAndAdministrative": "11953000", "researchAndDevelopment": "0", "operatingExpenses": "15342000", "investmentIncomeNet": "None", "netInterestIncome": "None", "interestIncome": "None", "interestExpense": "28800000", "nonInterestIncome": "None", "otherNonOperatingIncome": "59159000", "depreciation": "None", "depreciationAndAmortization": "1623000", "incomeBeforeTax": "75992000", "incomeTaxExpense": "-425000", "interestAndDebtExpense": "None", "netIncomeFromContinuingOperations": "76417000", "comprehensiveIncomeNetOfTax": "None", "ebit": "135105000", "ebitda": "136728000", "netIncome": "72891000"}, {"fiscalDateEnding": "2014-12-31", "reportedCurrency": "USD", "grossProfit": "50362000", "totalRevenue": "209549000", "costOfRevenue": "159187000", "costofGoodsAndServicesSold": "159187000", "operatingIncome": "34308000", "sellingGeneralAndAdministrative": "11615000", "researchAndDevelopment": "0", "operatingExpenses": "15906000", "investmentIncomeNet": "None", "netInterestIncome": "None", "interestIncome": "None", "interestExpense": "32392000", "nonInterestIncome": "None", "otherNonOperatingIncome": "61267000", "depreciation": "None", "depreciationAndAmortization": "2117000", "incomeBeforeTax": "-602000", "incomeTaxExpense": "-7087000", "interestAndDebtExpense": "None", "netIncomeFromContinuingOperations": "6485000", "comprehensiveIncomeNetOfTax": "None", "ebit": "115382000", "ebitda": "117499000", "netIncome": "64486000"}, {"fiscalDateEnding": "2014-09-30", "reportedCurrency": "USD", "grossProfit": "48032000", "totalRevenue": "206752000", "costOfRevenue": "158720000", "costofGoodsAndServicesSold": "158720000", "operatingIncome": "33084000", "sellingGeneralAndAdministrative": "11390000", "researchAndDevelopment": "0", "operatingExpenses": "14784000", "investmentIncomeNet": "None", "netInterestIncome": "None", "interestIncome": "None", "interestExpense": "33087000", "nonInterestIncome": "None", "otherNonOperatingIncome": "31302000", "depreciation": "None", "depreciationAndAmortization": "1385000", "incomeBeforeTax": "8119000", "incomeTaxExpense": "-2492000", "interestAndDebtExpense": "None", "netIncomeFromContinuingOperations": "10611000", "comprehensiveIncomeNetOfTax": "None", "ebit": "121483000", "ebitda": "122868000", "netIncome": "39618000"}, {"fiscalDateEnding": "2014-06-30", "reportedCurrency": "USD", "grossProfit": "48747000", "totalRevenue": "203706000", "costOfRevenue": "154959000", "costofGoodsAndServicesSold": "154959000", "operatingIncome": "32862000", "sellingGeneralAndAdministrative": "12530000", "researchAndDevelopment": "0", "operatingExpenses": "15885000", "investmentIncomeNet": "None", "netInterestIncome": "None", "interestIncome": "None", "interestExpense": "31691000", "nonInterestIncome": "None", "otherNonOperatingIncome": "26709000", "depreciation": "None", "depreciationAndAmortization": "90069000", "incomeBeforeTax": "2169000", "incomeTaxExpense": "-2190000", "interestAndDebtExpense": "None", "netIncomeFromContinuingOperations": "4359000", "comprehensiveIncomeNetOfTax": "None", "ebit": "33860000", "ebitda": "123929000", "netIncome": "29076000"}, {"fiscalDateEnding": "2014-03-31", "reportedCurrency": "USD", "grossProfit": "42010000", "totalRevenue": "198039000", "costOfRevenue": "156029000", "costofGoodsAndServicesSold": "156029000", "operatingIncome": "26510000", "sellingGeneralAndAdministrative": "11994000", "researchAndDevelopment": "0", "operatingExpenses": "15000000", "investmentIncomeNet": "None", "netInterestIncome": "None", "interestIncome": "None", "interestExpense": "32884000", "nonInterestIncome": "None", "otherNonOperatingIncome": "24294000", "depreciation": "None", "depreciationAndAmortization": "89613000", "incomeBeforeTax": "-8524000", "incomeTaxExpense": "-3329000", "interestAndDebtExpense": "None", "netIncomeFromContinuingOperations": "-5195000", "comprehensiveIncomeNetOfTax": "None", "ebit": "23445000", "ebitda": "113058000", "netIncome": "17430000"}, {"fiscalDateEnding": "2013-12-31", "reportedCurrency": "USD", "grossProfit": "39745000", "totalRevenue": "193416000", "costOfRevenue": "153671000", "costofGoodsAndServicesSold": "153671000", "operatingIncome": "23007000", "sellingGeneralAndAdministrative": "11532000", "researchAndDevelopment": "0", "operatingExpenses": "16738000", "investmentIncomeNet": "None", "netInterestIncome": "None", "interestIncome": "None", "interestExpense": "33360000", "nonInterestIncome": "None", "otherNonOperatingIncome": "7409000", "depreciation": "None", "depreciationAndAmortization": "3281000", "incomeBeforeTax": "-3359000", "incomeTaxExpense": "15000", "interestAndDebtExpense": "None", "netIncomeFromContinuingOperations": "-5940000", "comprehensiveIncomeNetOfTax": "None", "ebit": "116086000", "ebitda": "119367000", "netIncome": "35769000"}, {"fiscalDateEnding": "2013-09-30", "reportedCurrency": "USD", "grossProfit": "42348000", "totalRevenue": "193586000", "costOfRevenue": "151238000", "costofGoodsAndServicesSold": "151238000", "operatingIncome": "34481000", "sellingGeneralAndAdministrative": "11364000", "researchAndDevelopment": "0", "operatingExpenses": "14327000", "investmentIncomeNet": "None", "netInterestIncome": "None", "interestIncome": "None", "interestExpense": "30939000", "nonInterestIncome": "None", "otherNonOperatingIncome": "-2965000", "depreciation": "None", "depreciationAndAmortization": "85442000", "incomeBeforeTax": "577000", "incomeTaxExpense": "-2658000", "interestAndDebtExpense": "None", "netIncomeFromContinuingOperations": "3235000", "comprehensiveIncomeNetOfTax": "None", "ebit": "30632000", "ebitda": "116074000", "netIncome": "3188000"}, {"fiscalDateEnding": "2013-06-30", "reportedCurrency": "USD", "grossProfit": "41552000", "totalRevenue": "191830000", "costOfRevenue": "150278000", "costofGoodsAndServicesSold": "150278000", "operatingIncome": "31513000", "sellingGeneralAndAdministrative": "9866000", "researchAndDevelopment": "0", "operatingExpenses": "12811000", "investmentIncomeNet": "None", "netInterestIncome": "None", "interestIncome": "None", "interestExpense": "30803000", "nonInterestIncome": "None", "otherNonOperatingIncome": "1961000", "depreciation": "None", "depreciationAndAmortization": "86269000", "incomeBeforeTax": "2671000", "incomeTaxExpense": "-2683000", "interestAndDebtExpense": "None", "netIncomeFromContinuingOperations": "5354000", "comprehensiveIncomeNetOfTax": "None", "ebit": "30702000", "ebitda": "116971000", "netIncome": "4261000"}, {"fiscalDateEnding": "2013-03-31", "reportedCurrency": "USD", "grossProfit": "39729000", "totalRevenue": "187224000", "costOfRevenue": "147495000", "costofGoodsAndServicesSold": "147495000", "operatingIncome": "30485000", "sellingGeneralAndAdministrative": "9476000", "researchAndDevelopment": "0", "operatingExpenses": "12265000", "investmentIncomeNet": "None", "netInterestIncome": "None", "interestIncome": "None", "interestExpense": "30981000", "nonInterestIncome": "None", "otherNonOperatingIncome": "-1786000", "depreciation": "None", "depreciationAndAmortization": "1146000", "incomeBeforeTax": "-2282000", "incomeTaxExpense": "-1973000", "interestAndDebtExpense": "None", "netIncomeFromContinuingOperations": "-309000", "comprehensiveIncomeNetOfTax": "None", "ebit": "111288000", "ebitda": "112434000", "netIncome": "-268000"}, {"fiscalDateEnding": "2012-12-31", "reportedCurrency": "USD", "grossProfit": "36408000", "totalRevenue": "182445000", "costOfRevenue": "146037000", "costofGoodsAndServicesSold": "146037000", "operatingIncome": "-11982000", "sellingGeneralAndAdministrative": "6824000", "researchAndDevelopment": "0", "operatingExpenses": "9380000", "investmentIncomeNet": "None", "netInterestIncome": "None", "interestIncome": "None", "interestExpense": "30660000", "nonInterestIncome": "None", "otherNonOperatingIncome": "-2757000", "depreciation": "None", "depreciationAndAmortization": "1092000", "incomeBeforeTax": "-14739000", "incomeTaxExpense": "-1628000", "interestAndDebtExpense": "None", "netIncomeFromContinuingOperations": "-13111000", "comprehensiveIncomeNetOfTax": "None", "ebit": "25428000", "ebitda": "26520000", "netIncome": "-12300000"}, {"fiscalDateEnding": "2012-09-30", "reportedCurrency": "USD", "grossProfit": "115829000", "totalRevenue": "181766000", "costOfRevenue": "65937000", "costofGoodsAndServicesSold": "65937000", "operatingIncome": "-12379000", "sellingGeneralAndAdministrative": "10022000", "researchAndDevelopment": "0", "operatingExpenses": "95051000", "investmentIncomeNet": "None", "netInterestIncome": "None", "interestIncome": "None", "interestExpense": "31845000", "nonInterestIncome": "None", "otherNonOperatingIncome": "-719000", "depreciation": "None", "depreciationAndAmortization": "89301000", "incomeBeforeTax": "-11503000", "incomeTaxExpense": "-2960000", "interestAndDebtExpense": "None", "netIncomeFromContinuingOperations": "-8543000", "comprehensiveIncomeNetOfTax": "None", "ebit": "20342000", "ebitda": "109643000", "netIncome": "-9031000"}, {"fiscalDateEnding": "2012-06-30", "reportedCurrency": "USD", "grossProfit": "114019000", "totalRevenue": "177475000", "costOfRevenue": "63456000", "costofGoodsAndServicesSold": "63456000", "operatingIncome": "-23529000", "sellingGeneralAndAdministrative": "13738000", "researchAndDevelopment": "0", "operatingExpenses": "96257000", "investmentIncomeNet": "None", "netInterestIncome": "None", "interestIncome": "None", "interestExpense": "41542000", "nonInterestIncome": "None", "otherNonOperatingIncome": "-2412000", "depreciation": "None", "depreciationAndAmortization": "85491000", "incomeBeforeTax": "-25941000", "incomeTaxExpense": "-2818000", "interestAndDebtExpense": "None", "netIncomeFromContinuingOperations": "-23123000", "comprehensiveIncomeNetOfTax": "None", "ebit": "15601000", "ebitda": "101092000", "netIncome": "145721000"}, {"fiscalDateEnding": "2012-03-31", "reportedCurrency": "USD", "grossProfit": "133982000", "totalRevenue": "172242000", "costOfRevenue": "38260000", "costofGoodsAndServicesSold": "38260000", "operatingIncome": "-18444000", "sellingGeneralAndAdministrative": "30814000", "researchAndDevelopment": "0", "operatingExpenses": "121022000", "investmentIncomeNet": "None", "netInterestIncome": "None", "interestIncome": "None", "interestExpense": "34745000", "nonInterestIncome": "None", "otherNonOperatingIncome": "-2691000", "depreciation": "None", "depreciationAndAmortization": "88825000", "incomeBeforeTax": "-21135000", "incomeTaxExpense": "-22876000", "interestAndDebtExpense": "None", "netIncomeFromContinuingOperations": "1741000", "comprehensiveIncomeNetOfTax": "None", "ebit": "-12563000", "ebitda": "76262000", "netIncome": "80848000"}, {"fiscalDateEnding": "2011-12-31", "reportedCurrency": "USD", "grossProfit": "114894000", "totalRevenue": "174386000", "costOfRevenue": "59492000", "costofGoodsAndServicesSold": "59492000", "operatingIncome": "-29460000", "sellingGeneralAndAdministrative": "44978000", "researchAndDevelopment": "0", "operatingExpenses": "103599000", "investmentIncomeNet": "None", "netInterestIncome": "None", "interestIncome": "None", "interestExpense": "39413000", "nonInterestIncome": "None", "otherNonOperatingIncome": "-2092000", "depreciation": "None", "depreciationAndAmortization": "98266000", "incomeBeforeTax": "-31552000", "incomeTaxExpense": "29030000", "interestAndDebtExpense": "None", "netIncomeFromContinuingOperations": "-26504000", "comprehensiveIncomeNetOfTax": "None", "ebit": "7861000", "ebitda": "106127000", "netIncome": "46498000"}, {"fiscalDateEnding": "2011-09-30", "reportedCurrency": "USD", "grossProfit": "144012000", "totalRevenue": "187320000", "costOfRevenue": "43308000", "costofGoodsAndServicesSold": "43308000", "operatingIncome": "-24016000", "sellingGeneralAndAdministrative": "23411000", "researchAndDevelopment": "0", "operatingExpenses": "24950000", "investmentIncomeNet": "None", "netInterestIncome": "None", "interestIncome": "None", "interestExpense": "39975000", "nonInterestIncome": "None", "otherNonOperatingIncome": "-1580000", "depreciation": "None", "depreciationAndAmortization": "98703000", "incomeBeforeTax": "-25596000", "incomeTaxExpense": "32030000", "interestAndDebtExpense": "None", "netIncomeFromContinuingOperations": "-25596000", "comprehensiveIncomeNetOfTax": "None", "ebit": "-90529000", "ebitda": "8174000", "netIncome": "-13251000"}, {"fiscalDateEnding": "2011-06-30", "reportedCurrency": "USD", "grossProfit": "137536000", "totalRevenue": "176767000", "costOfRevenue": "39231000", "costofGoodsAndServicesSold": "39231000", "operatingIncome": "-28561000", "sellingGeneralAndAdministrative": "24617000", "researchAndDevelopment": "0", "operatingExpenses": "26161000", "investmentIncomeNet": "None", "netInterestIncome": "None", "interestIncome": "None", "interestExpense": "37660000", "nonInterestIncome": "None", "otherNonOperatingIncome": "-1348000", "depreciation": "None", "depreciationAndAmortization": "92147000", "incomeBeforeTax": "-29909000", "incomeTaxExpense": "3229000", "interestAndDebtExpense": "None", "netIncomeFromContinuingOperations": "-29909000", "comprehensiveIncomeNetOfTax": "None", "ebit": "3530000", "ebitda": "95677000", "netIncome": "12149000"}, {"fiscalDateEnding": "2011-03-31", "reportedCurrency": "USD", "grossProfit": "125493000", "totalRevenue": "164520000", "costOfRevenue": "39027000", "costofGoodsAndServicesSold": "39027000", "operatingIncome": "-28295000", "sellingGeneralAndAdministrative": "23320000", "researchAndDevelopment": "0", "operatingExpenses": "24779000", "investmentIncomeNet": "None", "netInterestIncome": "None", "interestIncome": "None", "interestExpense": "39157000", "nonInterestIncome": "None", "otherNonOperatingIncome": "-1332000", "depreciation": "None", "depreciationAndAmortization": "85158000", "incomeBeforeTax": "-170", "incomeTaxExpense": "42099000", "interestAndDebtExpense": "None", "netIncomeFromContinuingOperations": "-29627000", "comprehensiveIncomeNetOfTax": "None", "ebit": "6310000", "ebitda": "91468000", "netIncome": "-27875000"}, {"fiscalDateEnding": "2010-12-31", "reportedCurrency": "USD", "grossProfit": "110405000", "totalRevenue": "174769000", "costOfRevenue": "64364000", "costofGoodsAndServicesSold": "64364000", "operatingIncome": "-27919000", "sellingGeneralAndAdministrative": "9422000", "researchAndDevelopment": "0", "operatingExpenses": "93793000", "investmentIncomeNet": "None", "netInterestIncome": "None", "interestIncome": "None", "interestExpense": "37728000", "nonInterestIncome": "None", "otherNonOperatingIncome": "None", "depreciation": "None", "depreciationAndAmortization": "83043000", "incomeBeforeTax": "31982000", "incomeTaxExpense": "-146000", "interestAndDebtExpense": "None", "netIncomeFromContinuingOperations": "0", "comprehensiveIncomeNetOfTax": "None", "ebit": "16612000", "ebitda": "99655000", "netIncome": "-28456000"}, {"fiscalDateEnding": "2010-09-30", "reportedCurrency": "USD", "grossProfit": "121681000", "totalRevenue": "159795000", "costOfRevenue": "38114000", "costofGoodsAndServicesSold": "38114000", "operatingIncome": "-27910000", "sellingGeneralAndAdministrative": "32713000", "researchAndDevelopment": "0", "operatingExpenses": "110850000", "investmentIncomeNet": "None", "netInterestIncome": "None", "interestIncome": "None", "interestExpense": "37079000", "nonInterestIncome": "None", "otherNonOperatingIncome": "-835000", "depreciation": "None", "depreciationAndAmortization": "76793000", "incomeBeforeTax": "-8571000", "incomeTaxExpense": "33762000", "interestAndDebtExpense": "None", "netIncomeFromContinuingOperations": "-28745000", "comprehensiveIncomeNetOfTax": "None", "ebit": "8426000", "ebitda": "85219000", "netIncome": "-23766000"}, {"fiscalDateEnding": "2010-06-30", "reportedCurrency": "USD", "grossProfit": "94564000", "totalRevenue": "153921000", "costOfRevenue": "59357000", "costofGoodsAndServicesSold": "59357000", "operatingIncome": "-28627000", "sellingGeneralAndAdministrative": "9491000", "researchAndDevelopment": "0", "operatingExpenses": "87204000", "investmentIncomeNet": "None", "netInterestIncome": "None", "interestIncome": "None", "interestExpense": "37176000", "nonInterestIncome": "None", "otherNonOperatingIncome": "-1185000", "depreciation": "None", "depreciationAndAmortization": "75034000", "incomeBeforeTax": "-27756000", "incomeTaxExpense": "81000", "interestAndDebtExpense": "None", "netIncomeFromContinuingOperations": "-27837000", "comprehensiveIncomeNetOfTax": "None", "ebit": "8675000", "ebitda": "83709000", "netIncome": "-26621000"}, {"fiscalDateEnding": "2010-03-31", "reportedCurrency": "USD", "grossProfit": "95688000", "totalRevenue": "154949000", "costOfRevenue": "59261000", "costofGoodsAndServicesSold": "59261000", "operatingIncome": "-24183000", "sellingGeneralAndAdministrative": "9575000", "researchAndDevelopment": "0", "operatingExpenses": "83005000", "investmentIncomeNet": "None", "netInterestIncome": "None", "interestIncome": "None", "interestExpense": "36100000", "nonInterestIncome": "None", "otherNonOperatingIncome": "None", "depreciation": "None", "depreciationAndAmortization": "73430000", "incomeBeforeTax": "-24920000", "incomeTaxExpense": "65000", "interestAndDebtExpense": "None", "netIncomeFromContinuingOperations": "0", "comprehensiveIncomeNetOfTax": "None", "ebit": "9541000", "ebitda": "82971000", "netIncome": "-24056000"}, {"fiscalDateEnding": "2009-12-31", "reportedCurrency": "USD", "grossProfit": "-180173000", "totalRevenue": "153795000", "costOfRevenue": "333968000", "costofGoodsAndServicesSold": "333968000", "operatingIncome": "-24999000", "sellingGeneralAndAdministrative": "39812000", "researchAndDevelopment": "0", "operatingExpenses": "-194301000", "investmentIncomeNet": "None", "netInterestIncome": "None", "interestIncome": "None", "interestExpense": "39127000", "nonInterestIncome": "None", "otherNonOperatingIncome": "None", "depreciation": "None", "depreciationAndAmortization": "72075000", "incomeBeforeTax": "-26099000", "incomeTaxExpense": "-376000", "interestAndDebtExpense": "None", "netIncomeFromContinuingOperations": "0", "comprehensiveIncomeNetOfTax": "None", "ebit": "13028000", "ebitda": "85103000", "netIncome": "-24869000"}, {"fiscalDateEnding": "2009-09-30", "reportedCurrency": "USD", "grossProfit": "92890000", "totalRevenue": "150311000", "costOfRevenue": "57421000", "costofGoodsAndServicesSold": "57421000", "operatingIncome": "-23600000", "sellingGeneralAndAdministrative": "8924000", "researchAndDevelopment": "0", "operatingExpenses": "79477000", "investmentIncomeNet": "None", "netInterestIncome": "None", "interestIncome": "None", "interestExpense": "38640000", "nonInterestIncome": "None", "otherNonOperatingIncome": "None", "depreciation": "None", "depreciationAndAmortization": "70553000", "incomeBeforeTax": "-40342000", "incomeTaxExpense": "14000", "interestAndDebtExpense": "None", "netIncomeFromContinuingOperations": "0", "comprehensiveIncomeNetOfTax": "None", "ebit": "14827000", "ebitda": "85380000", "netIncome": "-37976000"}, {"fiscalDateEnding": "2009-06-30", "reportedCurrency": "USD", "grossProfit": "95440000", "totalRevenue": "151843000", "costOfRevenue": "56403000", "costofGoodsAndServicesSold": "56403000", "operatingIncome": "-13985000", "sellingGeneralAndAdministrative": "9145000", "researchAndDevelopment": "0", "operatingExpenses": "78007000", "investmentIncomeNet": "None", "netInterestIncome": "None", "interestIncome": "None", "interestExpense": "33693000", "nonInterestIncome": "None", "otherNonOperatingIncome": "None", "depreciation": "None", "depreciationAndAmortization": "70545000", "incomeBeforeTax": "-14713000", "incomeTaxExpense": "29365000", "interestAndDebtExpense": "None", "netIncomeFromContinuingOperations": "0", "comprehensiveIncomeNetOfTax": "None", "ebit": "18980000", "ebitda": "89525000", "netIncome": "-12660000"}, {"fiscalDateEnding": "2009-03-31", "reportedCurrency": "USD", "grossProfit": "98439000", "totalRevenue": "155639000", "costOfRevenue": "57200000", "costofGoodsAndServicesSold": "57200000", "operatingIncome": "-12487000", "sellingGeneralAndAdministrative": "9855000", "researchAndDevelopment": "0", "operatingExpenses": "74417000", "investmentIncomeNet": "None", "netInterestIncome": "None", "interestIncome": "None", "interestExpense": "30692000", "nonInterestIncome": "None", "otherNonOperatingIncome": "None", "depreciation": "None", "depreciationAndAmortization": "70379000", "incomeBeforeTax": "-13204000", "incomeTaxExpense": "51000", "interestAndDebtExpense": "None", "netIncomeFromContinuingOperations": "0", "comprehensiveIncomeNetOfTax": "None", "ebit": "17488000", "ebitda": "87867000", "netIncome": "-12629000"}, {"fiscalDateEnding": "2008-12-31", "reportedCurrency": "USD", "grossProfit": "94422000", "totalRevenue": "152879000", "costOfRevenue": "58457000", "costofGoodsAndServicesSold": "58457000", "operatingIncome": "-21102000", "sellingGeneralAndAdministrative": "47179000", "researchAndDevelopment": "0", "operatingExpenses": "60516000", "investmentIncomeNet": "None", "netInterestIncome": "None", "interestIncome": "None", "interestExpense": "53045000", "nonInterestIncome": "None", "otherNonOperatingIncome": "None", "depreciation": "None", "depreciationAndAmortization": "73344000", "incomeBeforeTax": "706929000", "incomeTaxExpense": "717751000", "interestAndDebtExpense": "None", "netIncomeFromContinuingOperations": "0", "comprehensiveIncomeNetOfTax": "None", "ebit": "88420000", "ebitda": "161764000", "netIncome": "-10822000"}, {"fiscalDateEnding": "2008-09-30", "reportedCurrency": "USD", "grossProfit": "89688000", "totalRevenue": "146291000", "costOfRevenue": "56603000", "costofGoodsAndServicesSold": "56603000", "operatingIncome": "89688000", "sellingGeneralAndAdministrative": "9835000", "researchAndDevelopment": "0", "operatingExpenses": "56603000", "investmentIncomeNet": "None", "netInterestIncome": "None", "interestIncome": "None", "interestExpense": "39007000", "nonInterestIncome": "None", "otherNonOperatingIncome": "None", "depreciation": "None", "depreciationAndAmortization": "66691000", "incomeBeforeTax": "-8373000", "incomeTaxExpense": "96921000", "interestAndDebtExpense": "None", "netIncomeFromContinuingOperations": "0", "comprehensiveIncomeNetOfTax": "None", "ebit": "21078000", "ebitda": "87769000", "netIncome": "-8373000"}, {"fiscalDateEnding": "2008-06-30", "reportedCurrency": "USD", "grossProfit": "98298000", "totalRevenue": "148158000", "costOfRevenue": "49860000", "costofGoodsAndServicesSold": "49860000", "operatingIncome": "-11790000", "sellingGeneralAndAdministrative": "9931000", "researchAndDevelopment": "0", "operatingExpenses": "73382000", "investmentIncomeNet": "None", "netInterestIncome": "None", "interestIncome": "None", "interestExpense": "38352000", "nonInterestIncome": "None", "otherNonOperatingIncome": "None", "depreciation": "None", "depreciationAndAmortization": "63451000", "incomeBeforeTax": "865000", "incomeTaxExpense": "24481000", "interestAndDebtExpense": "None", "netIncomeFromContinuingOperations": "0", "comprehensiveIncomeNetOfTax": "None", "ebit": "21022000", "ebitda": "84473000", "netIncome": "865000"}, {"fiscalDateEnding": "2008-03-31", "reportedCurrency": "USD", "grossProfit": "84572000", "totalRevenue": "131083000", "costOfRevenue": "46511000", "costofGoodsAndServicesSold": "46511000", "operatingIncome": "-14352000", "sellingGeneralAndAdministrative": "9769000", "researchAndDevelopment": "0", "operatingExpenses": "63133000", "investmentIncomeNet": "None", "netInterestIncome": "None", "interestIncome": "None", "interestExpense": "40506000", "nonInterestIncome": "None", "otherNonOperatingIncome": "None", "depreciation": "None", "depreciationAndAmortization": "53364000", "incomeBeforeTax": "725259000", "incomeTaxExpense": "-702753000", "interestAndDebtExpense": "None", "netIncomeFromContinuingOperations": "0", "comprehensiveIncomeNetOfTax": "None", "ebit": "24840000", "ebitda": "78204000", "netIncome": "720510000"}, {"fiscalDateEnding": "2007-12-31", "reportedCurrency": "USD", "grossProfit": "-18418000", "totalRevenue": "-36346000", "costOfRevenue": "-17928000", "costofGoodsAndServicesSold": "-17928000", "operatingIncome": "-78116000", "sellingGeneralAndAdministrative": "39566000", "researchAndDevelopment": "0", "operatingExpenses": "13763000", "investmentIncomeNet": "None", "netInterestIncome": "None", "interestIncome": "None", "interestExpense": "41602000", "nonInterestIncome": "None", "otherNonOperatingIncome": "None", "depreciation": "None", "depreciationAndAmortization": "65147000", "incomeBeforeTax": "221349000", "incomeTaxExpense": "117357000", "interestAndDebtExpense": "None", "netIncomeFromContinuingOperations": "0", "comprehensiveIncomeNetOfTax": "None", "ebit": "18592000", "ebitda": "83739000", "netIncome": "100806000"}, {"fiscalDateEnding": "2007-09-30", "reportedCurrency": "USD", "grossProfit": "113694000", "totalRevenue": "183437000", "costOfRevenue": "69743000", "costofGoodsAndServicesSold": "69743000", "operatingIncome": "-6798000", "sellingGeneralAndAdministrative": "8720000", "researchAndDevelopment": "0", "operatingExpenses": "74382000", "investmentIncomeNet": "None", "netInterestIncome": "None", "interestIncome": "None", "interestExpense": "42170000", "nonInterestIncome": "None", "otherNonOperatingIncome": "None", "depreciation": "None", "depreciationAndAmortization": "65626000", "incomeBeforeTax": "78829000", "incomeTaxExpense": "-38939000", "interestAndDebtExpense": "None", "netIncomeFromContinuingOperations": "0", "comprehensiveIncomeNetOfTax": "None", "ebit": "29071000", "ebitda": "94697000", "netIncome": "75569000"}, {"fiscalDateEnding": "2007-06-30", "reportedCurrency": "USD", "grossProfit": "111383000", "totalRevenue": "178928000", "costOfRevenue": "67545000", "costofGoodsAndServicesSold": "67545000", "operatingIncome": "-6005000", "sellingGeneralAndAdministrative": "9604000", "researchAndDevelopment": "0", "operatingExpenses": "74630000", "investmentIncomeNet": "None", "netInterestIncome": "None", "interestIncome": "None", "interestExpense": "38230000", "nonInterestIncome": "None", "otherNonOperatingIncome": "None", "depreciation": "None", "depreciationAndAmortization": "65250000", "incomeBeforeTax": "6696000", "incomeTaxExpense": "30727000", "interestAndDebtExpense": "None", "netIncomeFromContinuingOperations": "0", "comprehensiveIncomeNetOfTax": "None", "ebit": "24587000", "ebitda": "89837000", "netIncome": "6696000"}, {"fiscalDateEnding": "2007-03-31", "reportedCurrency": "USD", "grossProfit": "109738000", "totalRevenue": "181622000", "costOfRevenue": "71884000", "costofGoodsAndServicesSold": "71884000", "operatingIncome": "-8823000", "sellingGeneralAndAdministrative": "9826000", "researchAndDevelopment": "0", "operatingExpenses": "74367000", "investmentIncomeNet": "None", "netInterestIncome": "None", "interestIncome": "None", "interestExpense": "39726000", "nonInterestIncome": "None", "otherNonOperatingIncome": "None", "depreciation": "None", "depreciationAndAmortization": "65014000", "incomeBeforeTax": "31832000", "incomeTaxExpense": "4233000", "interestAndDebtExpense": "None", "netIncomeFromContinuingOperations": "0", "comprehensiveIncomeNetOfTax": "None", "ebit": "25481000", "ebitda": "90495000", "netIncome": "27990000"}, {"fiscalDateEnding": "2006-12-31", "reportedCurrency": "USD", "grossProfit": "109775000", "totalRevenue": "180674000", "costOfRevenue": "70899000", "costofGoodsAndServicesSold": "70899000", "operatingIncome": "-9628000", "sellingGeneralAndAdministrative": "31198000", "researchAndDevelopment": "0", "operatingExpenses": "75167000", "investmentIncomeNet": "None", "netInterestIncome": "None", "interestIncome": "None", "interestExpense": "44236000", "nonInterestIncome": "None", "otherNonOperatingIncome": "None", "depreciation": "None", "depreciationAndAmortization": "65085000", "incomeBeforeTax": "128605000", "incomeTaxExpense": "103543000", "interestAndDebtExpense": "None", "netIncomeFromContinuingOperations": "0", "comprehensiveIncomeNetOfTax": "None", "ebit": "34608000", "ebitda": "99693000", "netIncome": "21217000"}, {"fiscalDateEnding": "2006-09-30", "reportedCurrency": "USD", "grossProfit": "109324000", "totalRevenue": "178881000", "costOfRevenue": "69557000", "costofGoodsAndServicesSold": "69557000", "operatingIncome": "-7281000", "sellingGeneralAndAdministrative": "7381000", "researchAndDevelopment": "0", "operatingExpenses": "69457000", "investmentIncomeNet": "None", "netInterestIncome": "None", "interestIncome": "None", "interestExpense": "47068000", "nonInterestIncome": "None", "otherNonOperatingIncome": "None", "depreciation": "None", "depreciationAndAmortization": "62684000", "incomeBeforeTax": "59352000", "incomeTaxExpense": "-18745000", "interestAndDebtExpense": "None", "netIncomeFromContinuingOperations": "0", "comprehensiveIncomeNetOfTax": "None", "ebit": "39413000", "ebitda": "102097000", "netIncome": "55510000"}, {"fiscalDateEnding": "2006-06-30", "reportedCurrency": "USD", "grossProfit": "107230000", "totalRevenue": "174981000", "costOfRevenue": "67751000", "costofGoodsAndServicesSold": "67751000", "operatingIncome": "-4449000", "sellingGeneralAndAdministrative": "6837000", "researchAndDevelopment": "0", "operatingExpenses": "65586000", "investmentIncomeNet": "None", "netInterestIncome": "None", "interestIncome": "None", "interestExpense": "46430000", "nonInterestIncome": "None", "otherNonOperatingIncome": "None", "depreciation": "None", "depreciationAndAmortization": "59730000", "incomeBeforeTax": "32184000", "incomeTaxExpense": "9930000", "interestAndDebtExpense": "None", "netIncomeFromContinuingOperations": "0", "comprehensiveIncomeNetOfTax": "None", "ebit": "39444000", "ebitda": "99174000", "netIncome": "28342000"}, {"fiscalDateEnding": "2006-03-31", "reportedCurrency": "USD", "grossProfit": "105155000", "totalRevenue": "177988000", "costOfRevenue": "72833000", "costofGoodsAndServicesSold": "72833000", "operatingIncome": "-3804000", "sellingGeneralAndAdministrative": "6764000", "researchAndDevelopment": "0", "operatingExpenses": "64865000", "investmentIncomeNet": "None", "netInterestIncome": "None", "interestIncome": "None", "interestExpense": "44470000", "nonInterestIncome": "None", "otherNonOperatingIncome": "None", "depreciation": "None", "depreciationAndAmortization": "59435000", "incomeBeforeTax": "12007000", "incomeTaxExpense": "28735000", "interestAndDebtExpense": "None", "netIncomeFromContinuingOperations": "0", "comprehensiveIncomeNetOfTax": "None", "ebit": "37277000", "ebitda": "96712000", "netIncome": "12007000"}, {"fiscalDateEnding": "2005-12-31", "reportedCurrency": "USD", "grossProfit": "111984000", "totalRevenue": "181484000", "costOfRevenue": "69500000", "costofGoodsAndServicesSold": "69500000", "operatingIncome": "4193000", "sellingGeneralAndAdministrative": "24819000", "researchAndDevelopment": "0", "operatingExpenses": "64630000", "investmentIncomeNet": "None", "netInterestIncome": "None", "interestIncome": "None", "interestExpense": "43161000", "nonInterestIncome": "None", "otherNonOperatingIncome": "None", "depreciation": "None", "depreciationAndAmortization": "56688000", "incomeBeforeTax": "155166000", "incomeTaxExpense": "82517000", "interestAndDebtExpense": "None", "netIncomeFromContinuingOperations": "0", "comprehensiveIncomeNetOfTax": "None", "ebit": "30260000", "ebitda": "86948000", "netIncome": "68805000"}, {"fiscalDateEnding": "2005-09-30", "reportedCurrency": "USD", "grossProfit": "102847000", "totalRevenue": "174833000", "costOfRevenue": "71986000", "costofGoodsAndServicesSold": "71986000", "operatingIncome": "3106000", "sellingGeneralAndAdministrative": "4913000", "researchAndDevelopment": "0", "operatingExpenses": "58410000", "investmentIncomeNet": "None", "netInterestIncome": "None", "interestIncome": "None", "interestExpense": "41586000", "nonInterestIncome": "None", "otherNonOperatingIncome": "None", "depreciation": "None", "depreciationAndAmortization": "53730000", "incomeBeforeTax": "15135000", "incomeTaxExpense": "29379000", "interestAndDebtExpense": "None", "netIncomeFromContinuingOperations": "0", "comprehensiveIncomeNetOfTax": "None", "ebit": "40225000", "ebitda": "93955000", "netIncome": "15135000"}, {"fiscalDateEnding": "2005-06-30", "reportedCurrency": "USD", "grossProfit": "101616000", "totalRevenue": "169466000", "costOfRevenue": "67850000", "costofGoodsAndServicesSold": "67850000", "operatingIncome": "5561000", "sellingGeneralAndAdministrative": "4909000", "researchAndDevelopment": "0", "operatingExpenses": "56976000", "investmentIncomeNet": "None", "netInterestIncome": "None", "interestIncome": "None", "interestExpense": "38834000", "nonInterestIncome": "None", "otherNonOperatingIncome": "None", "depreciation": "None", "depreciationAndAmortization": "52384000", "incomeBeforeTax": "52441000", "incomeTaxExpense": "-7962000", "interestAndDebtExpense": "None", "netIncomeFromContinuingOperations": "0", "comprehensiveIncomeNetOfTax": "None", "ebit": "40544000", "ebitda": "92928000", "netIncome": "48599000"}, {"fiscalDateEnding": "2005-03-31", "reportedCurrency": "USD", "grossProfit": "113672000", "totalRevenue": "184305000", "costOfRevenue": "70633000", "costofGoodsAndServicesSold": "70633000", "operatingIncome": "6662000", "sellingGeneralAndAdministrative": "7000000", "researchAndDevelopment": "0", "operatingExpenses": "67850000", "investmentIncomeNet": "None", "netInterestIncome": "None", "interestIncome": "None", "interestExpense": "38572000", "nonInterestIncome": "None", "otherNonOperatingIncome": "None", "depreciation": "None", "depreciationAndAmortization": "52390000", "incomeBeforeTax": "14941000", "incomeTaxExpense": "30661000", "interestAndDebtExpense": "None", "netIncomeFromContinuingOperations": "0", "comprehensiveIncomeNetOfTax": "None", "ebit": "43478000", "ebitda": "95868000", "netIncome": "14941000"}, {"fiscalDateEnding": "2004-12-31", "reportedCurrency": "USD", "grossProfit": "546195000", "totalRevenue": "149448000", "costOfRevenue": "-396747000", "costofGoodsAndServicesSold": "-396747000", "operatingIncome": "37193000", "sellingGeneralAndAdministrative": "11094000", "researchAndDevelopment": "0", "operatingExpenses": "112255000", "investmentIncomeNet": "None", "netInterestIncome": "None", "interestIncome": "None", "interestExpense": "35615000", "nonInterestIncome": "None", "otherNonOperatingIncome": "None", "depreciation": "None", "depreciationAndAmortization": "50810000", "incomeBeforeTax": "97152000", "incomeTaxExpense": "71639000", "interestAndDebtExpense": "None", "netIncomeFromContinuingOperations": "0", "comprehensiveIncomeNetOfTax": "None", "ebit": "37193000", "ebitda": "88003000", "netIncome": "20212000"}]}