{"symbol": "OMC", "annualReports": [{"fiscalDateEnding": "2024-12-31", "reportedCurrency": "USD", "grossProfit": "2924400000", "totalRevenue": "15689100000", "costOfRevenue": "12764700000", "costofGoodsAndServicesSold": "12764700000", "operatingIncome": "2274600000", "sellingGeneralAndAdministrative": "408100000", "researchAndDevelopment": "None", "operatingExpenses": "649800000", "investmentIncomeNet": "None", "netInterestIncome": "-148700000", "interestIncome": "100900000", "interestExpense": "247900000", "nonInterestIncome": "None", "otherNonOperatingIncome": "None", "depreciation": "None", "depreciationAndAmortization": "241700000", "incomeBeforeTax": "2127600000", "incomeTaxExpense": "560500000", "interestAndDebtExpense": "None", "netIncomeFromContinuingOperations": "1574000000", "comprehensiveIncomeNetOfTax": "None", "ebit": "2372800000", "ebitda": "2614500000", "netIncome": "1480600000"}, {"fiscalDateEnding": "2023-12-31", "reportedCurrency": "USD", "grossProfit": "2709500000", "totalRevenue": "14692200000", "costOfRevenue": "11982700000", "costofGoodsAndServicesSold": "11982700000", "operatingIncome": "2104700000", "sellingGeneralAndAdministrative": "362600000", "researchAndDevelopment": "None", "operatingExpenses": "604800000", "investmentIncomeNet": "None", "netInterestIncome": "-107400000", "interestIncome": "106700000", "interestExpense": "218500000", "nonInterestIncome": "None", "otherNonOperatingIncome": "None", "depreciation": "None", "depreciationAndAmortization": "211100000", "incomeBeforeTax": "1992900000", "incomeTaxExpense": "524900000", "interestAndDebtExpense": "None", "netIncomeFromContinuingOperations": "1473200000", "comprehensiveIncomeNetOfTax": "None", "ebit": "2211400000", "ebitda": "2422500000", "netIncome": "1391400000"}, {"fiscalDateEnding": "2022-12-31", "reportedCurrency": "USD", "grossProfit": "2681200000", "totalRevenue": "14289100000", "costOfRevenue": "11607900000", "costofGoodsAndServicesSold": "11607900000", "operatingIncome": "2083300000", "sellingGeneralAndAdministrative": "378500000", "researchAndDevelopment": "None", "operatingExpenses": "597900000", "investmentIncomeNet": "None", "netInterestIncome": "-137900000", "interestIncome": "97500000", "interestExpense": "208600000", "nonInterestIncome": "None", "otherNonOperatingIncome": "75900000", "depreciation": "None", "depreciationAndAmortization": "219400000", "incomeBeforeTax": "1945400000", "incomeTaxExpense": "546800000", "interestAndDebtExpense": "None", "netIncomeFromContinuingOperations": "1398600000", "comprehensiveIncomeNetOfTax": "None", "ebit": "2160900000", "ebitda": "2380300000", "netIncome": "1299400000"}, {"fiscalDateEnding": "2021-12-31", "reportedCurrency": "USD", "grossProfit": "2789700000", "totalRevenue": "14289400000", "costOfRevenue": "11499700000", "costofGoodsAndServicesSold": "11499700000", "operatingIncome": "2197900000", "sellingGeneralAndAdministrative": "379700000", "researchAndDevelopment": "None", "operatingExpenses": "591800000", "investmentIncomeNet": "None", "netInterestIncome": "-209100000", "interestIncome": "27300000", "interestExpense": "236400000", "nonInterestIncome": "None", "otherNonOperatingIncome": "34800000", "depreciation": "None", "depreciationAndAmortization": "212100000", "incomeBeforeTax": "1988800000", "incomeTaxExpense": "488700000", "interestAndDebtExpense": "None", "netIncomeFromContinuingOperations": "1500100000", "comprehensiveIncomeNetOfTax": "None", "ebit": "2112100000", "ebitda": "2324200000", "netIncome": "1395600000"}, {"fiscalDateEnding": "2020-12-31", "reportedCurrency": "USD", "grossProfit": "2181900000", "totalRevenue": "13171100000", "costOfRevenue": "10989200000", "costofGoodsAndServicesSold": "10989200000", "operatingIncome": "1598800000", "sellingGeneralAndAdministrative": "360500000", "researchAndDevelopment": "None", "operatingExpenses": "583100000", "investmentIncomeNet": "None", "netInterestIncome": "-197600000", "interestIncome": "32300000", "interestExpense": "221800000", "nonInterestIncome": "None", "otherNonOperatingIncome": "25500000", "depreciation": "None", "depreciationAndAmortization": "222600000", "incomeBeforeTax": "1409300000", "incomeTaxExpense": "381700000", "interestAndDebtExpense": "None", "netIncomeFromContinuingOperations": "1027600000", "comprehensiveIncomeNetOfTax": "None", "ebit": "1731900000", "ebitda": "1954500000", "netIncome": "951200000"}, {"fiscalDateEnding": "2019-12-31", "reportedCurrency": "USD", "grossProfit": "2759700000", "totalRevenue": "14953700000", "costOfRevenue": "12194000000", "costofGoodsAndServicesSold": "12194000000", "operatingIncome": "2122300000", "sellingGeneralAndAdministrative": "405900000", "researchAndDevelopment": "None", "operatingExpenses": "637400000", "investmentIncomeNet": "None", "netInterestIncome": "-192700000", "interestIncome": "60300000", "interestExpense": "244300000", "nonInterestIncome": "None", "otherNonOperatingIncome": "62300000", "depreciation": "None", "depreciationAndAmortization": "231500000", "incomeBeforeTax": "1938300000", "incomeTaxExpense": "504400000", "interestAndDebtExpense": "None", "netIncomeFromContinuingOperations": "1433900000", "comprehensiveIncomeNetOfTax": "None", "ebit": "2069100000", "ebitda": "2300600000", "netIncome": "1339100000"}, {"fiscalDateEnding": "2018-12-31", "reportedCurrency": "USD", "grossProfit": "2852900000", "totalRevenue": "15290200000", "costOfRevenue": "12437300000", "costofGoodsAndServicesSold": "12437300000", "operatingIncome": "2133500000", "sellingGeneralAndAdministrative": "455400000", "researchAndDevelopment": "0", "operatingExpenses": "719400000", "investmentIncomeNet": "None", "netInterestIncome": "-216900000", "interestIncome": "57200000", "interestExpense": "266400000", "nonInterestIncome": "None", "otherNonOperatingIncome": "66100000", "depreciation": "None", "depreciationAndAmortization": "264000000", "incomeBeforeTax": "1924300000", "incomeTaxExpense": "492700000", "interestAndDebtExpense": "None", "netIncomeFromContinuingOperations": "1431600000", "comprehensiveIncomeNetOfTax": "None", "ebit": "2047200000", "ebitda": "2311200000", "netIncome": "1326400000"}, {"fiscalDateEnding": "2017-12-31", "reportedCurrency": "USD", "grossProfit": "2791800000", "totalRevenue": "15273600000", "costOfRevenue": "12481800000", "costofGoodsAndServicesSold": "12481800000", "operatingIncome": "2059700000", "sellingGeneralAndAdministrative": "450000000", "researchAndDevelopment": "0", "operatingExpenses": "732100000", "investmentIncomeNet": "None", "netInterestIncome": "-174800000", "interestIncome": "49700000", "interestExpense": "224500000", "nonInterestIncome": "None", "otherNonOperatingIncome": "53200000", "depreciation": "None", "depreciationAndAmortization": "282100000", "incomeBeforeTax": "1884900000", "incomeTaxExpense": "696200000", "interestAndDebtExpense": "None", "netIncomeFromContinuingOperations": "1188700000", "comprehensiveIncomeNetOfTax": "None", "ebit": "2034800000", "ebitda": "2316900000", "netIncome": "1088400000"}, {"fiscalDateEnding": "2016-12-31", "reportedCurrency": "USD", "grossProfit": "2745700000", "totalRevenue": "15416900000", "costOfRevenue": "12671200000", "costofGoodsAndServicesSold": "12671200000", "operatingIncome": "2008900000", "sellingGeneralAndAdministrative": "443900000", "researchAndDevelopment": "0", "operatingExpenses": "736800000", "investmentIncomeNet": "None", "netInterestIncome": "-167100000", "interestIncome": "42600000", "interestExpense": "167100000", "nonInterestIncome": "None", "otherNonOperatingIncome": "48000000", "depreciation": "None", "depreciationAndAmortization": "292900000", "incomeBeforeTax": "1841800000", "incomeTaxExpense": "600500000", "interestAndDebtExpense": "None", "netIncomeFromContinuingOperations": "1241300000", "comprehensiveIncomeNetOfTax": "None", "ebit": "2008900000", "ebitda": "2301800000", "netIncome": "1148600000"}, {"fiscalDateEnding": "2015-12-31", "reportedCurrency": "USD", "grossProfit": "3772500000", "totalRevenue": "15134400000", "costOfRevenue": "11361900000", "costofGoodsAndServicesSold": "11361900000", "operatingIncome": "1920100000", "sellingGeneralAndAdministrative": "1852400000", "researchAndDevelopment": "0", "operatingExpenses": "1852400000", "investmentIncomeNet": "None", "netInterestIncome": "None", "interestIncome": "141500000", "interestExpense": "181100000", "nonInterestIncome": "None", "otherNonOperatingIncome": "48000000", "depreciation": "None", "depreciationAndAmortization": "291100000", "incomeBeforeTax": "1778600000", "incomeTaxExpense": "583600000", "interestAndDebtExpense": "None", "netIncomeFromContinuingOperations": "1195000000", "comprehensiveIncomeNetOfTax": "None", "ebit": "1959700000", "ebitda": "2250800000", "netIncome": "1093900000"}, {"fiscalDateEnding": "2014-12-31", "reportedCurrency": "USD", "grossProfit": "3967800000", "totalRevenue": "15317800000", "costOfRevenue": "11350000000", "costofGoodsAndServicesSold": "11350000000", "operatingIncome": "1944100000", "sellingGeneralAndAdministrative": "2023700000", "researchAndDevelopment": "0", "operatingExpenses": "13373700000", "investmentIncomeNet": "None", "netInterestIncome": "None", "interestIncome": "None", "interestExpense": "134100000", "nonInterestIncome": "None", "otherNonOperatingIncome": "59300000", "depreciation": "None", "depreciationAndAmortization": "107100000", "incomeBeforeTax": "1810000000", "incomeTaxExpense": "593100000", "interestAndDebtExpense": "None", "netIncomeFromContinuingOperations": "1216900000", "comprehensiveIncomeNetOfTax": "None", "ebit": "2131400000", "ebitda": "2238500000", "netIncome": "1104000000"}, {"fiscalDateEnding": "2013-12-31", "reportedCurrency": "USD", "grossProfit": "3860100000", "totalRevenue": "14584500000", "costOfRevenue": "10724400000", "costofGoodsAndServicesSold": "10724400000", "operatingIncome": "1825300000", "sellingGeneralAndAdministrative": "1993400000", "researchAndDevelopment": "0", "operatingExpenses": "1993400000", "investmentIncomeNet": "None", "netInterestIncome": "None", "interestIncome": "None", "interestExpense": "197200000", "nonInterestIncome": "None", "otherNonOperatingIncome": "48700000", "depreciation": "None", "depreciationAndAmortization": "284800000", "incomeBeforeTax": "1660900000", "incomeTaxExpense": "565200000", "interestAndDebtExpense": "None", "netIncomeFromContinuingOperations": "1095700000", "comprehensiveIncomeNetOfTax": "None", "ebit": "1825300000", "ebitda": "2110100000", "netIncome": "991100000"}, {"fiscalDateEnding": "2012-12-31", "reportedCurrency": "USD", "grossProfit": "3838700000", "totalRevenue": "14219400000", "costOfRevenue": "10380700000", "costofGoodsAndServicesSold": "10380700000", "operatingIncome": "1804200000", "sellingGeneralAndAdministrative": "2034500000", "researchAndDevelopment": "0", "operatingExpenses": "2034500000", "investmentIncomeNet": "None", "netInterestIncome": "None", "interestIncome": "None", "interestExpense": "179700000", "nonInterestIncome": "None", "otherNonOperatingIncome": "20100000", "depreciation": "None", "depreciationAndAmortization": "282700000", "incomeBeforeTax": "1659600000", "incomeTaxExpense": "527100000", "interestAndDebtExpense": "None", "netIncomeFromContinuingOperations": "1132500000", "comprehensiveIncomeNetOfTax": "None", "ebit": "1839300000", "ebitda": "2122000000", "netIncome": "998300000"}, {"fiscalDateEnding": "2011-12-31", "reportedCurrency": "USD", "grossProfit": "3621900000", "totalRevenue": "13872500000", "costOfRevenue": "10250600000", "costofGoodsAndServicesSold": "10250600000", "operatingIncome": "1671100000", "sellingGeneralAndAdministrative": "1950800000", "researchAndDevelopment": "0", "operatingExpenses": "12201400000", "investmentIncomeNet": "None", "netInterestIncome": "None", "interestIncome": "None", "interestExpense": "158100000", "nonInterestIncome": "None", "otherNonOperatingIncome": "53200000", "depreciation": "None", "depreciationAndAmortization": "91400000", "incomeBeforeTax": "1549000000", "incomeTaxExpense": "505800000", "interestAndDebtExpense": "None", "netIncomeFromContinuingOperations": "1043200000", "comprehensiveIncomeNetOfTax": "None", "ebit": "1889400000", "ebitda": "1980800000", "netIncome": "952600000"}, {"fiscalDateEnding": "2010-12-31", "reportedCurrency": "USD", "grossProfit": "3328300000", "totalRevenue": "12542500000", "costOfRevenue": "9214200000", "costofGoodsAndServicesSold": "9214200000", "operatingIncome": "1460200000", "sellingGeneralAndAdministrative": "10829300000", "researchAndDevelopment": "None", "operatingExpenses": "11011500000", "investmentIncomeNet": "None", "netInterestIncome": "None", "interestIncome": "None", "interestExpense": "109800000", "nonInterestIncome": "None", "otherNonOperatingIncome": "58400000", "depreciation": "None", "depreciationAndAmortization": "253000000", "incomeBeforeTax": "1350400000", "incomeTaxExpense": "460200000", "interestAndDebtExpense": "None", "netIncomeFromContinuingOperations": "890200000", "comprehensiveIncomeNetOfTax": "None", "ebit": "1485100000", "ebitda": "1738100000", "netIncome": "827700000"}, {"fiscalDateEnding": "2009-12-31", "reportedCurrency": "USD", "grossProfit": "3270100000", "totalRevenue": "11720700000", "costOfRevenue": "8450600000", "costofGoodsAndServicesSold": "8450600000", "operatingIncome": "1374900000", "sellingGeneralAndAdministrative": "1895200000", "researchAndDevelopment": "0", "operatingExpenses": "10345800000", "investmentIncomeNet": "None", "netInterestIncome": "None", "interestIncome": "None", "interestExpense": "100700000", "nonInterestIncome": "None", "otherNonOperatingIncome": "52300000", "depreciation": "None", "depreciationAndAmortization": "242800000", "incomeBeforeTax": "1274200000", "incomeTaxExpense": "433600000", "interestAndDebtExpense": "None", "netIncomeFromContinuingOperations": "840600000", "comprehensiveIncomeNetOfTax": "None", "ebit": "1374900000", "ebitda": "1617700000", "netIncome": "793000000"}, {"fiscalDateEnding": "2008-12-31", "reportedCurrency": "USD", "grossProfit": "13359900000", "totalRevenue": "13359900000", "costOfRevenue": "11434600000", "costofGoodsAndServicesSold": "11434600000", "operatingIncome": "1689400000", "sellingGeneralAndAdministrative": "11670500000", "researchAndDevelopment": "None", "operatingExpenses": "11670500000", "investmentIncomeNet": "None", "netInterestIncome": "None", "interestIncome": "None", "interestExpense": "124600000", "nonInterestIncome": "None", "otherNonOperatingIncome": "None", "depreciation": "None", "depreciationAndAmortization": "295200000", "incomeBeforeTax": "1615100000", "incomeTaxExpense": "542700000", "interestAndDebtExpense": "None", "netIncomeFromContinuingOperations": "None", "comprehensiveIncomeNetOfTax": "None", "ebit": "1680400000", "ebitda": "1975600000", "netIncome": "1000300000"}, {"fiscalDateEnding": "2007-12-31", "reportedCurrency": "USD", "grossProfit": "12694000000", "totalRevenue": "12694000000", "costOfRevenue": "10826300000", "costofGoodsAndServicesSold": "10826300000", "operatingIncome": "1659100000", "sellingGeneralAndAdministrative": "11034900000", "researchAndDevelopment": "None", "operatingExpenses": "11034900000", "investmentIncomeNet": "None", "netInterestIncome": "None", "interestIncome": "None", "interestExpense": "106900000", "nonInterestIncome": "None", "otherNonOperatingIncome": "None", "depreciation": "None", "depreciationAndAmortization": "277300000", "incomeBeforeTax": "1585100000", "incomeTaxExpense": "536900000", "interestAndDebtExpense": "None", "netIncomeFromContinuingOperations": "None", "comprehensiveIncomeNetOfTax": "None", "ebit": "1623300000", "ebitda": "1900600000", "netIncome": "975700000"}, {"fiscalDateEnding": "2006-12-31", "reportedCurrency": "USD", "grossProfit": "11376900000", "totalRevenue": "11376900000", "costOfRevenue": "9702900000", "costofGoodsAndServicesSold": "9702900000", "operatingIncome": "1483500000", "sellingGeneralAndAdministrative": "9893400000", "researchAndDevelopment": "None", "operatingExpenses": "9893400000", "investmentIncomeNet": "None", "netInterestIncome": "None", "interestIncome": "None", "interestExpense": "124900000", "nonInterestIncome": "None", "otherNonOperatingIncome": "None", "depreciation": "None", "depreciationAndAmortization": "261100000", "incomeBeforeTax": "1391900000", "incomeTaxExpense": "466900000", "interestAndDebtExpense": "None", "netIncomeFromContinuingOperations": "None", "comprehensiveIncomeNetOfTax": "None", "ebit": "1222400000", "ebitda": "1483500000", "netIncome": "864000000"}, {"fiscalDateEnding": "2005-12-31", "reportedCurrency": "USD", "grossProfit": "10481100000", "totalRevenue": "10481100000", "costOfRevenue": "8973000000", "costofGoodsAndServicesSold": "8973000000", "operatingIncome": "1339800000", "sellingGeneralAndAdministrative": "9141300000", "researchAndDevelopment": "None", "operatingExpenses": "9141300000", "investmentIncomeNet": "None", "netInterestIncome": "None", "interestIncome": "None", "interestExpense": "0", "nonInterestIncome": "None", "otherNonOperatingIncome": "None", "depreciation": "None", "depreciationAndAmortization": "262200000", "incomeBeforeTax": "1280600000", "incomeTaxExpense": "435300000", "interestAndDebtExpense": "None", "netIncomeFromContinuingOperations": "None", "comprehensiveIncomeNetOfTax": "None", "ebit": "1339800000", "ebitda": "1602000000", "netIncome": "790700000"}], "quarterlyReports": [{"fiscalDateEnding": "2025-03-31", "reportedCurrency": "USD", "grossProfit": "629500000", "totalRevenue": "3690400000", "costOfRevenue": "3060900000", "costofGoodsAndServicesSold": "3060900000", "operatingIncome": "452600000", "sellingGeneralAndAdministrative": "84100000", "researchAndDevelopment": "None", "operatingExpenses": "176900000", "investmentIncomeNet": "None", "netInterestIncome": "-29400000", "interestIncome": "29700000", "interestExpense": "59100000", "nonInterestIncome": "None", "otherNonOperatingIncome": "None", "depreciation": "None", "depreciationAndAmortization": "59000000", "incomeBeforeTax": "423200000", "incomeTaxExpense": "120700000", "interestAndDebtExpense": "None", "netIncomeFromContinuingOperations": "303400000", "comprehensiveIncomeNetOfTax": "None", "ebit": "482300000", "ebitda": "541300000", "netIncome": "287700000"}, {"fiscalDateEnding": "2024-12-31", "reportedCurrency": "USD", "grossProfit": "857900000", "totalRevenue": "4322200000", "costOfRevenue": "3464300000", "costofGoodsAndServicesSold": "3464300000", "operatingIncome": "685300000", "sellingGeneralAndAdministrative": "112300000", "researchAndDevelopment": "None", "operatingExpenses": "172600000", "investmentIncomeNet": "None", "netInterestIncome": "-39800000", "interestIncome": "26900000", "interestExpense": "65000000", "nonInterestIncome": "None", "otherNonOperatingIncome": "None", "depreciation": "None", "depreciationAndAmortization": "60300000", "incomeBeforeTax": "647200000", "incomeTaxExpense": "170600000", "interestAndDebtExpense": "None", "netIncomeFromContinuingOperations": "478900000", "comprehensiveIncomeNetOfTax": "None", "ebit": "709500000", "ebitda": "769800000", "netIncome": "448000000"}, {"fiscalDateEnding": "2024-09-30", "reportedCurrency": "USD", "grossProfit": "761000000", "totalRevenue": "3882600000", "costOfRevenue": "3121600000", "costofGoodsAndServicesSold": "3121600000", "operatingIncome": "600100000", "sellingGeneralAndAdministrative": "99500000", "researchAndDevelopment": "None", "operatingExpenses": "99500000", "investmentIncomeNet": "None", "netInterestIncome": "-40400000", "interestIncome": "26000000", "interestExpense": "66400000", "nonInterestIncome": "None", "otherNonOperatingIncome": "None", "depreciation": "None", "depreciationAndAmortization": "61400000", "incomeBeforeTax": "559700000", "incomeTaxExpense": "150200000", "interestAndDebtExpense": "None", "netIncomeFromContinuingOperations": "409900000", "comprehensiveIncomeNetOfTax": "None", "ebit": "626100000", "ebitda": "687500000", "netIncome": "385900000"}, {"fiscalDateEnding": "2024-06-30", "reportedCurrency": "USD", "grossProfit": "679100000", "totalRevenue": "3853800000", "costOfRevenue": "3174700000", "costofGoodsAndServicesSold": "3174700000", "operatingIncome": "568100000", "sellingGeneralAndAdministrative": "111000000", "researchAndDevelopment": "None", "operatingExpenses": "111000000", "investmentIncomeNet": "None", "netInterestIncome": "-41700000", "interestIncome": "21000000", "interestExpense": "62700000", "nonInterestIncome": "None", "otherNonOperatingIncome": "None", "depreciation": "None", "depreciationAndAmortization": "60400000", "incomeBeforeTax": "468600000", "incomeTaxExpense": "123700000", "interestAndDebtExpense": "None", "netIncomeFromContinuingOperations": "348200000", "comprehensiveIncomeNetOfTax": "None", "ebit": "568100000", "ebitda": "628500000", "netIncome": "328100000"}, {"fiscalDateEnding": "2024-03-31", "reportedCurrency": "USD", "grossProfit": "564200000", "totalRevenue": "3630500000", "costOfRevenue": "3066300000", "costofGoodsAndServicesSold": "3066300000", "operatingIncome": "478900000", "sellingGeneralAndAdministrative": "85300000", "researchAndDevelopment": "None", "operatingExpenses": "85300000", "investmentIncomeNet": "None", "netInterestIncome": "-26800000", "interestIncome": "27000000", "interestExpense": "53800000", "nonInterestIncome": "None", "otherNonOperatingIncome": "None", "depreciation": "None", "depreciationAndAmortization": "59600000", "incomeBeforeTax": "452100000", "incomeTaxExpense": "116000000", "interestAndDebtExpense": "None", "netIncomeFromContinuingOperations": "337000000", "comprehensiveIncomeNetOfTax": "None", "ebit": "478900000", "ebitda": "538500000", "netIncome": "318600000"}, {"fiscalDateEnding": "2023-12-31", "reportedCurrency": "USD", "grossProfit": "816000000", "totalRevenue": "4060900000", "costOfRevenue": "3244900000", "costofGoodsAndServicesSold": "3244900000", "operatingIncome": "646700000", "sellingGeneralAndAdministrative": "115600000", "researchAndDevelopment": "None", "operatingExpenses": "169300000", "investmentIncomeNet": "None", "netInterestIncome": "-28700000", "interestIncome": "25800000", "interestExpense": "49700000", "nonInterestIncome": "None", "otherNonOperatingIncome": "None", "depreciation": "None", "depreciationAndAmortization": "53700000", "incomeBeforeTax": "619900000", "incomeTaxExpense": "164200000", "interestAndDebtExpense": "None", "netIncomeFromContinuingOperations": "457800000", "comprehensiveIncomeNetOfTax": "None", "ebit": "538400000", "ebitda": "592100000", "netIncome": "337600000"}, {"fiscalDateEnding": "2023-09-30", "reportedCurrency": "USD", "grossProfit": "703000000", "totalRevenue": "3578100000", "costOfRevenue": "2875100000", "costofGoodsAndServicesSold": "2875100000", "operatingIncome": "560800000", "sellingGeneralAndAdministrative": "378400000", "researchAndDevelopment": "None", "operatingExpenses": "142200000", "investmentIncomeNet": "None", "netInterestIncome": "-38300000", "interestIncome": "38300000", "interestExpense": "53500000", "nonInterestIncome": "None", "otherNonOperatingIncome": "None", "depreciation": "None", "depreciationAndAmortization": "52400000", "incomeBeforeTax": "522500000", "incomeTaxExpense": "136100000", "interestAndDebtExpense": "None", "netIncomeFromContinuingOperations": "388300000", "comprehensiveIncomeNetOfTax": "None", "ebit": "576000000", "ebitda": "628400000", "netIncome": "371900000"}, {"fiscalDateEnding": "2023-06-30", "reportedCurrency": "USD", "grossProfit": "700900000", "totalRevenue": "3609900000", "costOfRevenue": "2909000000", "costofGoodsAndServicesSold": "2909000000", "operatingIncome": "550700000", "sellingGeneralAndAdministrative": "396800000", "researchAndDevelopment": "None", "operatingExpenses": "150200000", "investmentIncomeNet": "None", "netInterestIncome": "-27400000", "interestIncome": "27400000", "interestExpense": "57500000", "nonInterestIncome": "None", "otherNonOperatingIncome": "31200000", "depreciation": "None", "depreciationAndAmortization": "51100000", "incomeBeforeTax": "523300000", "incomeTaxExpense": "141200000", "interestAndDebtExpense": "None", "netIncomeFromContinuingOperations": "383200000", "comprehensiveIncomeNetOfTax": "None", "ebit": "580800000", "ebitda": "631900000", "netIncome": "366300000"}, {"fiscalDateEnding": "2023-03-31", "reportedCurrency": "USD", "grossProfit": "489600000", "totalRevenue": "3443300000", "costOfRevenue": "2953700000", "costofGoodsAndServicesSold": "2953700000", "operatingIncome": "346500000", "sellingGeneralAndAdministrative": "89200000", "researchAndDevelopment": "None", "operatingExpenses": "143100000", "investmentIncomeNet": "None", "netInterestIncome": "-19300000", "interestIncome": "35600000", "interestExpense": "54900000", "nonInterestIncome": "None", "otherNonOperatingIncome": "35700000", "depreciation": "None", "depreciationAndAmortization": "53900000", "incomeBeforeTax": "327200000", "incomeTaxExpense": "83400000", "interestAndDebtExpense": "None", "netIncomeFromContinuingOperations": "243800000", "comprehensiveIncomeNetOfTax": "None", "ebit": "382100000", "ebitda": "436000000", "netIncome": "227500000"}, {"fiscalDateEnding": "2022-12-31", "reportedCurrency": "USD", "grossProfit": "781800000", "totalRevenue": "3868200000", "costOfRevenue": "3086400000", "costofGoodsAndServicesSold": "3086400000", "operatingIncome": "642700000", "sellingGeneralAndAdministrative": "84500000", "researchAndDevelopment": "None", "operatingExpenses": "139100000", "investmentIncomeNet": "None", "netInterestIncome": "-25900000", "interestIncome": "25900000", "interestExpense": "54400000", "nonInterestIncome": "None", "otherNonOperatingIncome": "31100000", "depreciation": "None", "depreciationAndAmortization": "54600000", "incomeBeforeTax": "616800000", "incomeTaxExpense": "163500000", "interestAndDebtExpense": "None", "netIncomeFromContinuingOperations": "453300000", "comprehensiveIncomeNetOfTax": "None", "ebit": "606900000", "ebitda": "661500000", "netIncome": "412700000"}, {"fiscalDateEnding": "2022-09-30", "reportedCurrency": "USD", "grossProfit": "686300000", "totalRevenue": "3443400000", "costOfRevenue": "2757100000", "costofGoodsAndServicesSold": "2757100000", "operatingIncome": "546000000", "sellingGeneralAndAdministrative": "367400000", "researchAndDevelopment": "None", "operatingExpenses": "140300000", "investmentIncomeNet": "None", "netInterestIncome": "-29100000", "interestIncome": "29100000", "interestExpense": "52000000", "nonInterestIncome": "None", "otherNonOperatingIncome": "24000000", "depreciation": "None", "depreciationAndAmortization": "53900000", "incomeBeforeTax": "516900000", "incomeTaxExpense": "134700000", "interestAndDebtExpense": "None", "netIncomeFromContinuingOperations": "382200000", "comprehensiveIncomeNetOfTax": "None", "ebit": "568900000", "ebitda": "622800000", "netIncome": "364500000"}, {"fiscalDateEnding": "2022-06-30", "reportedCurrency": "USD", "grossProfit": "708200000", "totalRevenue": "3567200000", "costOfRevenue": "2859000000", "costofGoodsAndServicesSold": "2859000000", "operatingIncome": "541600000", "sellingGeneralAndAdministrative": "110900000", "researchAndDevelopment": "None", "operatingExpenses": "166600000", "investmentIncomeNet": "None", "netInterestIncome": "-40100000", "interestIncome": "11100000", "interestExpense": "51200000", "nonInterestIncome": "None", "otherNonOperatingIncome": "12700000", "depreciation": "None", "depreciationAndAmortization": "55700000", "incomeBeforeTax": "501500000", "incomeTaxExpense": "133100000", "interestAndDebtExpense": "None", "netIncomeFromContinuingOperations": "370000000", "comprehensiveIncomeNetOfTax": "None", "ebit": "552700000", "ebitda": "608400000", "netIncome": "348400000"}, {"fiscalDateEnding": "2022-03-31", "reportedCurrency": "USD", "grossProfit": "504900000", "totalRevenue": "3410300000", "costOfRevenue": "2905400000", "costofGoodsAndServicesSold": "2905400000", "operatingIncome": "353000000", "sellingGeneralAndAdministrative": "96700000", "researchAndDevelopment": "None", "operatingExpenses": "151900000", "investmentIncomeNet": "None", "netInterestIncome": "-42800000", "interestIncome": "8200000", "interestExpense": "51000000", "nonInterestIncome": "None", "otherNonOperatingIncome": "8100000", "depreciation": "None", "depreciationAndAmortization": "55200000", "incomeBeforeTax": "310200000", "incomeTaxExpense": "115500000", "interestAndDebtExpense": "None", "netIncomeFromContinuingOperations": "194600000", "comprehensiveIncomeNetOfTax": "None", "ebit": "361200000", "ebitda": "416400000", "netIncome": "173800000"}, {"fiscalDateEnding": "2021-12-31", "reportedCurrency": "USD", "grossProfit": "786600000", "totalRevenue": "3855900000", "costOfRevenue": "3069300000", "costofGoodsAndServicesSold": "3069300000", "operatingIncome": "622500000", "sellingGeneralAndAdministrative": "109900000", "researchAndDevelopment": "None", "operatingExpenses": "164100000", "investmentIncomeNet": "None", "netInterestIncome": "-44400000", "interestIncome": "7200000", "interestExpense": "51600000", "nonInterestIncome": "None", "otherNonOperatingIncome": "12600000", "depreciation": "None", "depreciationAndAmortization": "54200000", "incomeBeforeTax": "578100000", "incomeTaxExpense": "133600000", "interestAndDebtExpense": "None", "netIncomeFromContinuingOperations": "444500000", "comprehensiveIncomeNetOfTax": "None", "ebit": "587200000", "ebitda": "641400000", "netIncome": "416200000"}, {"fiscalDateEnding": "2021-09-30", "reportedCurrency": "USD", "grossProfit": "687700000", "totalRevenue": "3435000000", "costOfRevenue": "2747300000", "costofGoodsAndServicesSold": "2747300000", "operatingIncome": "541600000", "sellingGeneralAndAdministrative": "95000000", "researchAndDevelopment": "None", "operatingExpenses": "146100000", "investmentIncomeNet": "None", "netInterestIncome": "-43700000", "interestIncome": "7000000", "interestExpense": "50700000", "nonInterestIncome": "None", "otherNonOperatingIncome": "9200000", "depreciation": "None", "depreciationAndAmortization": "51100000", "incomeBeforeTax": "497900000", "incomeTaxExpense": "120000000", "interestAndDebtExpense": "None", "netIncomeFromContinuingOperations": "380100000", "comprehensiveIncomeNetOfTax": "None", "ebit": "548600000", "ebitda": "599700000", "netIncome": "355600000"}, {"fiscalDateEnding": "2021-06-30", "reportedCurrency": "USD", "grossProfit": "725100000", "totalRevenue": "3571600000", "costOfRevenue": "2846500000", "costofGoodsAndServicesSold": "2846500000", "operatingIncome": "568400000", "sellingGeneralAndAdministrative": "103200000", "researchAndDevelopment": "None", "operatingExpenses": "156700000", "investmentIncomeNet": "None", "netInterestIncome": "-73500000", "interestIncome": "6800000", "interestExpense": "80300000", "nonInterestIncome": "None", "otherNonOperatingIncome": "6700000", "depreciation": "None", "depreciationAndAmortization": "53500000", "incomeBeforeTax": "494900000", "incomeTaxExpense": "123200000", "interestAndDebtExpense": "None", "netIncomeFromContinuingOperations": "371600000", "comprehensiveIncomeNetOfTax": "None", "ebit": "575200000", "ebitda": "628700000", "netIncome": "348200000"}, {"fiscalDateEnding": "2021-03-31", "reportedCurrency": "USD", "grossProfit": "590300000", "totalRevenue": "3426900000", "costOfRevenue": "2836600000", "costofGoodsAndServicesSold": "2836600000", "operatingIncome": "465400000", "sellingGeneralAndAdministrative": "71600000", "researchAndDevelopment": "None", "operatingExpenses": "124900000", "investmentIncomeNet": "None", "netInterestIncome": "-47500000", "interestIncome": "47500000", "interestExpense": "53800000", "nonInterestIncome": "None", "otherNonOperatingIncome": "6300000", "depreciation": "None", "depreciationAndAmortization": "53300000", "incomeBeforeTax": "417900000", "incomeTaxExpense": "111900000", "interestAndDebtExpense": "None", "netIncomeFromContinuingOperations": "306000000", "comprehensiveIncomeNetOfTax": "None", "ebit": "471700000", "ebitda": "525000000", "netIncome": "287800000"}, {"fiscalDateEnding": "2020-12-31", "reportedCurrency": "USD", "grossProfit": "769900000", "totalRevenue": "3757000000", "costOfRevenue": "2987100000", "costofGoodsAndServicesSold": "2987100000", "operatingIncome": "614700000", "sellingGeneralAndAdministrative": "86800000", "researchAndDevelopment": "None", "operatingExpenses": "155200000", "investmentIncomeNet": "None", "netInterestIncome": "-56100000", "interestIncome": "7200000", "interestExpense": "55300000", "nonInterestIncome": "None", "otherNonOperatingIncome": "10600000", "depreciation": "None", "depreciationAndAmortization": "53800000", "incomeBeforeTax": "566700000", "incomeTaxExpense": "141500000", "interestAndDebtExpense": "None", "netIncomeFromContinuingOperations": "425200000", "comprehensiveIncomeNetOfTax": "None", "ebit": "469900000", "ebitda": "523700000", "netIncome": "398100000"}, {"fiscalDateEnding": "2020-09-30", "reportedCurrency": "USD", "grossProfit": "646300000", "totalRevenue": "3206500000", "costOfRevenue": "2560200000", "costofGoodsAndServicesSold": "2560200000", "operatingIncome": "501400000", "sellingGeneralAndAdministrative": "90200000", "researchAndDevelopment": "None", "operatingExpenses": "144900000", "investmentIncomeNet": "None", "netInterestIncome": "-48500000", "interestIncome": "48500000", "interestExpense": "54400000", "nonInterestIncome": "None", "otherNonOperatingIncome": "8800000", "depreciation": "None", "depreciationAndAmortization": "54700000", "incomeBeforeTax": "452900000", "incomeTaxExpense": "120900000", "interestAndDebtExpense": "None", "netIncomeFromContinuingOperations": "332000000", "comprehensiveIncomeNetOfTax": "None", "ebit": "507300000", "ebitda": "562000000", "netIncome": "313300000"}, {"fiscalDateEnding": "2020-06-30", "reportedCurrency": "USD", "grossProfit": "201700000", "totalRevenue": "2800700000", "costOfRevenue": "2599000000", "costofGoodsAndServicesSold": "2599000000", "operatingIncome": "62500000", "sellingGeneralAndAdministrative": "82100000", "researchAndDevelopment": "None", "operatingExpenses": "139200000", "investmentIncomeNet": "None", "netInterestIncome": "-47200000", "interestIncome": "6500000", "interestExpense": "53700000", "nonInterestIncome": "None", "otherNonOperatingIncome": "-1300000", "depreciation": "None", "depreciationAndAmortization": "57100000", "incomeBeforeTax": "15300000", "incomeTaxExpense": "21900000", "interestAndDebtExpense": "None", "netIncomeFromContinuingOperations": "-6600000", "comprehensiveIncomeNetOfTax": "None", "ebit": "69000000", "ebitda": "126100000", "netIncome": "-24200000"}, {"fiscalDateEnding": "2020-03-31", "reportedCurrency": "USD", "grossProfit": "564000000", "totalRevenue": "3406900000", "costOfRevenue": "2842900000", "costofGoodsAndServicesSold": "2842900000", "operatingIncome": "420200000", "sellingGeneralAndAdministrative": "86800000", "researchAndDevelopment": "None", "operatingExpenses": "143800000", "investmentIncomeNet": "None", "netInterestIncome": "-45800000", "interestIncome": "12700000", "interestExpense": "58500000", "nonInterestIncome": "None", "otherNonOperatingIncome": "7400000", "depreciation": "None", "depreciationAndAmortization": "57000000", "incomeBeforeTax": "374400000", "incomeTaxExpense": "97400000", "interestAndDebtExpense": "None", "netIncomeFromContinuingOperations": "277000000", "comprehensiveIncomeNetOfTax": "None", "ebit": "420200000", "ebitda": "477200000", "netIncome": "258100000"}, {"fiscalDateEnding": "2019-12-31", "reportedCurrency": "USD", "grossProfit": "800100000", "totalRevenue": "4141200000", "costOfRevenue": "3341100000", "costofGoodsAndServicesSold": "3341100000", "operatingIncome": "646400000", "sellingGeneralAndAdministrative": "97500000", "researchAndDevelopment": "None", "operatingExpenses": "153700000", "investmentIncomeNet": "None", "netInterestIncome": "-47200000", "interestIncome": "13400000", "interestExpense": "52000000", "nonInterestIncome": "None", "otherNonOperatingIncome": "14200000", "depreciation": "None", "depreciationAndAmortization": "56200000", "incomeBeforeTax": "607800000", "incomeTaxExpense": "158800000", "interestAndDebtExpense": "None", "netIncomeFromContinuingOperations": "449100000", "comprehensiveIncomeNetOfTax": "None", "ebit": "599200000", "ebitda": "655400000", "netIncome": "415000000"}, {"fiscalDateEnding": "2019-09-30", "reportedCurrency": "USD", "grossProfit": "628400000", "totalRevenue": "3623800000", "costOfRevenue": "2995400000", "costofGoodsAndServicesSold": "2995400000", "operatingIncome": "473300000", "sellingGeneralAndAdministrative": "97200000", "researchAndDevelopment": "None", "operatingExpenses": "155100000", "investmentIncomeNet": "None", "netInterestIncome": "-49300000", "interestIncome": "13500000", "interestExpense": "62800000", "nonInterestIncome": "None", "otherNonOperatingIncome": "14000000", "depreciation": "None", "depreciationAndAmortization": "57900000", "incomeBeforeTax": "424000000", "incomeTaxExpense": "112300000", "interestAndDebtExpense": "None", "netIncomeFromContinuingOperations": "311700000", "comprehensiveIncomeNetOfTax": "None", "ebit": "473300000", "ebitda": "531200000", "netIncome": "290200000"}, {"fiscalDateEnding": "2019-06-30", "reportedCurrency": "USD", "grossProfit": "739200000", "totalRevenue": "3719800000", "costOfRevenue": "2980600000", "costofGoodsAndServicesSold": "2980600000", "operatingIncome": "573700000", "sellingGeneralAndAdministrative": "107700000", "researchAndDevelopment": "None", "operatingExpenses": "165500000", "investmentIncomeNet": "None", "netInterestIncome": "-50200000", "interestIncome": "16400000", "interestExpense": "66600000", "nonInterestIncome": "None", "otherNonOperatingIncome": "17600000", "depreciation": "None", "depreciationAndAmortization": "57800000", "incomeBeforeTax": "523500000", "incomeTaxExpense": "130600000", "interestAndDebtExpense": "None", "netIncomeFromContinuingOperations": "392900000", "comprehensiveIncomeNetOfTax": "None", "ebit": "573700000", "ebitda": "631500000", "netIncome": "370700000"}, {"fiscalDateEnding": "2019-03-31", "reportedCurrency": "USD", "grossProfit": "592100000", "totalRevenue": "3468900000", "costOfRevenue": "2876800000", "costofGoodsAndServicesSold": "2876800000", "operatingIncome": "428900000", "sellingGeneralAndAdministrative": "103600000", "researchAndDevelopment": "0", "operatingExpenses": "163200000", "investmentIncomeNet": "None", "netInterestIncome": "-46000000", "interestIncome": "17000000", "interestExpense": "63000000", "nonInterestIncome": "None", "otherNonOperatingIncome": "16500000", "depreciation": "None", "depreciationAndAmortization": "59600000", "incomeBeforeTax": "382900000", "incomeTaxExpense": "102700000", "interestAndDebtExpense": "None", "netIncomeFromContinuingOperations": "280200000", "comprehensiveIncomeNetOfTax": "None", "ebit": "428900000", "ebitda": "488500000", "netIncome": "263200000"}, {"fiscalDateEnding": "2018-12-31", "reportedCurrency": "USD", "grossProfit": "807500000", "totalRevenue": "4086700000", "costOfRevenue": "3279200000", "costofGoodsAndServicesSold": "3279200000", "operatingIncome": "627200000", "sellingGeneralAndAdministrative": "119100000", "researchAndDevelopment": "0", "operatingExpenses": "180300000", "investmentIncomeNet": "None", "netInterestIncome": "None", "interestIncome": "None", "interestExpense": "68300000", "nonInterestIncome": "None", "otherNonOperatingIncome": "20600000", "depreciation": "None", "depreciationAndAmortization": "61300000", "incomeBeforeTax": "574100000", "incomeTaxExpense": "149700000", "interestAndDebtExpense": "None", "netIncomeFromContinuingOperations": "424300000", "comprehensiveIncomeNetOfTax": "None", "ebit": "572100000", "ebitda": "633400000", "netIncome": "399200000"}, {"fiscalDateEnding": "2018-09-30", "reportedCurrency": "USD", "grossProfit": "681700000", "totalRevenue": "3714300000", "costOfRevenue": "3032600000", "costofGoodsAndServicesSold": "3032600000", "operatingIncome": "502300000", "sellingGeneralAndAdministrative": "113500000", "researchAndDevelopment": "0", "operatingExpenses": "179400000", "investmentIncomeNet": "None", "netInterestIncome": "None", "interestIncome": "None", "interestExpense": "69400000", "nonInterestIncome": "None", "otherNonOperatingIncome": "13700000", "depreciation": "None", "depreciationAndAmortization": "65900000", "incomeBeforeTax": "445600000", "incomeTaxExpense": "115300000", "interestAndDebtExpense": "None", "netIncomeFromContinuingOperations": "330300000", "comprehensiveIncomeNetOfTax": "None", "ebit": "471100000", "ebitda": "537000000", "netIncome": "298900000"}, {"fiscalDateEnding": "2018-06-30", "reportedCurrency": "USD", "grossProfit": "767100000", "totalRevenue": "3859600000", "costOfRevenue": "3092500000", "costofGoodsAndServicesSold": "3092500000", "operatingIncome": "582300000", "sellingGeneralAndAdministrative": "117400000", "researchAndDevelopment": "0", "operatingExpenses": "184800000", "investmentIncomeNet": "None", "netInterestIncome": "None", "interestIncome": "None", "interestExpense": "66400000", "nonInterestIncome": "None", "otherNonOperatingIncome": "15600000", "depreciation": "None", "depreciationAndAmortization": "67400000", "incomeBeforeTax": "529800000", "incomeTaxExpense": "136700000", "interestAndDebtExpense": "None", "netIncomeFromContinuingOperations": "393100000", "comprehensiveIncomeNetOfTax": "None", "ebit": "582300000", "ebitda": "649700000", "netIncome": "364200000"}, {"fiscalDateEnding": "2018-03-31", "reportedCurrency": "USD", "grossProfit": "596500000", "totalRevenue": "3629600000", "costOfRevenue": "3033100000", "costofGoodsAndServicesSold": "3033100000", "operatingIncome": "421700000", "sellingGeneralAndAdministrative": "105400000", "researchAndDevelopment": "0", "operatingExpenses": "174800000", "investmentIncomeNet": "None", "netInterestIncome": "None", "interestIncome": "None", "interestExpense": "62300000", "nonInterestIncome": "None", "otherNonOperatingIncome": "16200000", "depreciation": "None", "depreciationAndAmortization": "69400000", "incomeBeforeTax": "374800000", "incomeTaxExpense": "90900000", "interestAndDebtExpense": "None", "netIncomeFromContinuingOperations": "283900000", "comprehensiveIncomeNetOfTax": "None", "ebit": "421700000", "ebitda": "491100000", "netIncome": "264100000"}, {"fiscalDateEnding": "2017-12-31", "reportedCurrency": "USD", "grossProfit": "811400000", "totalRevenue": "4176600000", "costOfRevenue": "3365200000", "costofGoodsAndServicesSold": "3365200000", "operatingIncome": "620100000", "sellingGeneralAndAdministrative": "121400000", "researchAndDevelopment": "0", "operatingExpenses": "191300000", "investmentIncomeNet": "None", "netInterestIncome": "None", "interestIncome": "None", "interestExpense": "55300000", "nonInterestIncome": "None", "otherNonOperatingIncome": "12400000", "depreciation": "None", "depreciationAndAmortization": "69800000", "incomeBeforeTax": "576500000", "incomeTaxExpense": "289500000", "interestAndDebtExpense": "None", "netIncomeFromContinuingOperations": "287100000", "comprehensiveIncomeNetOfTax": "None", "ebit": "602200000", "ebitda": "672000000", "netIncome": "254400000"}, {"fiscalDateEnding": "2017-09-30", "reportedCurrency": "USD", "grossProfit": "632300000", "totalRevenue": "3719500000", "costOfRevenue": "3087200000", "costofGoodsAndServicesSold": "3087200000", "operatingIncome": "464200000", "sellingGeneralAndAdministrative": "99500000", "researchAndDevelopment": "0", "operatingExpenses": "168100000", "investmentIncomeNet": "None", "netInterestIncome": "None", "interestIncome": "None", "interestExpense": "59000000", "nonInterestIncome": "None", "otherNonOperatingIncome": "13700000", "depreciation": "None", "depreciationAndAmortization": "68600000", "incomeBeforeTax": "417800000", "incomeTaxExpense": "132000000", "interestAndDebtExpense": "None", "netIncomeFromContinuingOperations": "285800000", "comprehensiveIncomeNetOfTax": "None", "ebit": "470200000", "ebitda": "538800000", "netIncome": "263600000"}, {"fiscalDateEnding": "2017-06-30", "reportedCurrency": "USD", "grossProfit": "757000000", "totalRevenue": "3790100000", "costOfRevenue": "3033100000", "costofGoodsAndServicesSold": "3033100000", "operatingIncome": "565500000", "sellingGeneralAndAdministrative": "120400000", "researchAndDevelopment": "0", "operatingExpenses": "191500000", "investmentIncomeNet": "None", "netInterestIncome": "None", "interestIncome": "None", "interestExpense": "56800000", "nonInterestIncome": "None", "otherNonOperatingIncome": "13100000", "depreciation": "None", "depreciationAndAmortization": "71100000", "incomeBeforeTax": "520200000", "incomeTaxExpense": "166700000", "interestAndDebtExpense": "None", "netIncomeFromContinuingOperations": "353500000", "comprehensiveIncomeNetOfTax": "None", "ebit": "571500000", "ebitda": "642600000", "netIncome": "328600000"}, {"fiscalDateEnding": "2017-03-31", "reportedCurrency": "USD", "grossProfit": "591200000", "totalRevenue": "3587400000", "costOfRevenue": "2996200000", "costofGoodsAndServicesSold": "2996200000", "operatingIncome": "409900000", "sellingGeneralAndAdministrative": "108600000", "researchAndDevelopment": "0", "operatingExpenses": "181300000", "investmentIncomeNet": "None", "netInterestIncome": "None", "interestIncome": "None", "interestExpense": "53500000", "nonInterestIncome": "None", "otherNonOperatingIncome": "14000000", "depreciation": "None", "depreciationAndAmortization": "72700000", "incomeBeforeTax": "370300000", "incomeTaxExpense": "108000000", "interestAndDebtExpense": "None", "netIncomeFromContinuingOperations": "262300000", "comprehensiveIncomeNetOfTax": "None", "ebit": "415700000", "ebitda": "488400000", "netIncome": "241800000"}, {"fiscalDateEnding": "2016-12-31", "reportedCurrency": "USD", "grossProfit": "795300000", "totalRevenue": "4241800000", "costOfRevenue": "3446500000", "costofGoodsAndServicesSold": "3446500000", "operatingIncome": "601900000", "sellingGeneralAndAdministrative": "120800000", "researchAndDevelopment": "0", "operatingExpenses": "193400000", "investmentIncomeNet": "None", "netInterestIncome": "None", "interestIncome": "None", "interestExpense": "40200000", "nonInterestIncome": "None", "otherNonOperatingIncome": "13400000", "depreciation": "None", "depreciationAndAmortization": "72600000", "incomeBeforeTax": "561700000", "incomeTaxExpense": "182700000", "interestAndDebtExpense": "None", "netIncomeFromContinuingOperations": "378900000", "comprehensiveIncomeNetOfTax": "None", "ebit": "601900000", "ebitda": "674500000", "netIncome": "350300000"}, {"fiscalDateEnding": "2016-09-30", "reportedCurrency": "USD", "grossProfit": "630300000", "totalRevenue": "3791100000", "costOfRevenue": "3160800000", "costofGoodsAndServicesSold": "3160800000", "operatingIncome": "453100000", "sellingGeneralAndAdministrative": "104100000", "researchAndDevelopment": "0", "operatingExpenses": "177200000", "investmentIncomeNet": "None", "netInterestIncome": "None", "interestIncome": "None", "interestExpense": "42000000", "nonInterestIncome": "None", "otherNonOperatingIncome": "12300000", "depreciation": "None", "depreciationAndAmortization": "73100000", "incomeBeforeTax": "411100000", "incomeTaxExpense": "134300000", "interestAndDebtExpense": "None", "netIncomeFromContinuingOperations": "276800000", "comprehensiveIncomeNetOfTax": "None", "ebit": "453100000", "ebitda": "526200000", "netIncome": "253800000"}, {"fiscalDateEnding": "2016-06-30", "reportedCurrency": "USD", "grossProfit": "745700000", "totalRevenue": "3884900000", "costOfRevenue": "3139200000", "costofGoodsAndServicesSold": "3139200000", "operatingIncome": "561800000", "sellingGeneralAndAdministrative": "110900000", "researchAndDevelopment": "0", "operatingExpenses": "183900000", "investmentIncomeNet": "None", "netInterestIncome": "None", "interestIncome": "None", "interestExpense": "44800000", "nonInterestIncome": "None", "otherNonOperatingIncome": "12300000", "depreciation": "None", "depreciationAndAmortization": "73000000", "incomeBeforeTax": "517000000", "incomeTaxExpense": "167900000", "interestAndDebtExpense": "None", "netIncomeFromContinuingOperations": "349100000", "comprehensiveIncomeNetOfTax": "None", "ebit": "561800000", "ebitda": "634800000", "netIncome": "326100000"}, {"fiscalDateEnding": "2016-03-31", "reportedCurrency": "USD", "grossProfit": "574400000", "totalRevenue": "3499100000", "costOfRevenue": "2924700000", "costofGoodsAndServicesSold": "2924700000", "operatingIncome": "392100000", "sellingGeneralAndAdministrative": "108100000", "researchAndDevelopment": "0", "operatingExpenses": "3107000000", "investmentIncomeNet": "None", "netInterestIncome": "None", "interestIncome": "None", "interestExpense": "40100000", "nonInterestIncome": "None", "otherNonOperatingIncome": "10000000", "depreciation": "None", "depreciationAndAmortization": "28300000", "incomeBeforeTax": "352000000", "incomeTaxExpense": "115500000", "interestAndDebtExpense": "None", "netIncomeFromContinuingOperations": "236500000", "comprehensiveIncomeNetOfTax": "None", "ebit": "438000000", "ebitda": "466300000", "netIncome": "218400000"}, {"fiscalDateEnding": "2015-12-31", "reportedCurrency": "USD", "grossProfit": "1034500000", "totalRevenue": "4153300000", "costOfRevenue": "3118800000", "costofGoodsAndServicesSold": "3118800000", "operatingIncome": "575500000", "sellingGeneralAndAdministrative": "459000000", "researchAndDevelopment": "0", "operatingExpenses": "459000000", "investmentIncomeNet": "None", "netInterestIncome": "None", "interestIncome": "None", "interestExpense": "47100000", "nonInterestIncome": "None", "otherNonOperatingIncome": "12600000", "depreciation": "None", "depreciationAndAmortization": "72400000", "incomeBeforeTax": "538700000", "incomeTaxExpense": "176700000", "interestAndDebtExpense": "None", "netIncomeFromContinuingOperations": "362000000", "comprehensiveIncomeNetOfTax": "None", "ebit": "575500000", "ebitda": "647900000", "netIncome": "331600000"}, {"fiscalDateEnding": "2015-09-30", "reportedCurrency": "USD", "grossProfit": "874000000", "totalRevenue": "3706600000", "costOfRevenue": "2832600000", "costofGoodsAndServicesSold": "2832600000", "operatingIncome": "428300000", "sellingGeneralAndAdministrative": "445700000", "researchAndDevelopment": "0", "operatingExpenses": "445700000", "investmentIncomeNet": "None", "netInterestIncome": "None", "interestIncome": "None", "interestExpense": "45600000", "nonInterestIncome": "None", "otherNonOperatingIncome": "12900000", "depreciation": "None", "depreciationAndAmortization": "71700000", "incomeBeforeTax": "392400000", "incomeTaxExpense": "128900000", "interestAndDebtExpense": "None", "netIncomeFromContinuingOperations": "263500000", "comprehensiveIncomeNetOfTax": "None", "ebit": "428300000", "ebitda": "500000000", "netIncome": "239300000"}, {"fiscalDateEnding": "2015-06-30", "reportedCurrency": "USD", "grossProfit": "1015600000", "totalRevenue": "3805300000", "costOfRevenue": "2789700000", "costofGoodsAndServicesSold": "2789700000", "operatingIncome": "538600000", "sellingGeneralAndAdministrative": "477000000", "researchAndDevelopment": "0", "operatingExpenses": "477000000", "investmentIncomeNet": "None", "netInterestIncome": "None", "interestIncome": "None", "interestExpense": "44700000", "nonInterestIncome": "None", "otherNonOperatingIncome": "14100000", "depreciation": "None", "depreciationAndAmortization": "72800000", "incomeBeforeTax": "504000000", "incomeTaxExpense": "165300000", "interestAndDebtExpense": "None", "netIncomeFromContinuingOperations": "338700000", "comprehensiveIncomeNetOfTax": "None", "ebit": "538600000", "ebitda": "611400000", "netIncome": "313900000"}, {"fiscalDateEnding": "2015-03-31", "reportedCurrency": "USD", "grossProfit": "848400000", "totalRevenue": "3469200000", "costOfRevenue": "2620800000", "costofGoodsAndServicesSold": "2620800000", "operatingIncome": "377700000", "sellingGeneralAndAdministrative": "470700000", "researchAndDevelopment": "0", "operatingExpenses": "470700000", "investmentIncomeNet": "None", "netInterestIncome": "None", "interestIncome": "None", "interestExpense": "43600000", "nonInterestIncome": "None", "otherNonOperatingIncome": "8400000", "depreciation": "None", "depreciationAndAmortization": "74200000", "incomeBeforeTax": "343500000", "incomeTaxExpense": "112700000", "interestAndDebtExpense": "None", "netIncomeFromContinuingOperations": "230800000", "comprehensiveIncomeNetOfTax": "None", "ebit": "377700000", "ebitda": "451900000", "netIncome": "209100000"}, {"fiscalDateEnding": "2014-12-31", "reportedCurrency": "USD", "grossProfit": "1075800000", "totalRevenue": "4195100000", "costOfRevenue": "3119300000", "costofGoodsAndServicesSold": "3119300000", "operatingIncome": "579400000", "sellingGeneralAndAdministrative": "505200000", "researchAndDevelopment": "0", "operatingExpenses": "3615700000", "investmentIncomeNet": "None", "netInterestIncome": "None", "interestIncome": "None", "interestExpense": "30000000", "nonInterestIncome": "None", "otherNonOperatingIncome": "17600000", "depreciation": "None", "depreciationAndAmortization": "30000000", "incomeBeforeTax": "549400000", "incomeTaxExpense": "182200000", "interestAndDebtExpense": "None", "netIncomeFromContinuingOperations": "367300000", "comprehensiveIncomeNetOfTax": "None", "ebit": "579400000", "ebitda": "609400000", "netIncome": "329500000"}, {"fiscalDateEnding": "2014-09-30", "reportedCurrency": "USD", "grossProfit": "936400000", "totalRevenue": "3749600000", "costOfRevenue": "2813200000", "costofGoodsAndServicesSold": "2813200000", "operatingIncome": "433600000", "sellingGeneralAndAdministrative": "502800000", "researchAndDevelopment": "0", "operatingExpenses": "502800000", "investmentIncomeNet": "None", "netInterestIncome": "None", "interestIncome": "None", "interestExpense": "42200000", "nonInterestIncome": "None", "otherNonOperatingIncome": "16600000", "depreciation": "None", "depreciationAndAmortization": "74100000", "incomeBeforeTax": "402200000", "incomeTaxExpense": "134400000", "interestAndDebtExpense": "None", "netIncomeFromContinuingOperations": "267800000", "comprehensiveIncomeNetOfTax": "None", "ebit": "433600000", "ebitda": "507700000", "netIncome": "243800000"}, {"fiscalDateEnding": "2014-06-30", "reportedCurrency": "USD", "grossProfit": "1076300000", "totalRevenue": "3870900000", "costOfRevenue": "2794600000", "costofGoodsAndServicesSold": "2794600000", "operatingIncome": "548400000", "sellingGeneralAndAdministrative": "526100000", "researchAndDevelopment": "0", "operatingExpenses": "526100000", "investmentIncomeNet": "None", "netInterestIncome": "None", "interestIncome": "None", "interestExpense": "45500000", "nonInterestIncome": "None", "otherNonOperatingIncome": "15800000", "depreciation": "None", "depreciationAndAmortization": "72400000", "incomeBeforeTax": "514700000", "incomeTaxExpense": "160300000", "interestAndDebtExpense": "None", "netIncomeFromContinuingOperations": "354400000", "comprehensiveIncomeNetOfTax": "None", "ebit": "548400000", "ebitda": "620800000", "netIncome": "325200000"}, {"fiscalDateEnding": "2014-03-31", "reportedCurrency": "USD", "grossProfit": "879400000", "totalRevenue": "3502200000", "costOfRevenue": "2622800000", "costofGoodsAndServicesSold": "2622800000", "operatingIncome": "382700000", "sellingGeneralAndAdministrative": "489700000", "researchAndDevelopment": "0", "operatingExpenses": "489700000", "investmentIncomeNet": "None", "netInterestIncome": "None", "interestIncome": "None", "interestExpense": "47700000", "nonInterestIncome": "None", "otherNonOperatingIncome": "9300000", "depreciation": "None", "depreciationAndAmortization": "70900000", "incomeBeforeTax": "343700000", "incomeTaxExpense": "116300000", "interestAndDebtExpense": "None", "netIncomeFromContinuingOperations": "227400000", "comprehensiveIncomeNetOfTax": "None", "ebit": "382700000", "ebitda": "453600000", "netIncome": "205500000"}, {"fiscalDateEnding": "2013-12-31", "reportedCurrency": "USD", "grossProfit": "1045200000", "totalRevenue": "4058100000", "costOfRevenue": "3012900000", "costofGoodsAndServicesSold": "3012900000", "operatingIncome": "551100000", "sellingGeneralAndAdministrative": "480800000", "researchAndDevelopment": "0", "operatingExpenses": "480800000", "investmentIncomeNet": "None", "netInterestIncome": "None", "interestIncome": "None", "interestExpense": "48400000", "nonInterestIncome": "None", "otherNonOperatingIncome": "14000000", "depreciation": "None", "depreciationAndAmortization": "71900000", "incomeBeforeTax": "511300000", "incomeTaxExpense": "176300000", "interestAndDebtExpense": "None", "netIncomeFromContinuingOperations": "335000000", "comprehensiveIncomeNetOfTax": "None", "ebit": "564400000", "ebitda": "636300000", "netIncome": "300400000"}, {"fiscalDateEnding": "2013-09-30", "reportedCurrency": "USD", "grossProfit": "911300000", "totalRevenue": "3490500000", "costOfRevenue": "2579200000", "costofGoodsAndServicesSold": "2579200000", "operatingIncome": "379400000", "sellingGeneralAndAdministrative": "503800000", "researchAndDevelopment": "0", "operatingExpenses": "503800000", "investmentIncomeNet": "None", "netInterestIncome": "None", "interestIncome": "None", "interestExpense": "50500000", "nonInterestIncome": "None", "otherNonOperatingIncome": "12000000", "depreciation": "None", "depreciationAndAmortization": "71000000", "incomeBeforeTax": "336600000", "incomeTaxExpense": "116200000", "interestAndDebtExpense": "None", "netIncomeFromContinuingOperations": "220400000", "comprehensiveIncomeNetOfTax": "None", "ebit": "407500000", "ebitda": "478500000", "netIncome": "196000000"}, {"fiscalDateEnding": "2013-06-30", "reportedCurrency": "USD", "grossProfit": "1038200000", "totalRevenue": "3637000000", "costOfRevenue": "2598800000", "costofGoodsAndServicesSold": "2598800000", "operatingIncome": "523000000", "sellingGeneralAndAdministrative": "515200000", "researchAndDevelopment": "0", "operatingExpenses": "3114000000", "investmentIncomeNet": "None", "netInterestIncome": "None", "interestIncome": "None", "interestExpense": "40700000", "nonInterestIncome": "None", "otherNonOperatingIncome": "11400000", "depreciation": "None", "depreciationAndAmortization": "25300000", "incomeBeforeTax": "482300000", "incomeTaxExpense": "163600000", "interestAndDebtExpense": "None", "netIncomeFromContinuingOperations": "318700000", "comprehensiveIncomeNetOfTax": "None", "ebit": "577000000", "ebitda": "602300000", "netIncome": "289500000"}, {"fiscalDateEnding": "2013-03-31", "reportedCurrency": "USD", "grossProfit": "865300000", "totalRevenue": "3398900000", "costOfRevenue": "2533600000", "costofGoodsAndServicesSold": "2533600000", "operatingIncome": "371700000", "sellingGeneralAndAdministrative": "493600000", "researchAndDevelopment": "0", "operatingExpenses": "3027200000", "investmentIncomeNet": "None", "netInterestIncome": "None", "interestIncome": "None", "interestExpense": "40900000", "nonInterestIncome": "None", "otherNonOperatingIncome": "11300000", "depreciation": "None", "depreciationAndAmortization": "25400000", "incomeBeforeTax": "330800000", "incomeTaxExpense": "109200000", "interestAndDebtExpense": "None", "netIncomeFromContinuingOperations": "221600000", "comprehensiveIncomeNetOfTax": "None", "ebit": "425500000", "ebitda": "450900000", "netIncome": "205100000"}, {"fiscalDateEnding": "2012-12-31", "reportedCurrency": "USD", "grossProfit": "1055400000", "totalRevenue": "3944600000", "costOfRevenue": "2889200000", "costofGoodsAndServicesSold": "2889200000", "operatingIncome": "548000000", "sellingGeneralAndAdministrative": "507400000", "researchAndDevelopment": "0", "operatingExpenses": "507400000", "investmentIncomeNet": "None", "netInterestIncome": "None", "interestIncome": "None", "interestExpense": "49400000", "nonInterestIncome": "None", "otherNonOperatingIncome": "-17700000", "depreciation": "None", "depreciationAndAmortization": "72100000", "incomeBeforeTax": "507700000", "incomeTaxExpense": "137200000", "interestAndDebtExpense": "None", "netIncomeFromContinuingOperations": "370600000", "comprehensiveIncomeNetOfTax": "None", "ebit": "557100000", "ebitda": "629200000", "netIncome": "307100000"}, {"fiscalDateEnding": "2012-09-30", "reportedCurrency": "USD", "grossProfit": "890800000", "totalRevenue": "3406600000", "costOfRevenue": "2515800000", "costofGoodsAndServicesSold": "2515800000", "operatingIncome": "387300000", "sellingGeneralAndAdministrative": "503500000", "researchAndDevelopment": "0", "operatingExpenses": "3019300000", "investmentIncomeNet": "None", "netInterestIncome": "None", "interestIncome": "None", "interestExpense": "40300000", "nonInterestIncome": "None", "otherNonOperatingIncome": "12800000", "depreciation": "None", "depreciationAndAmortization": "27300000", "incomeBeforeTax": "347000000", "incomeTaxExpense": "118700000", "interestAndDebtExpense": "None", "netIncomeFromContinuingOperations": "228300000", "comprehensiveIncomeNetOfTax": "None", "ebit": "387300000", "ebitda": "414600000", "netIncome": "203900000"}, {"fiscalDateEnding": "2012-06-30", "reportedCurrency": "USD", "grossProfit": "1019700000", "totalRevenue": "3561000000", "costOfRevenue": "2541300000", "costofGoodsAndServicesSold": "2541300000", "operatingIncome": "506400000", "sellingGeneralAndAdministrative": "513300000", "researchAndDevelopment": "0", "operatingExpenses": "3054600000", "investmentIncomeNet": "None", "netInterestIncome": "None", "interestIncome": "None", "interestExpense": "34900000", "nonInterestIncome": "None", "otherNonOperatingIncome": "13700000", "depreciation": "None", "depreciationAndAmortization": "24000000", "incomeBeforeTax": "471500000", "incomeTaxExpense": "161900000", "interestAndDebtExpense": "None", "netIncomeFromContinuingOperations": "309600000", "comprehensiveIncomeNetOfTax": "None", "ebit": "506400000", "ebitda": "530400000", "netIncome": "282700000"}, {"fiscalDateEnding": "2012-03-31", "reportedCurrency": "USD", "grossProfit": "872900000", "totalRevenue": "3307300000", "costOfRevenue": "2434400000", "costofGoodsAndServicesSold": "2434400000", "operatingIncome": "362500000", "sellingGeneralAndAdministrative": "510400000", "researchAndDevelopment": "0", "operatingExpenses": "510400000", "investmentIncomeNet": "None", "netInterestIncome": "None", "interestIncome": "None", "interestExpense": "38500000", "nonInterestIncome": "None", "otherNonOperatingIncome": "11300000", "depreciation": "None", "depreciationAndAmortization": "69300000", "incomeBeforeTax": "333300000", "incomeTaxExpense": "109300000", "interestAndDebtExpense": "None", "netIncomeFromContinuingOperations": "224000000", "comprehensiveIncomeNetOfTax": "None", "ebit": "371800000", "ebitda": "441100000", "netIncome": "204600000"}, {"fiscalDateEnding": "2011-12-31", "reportedCurrency": "USD", "grossProfit": "998100000", "totalRevenue": "3852900000", "costOfRevenue": "2854800000", "costofGoodsAndServicesSold": "2854800000", "operatingIncome": "487400000", "sellingGeneralAndAdministrative": "510700000", "researchAndDevelopment": "0", "operatingExpenses": "510700000", "investmentIncomeNet": "None", "netInterestIncome": "None", "interestIncome": "None", "interestExpense": "39500000", "nonInterestIncome": "None", "otherNonOperatingIncome": "15900000", "depreciation": "None", "depreciationAndAmortization": "70100000", "incomeBeforeTax": "457100000", "incomeTaxExpense": "156800000", "interestAndDebtExpense": "None", "netIncomeFromContinuingOperations": "300300000", "comprehensiveIncomeNetOfTax": "None", "ebit": "496600000", "ebitda": "566700000", "netIncome": "271900000"}, {"fiscalDateEnding": "2011-09-30", "reportedCurrency": "USD", "grossProfit": "876200000", "totalRevenue": "3380900000", "costOfRevenue": "2504700000", "costofGoodsAndServicesSold": "2504700000", "operatingIncome": "373400000", "sellingGeneralAndAdministrative": "502800000", "researchAndDevelopment": "0", "operatingExpenses": "3007500000", "investmentIncomeNet": "None", "netInterestIncome": "None", "interestIncome": "None", "interestExpense": "39800000", "nonInterestIncome": "None", "otherNonOperatingIncome": "12400000", "depreciation": "None", "depreciationAndAmortization": "23700000", "incomeBeforeTax": "341500000", "incomeTaxExpense": "117100000", "interestAndDebtExpense": "None", "netIncomeFromContinuingOperations": "224400000", "comprehensiveIncomeNetOfTax": "None", "ebit": "373400000", "ebitda": "397100000", "netIncome": "203700000"}, {"fiscalDateEnding": "2011-06-30", "reportedCurrency": "USD", "grossProfit": "1014600000", "totalRevenue": "3487400000", "costOfRevenue": "2472800000", "costofGoodsAndServicesSold": "2472800000", "operatingIncome": "488100000", "sellingGeneralAndAdministrative": "526500000", "researchAndDevelopment": "0", "operatingExpenses": "526500000", "investmentIncomeNet": "None", "netInterestIncome": "None", "interestIncome": "None", "interestExpense": "36900000", "nonInterestIncome": "None", "otherNonOperatingIncome": "14100000", "depreciation": "None", "depreciationAndAmortization": "68700000", "incomeBeforeTax": "460500000", "incomeTaxExpense": "158100000", "interestAndDebtExpense": "None", "netIncomeFromContinuingOperations": "302400000", "comprehensiveIncomeNetOfTax": "None", "ebit": "497400000", "ebitda": "566100000", "netIncome": "275100000"}, {"fiscalDateEnding": "2011-03-31", "reportedCurrency": "USD", "grossProfit": "733000000", "totalRevenue": "3151300000", "costOfRevenue": "2418300000", "costofGoodsAndServicesSold": "2418300000", "operatingIncome": "322100000", "sellingGeneralAndAdministrative": "410900000", "researchAndDevelopment": "0", "operatingExpenses": "410900000", "investmentIncomeNet": "None", "netInterestIncome": "None", "interestIncome": "None", "interestExpense": "41900000", "nonInterestIncome": "None", "otherNonOperatingIncome": "10800000", "depreciation": "None", "depreciationAndAmortization": "65200000", "incomeBeforeTax": "290000000", "incomeTaxExpense": "73900000", "interestAndDebtExpense": "None", "netIncomeFromContinuingOperations": "216100000", "comprehensiveIncomeNetOfTax": "None", "ebit": "331900000", "ebitda": "397100000", "netIncome": "201900000"}, {"fiscalDateEnding": "2010-12-31", "reportedCurrency": "USD", "grossProfit": "899100000", "totalRevenue": "3586800000", "costOfRevenue": "2687700000", "costofGoodsAndServicesSold": "2687700000", "operatingIncome": "439600000", "sellingGeneralAndAdministrative": "459500000", "researchAndDevelopment": "0", "operatingExpenses": "459500000", "investmentIncomeNet": "None", "netInterestIncome": "None", "interestIncome": "None", "interestExpense": "38800000", "nonInterestIncome": "None", "otherNonOperatingIncome": "17000000", "depreciation": "None", "depreciationAndAmortization": "67400000", "incomeBeforeTax": "407500000", "incomeTaxExpense": "139400000", "interestAndDebtExpense": "None", "netIncomeFromContinuingOperations": "268100000", "comprehensiveIncomeNetOfTax": "None", "ebit": "446300000", "ebitda": "513700000", "netIncome": "246500000"}, {"fiscalDateEnding": "2010-09-30", "reportedCurrency": "USD", "grossProfit": "783800000", "totalRevenue": "2994600000", "costOfRevenue": "2210800000", "costofGoodsAndServicesSold": "2210800000", "operatingIncome": "314100000", "sellingGeneralAndAdministrative": "469700000", "researchAndDevelopment": "0", "operatingExpenses": "469700000", "investmentIncomeNet": "None", "netInterestIncome": "None", "interestIncome": "None", "interestExpense": "36100000", "nonInterestIncome": "None", "otherNonOperatingIncome": "14500000", "depreciation": "None", "depreciationAndAmortization": "62400000", "incomeBeforeTax": "284300000", "incomeTaxExpense": "96900000", "interestAndDebtExpense": "None", "netIncomeFromContinuingOperations": "187400000", "comprehensiveIncomeNetOfTax": "None", "ebit": "320400000", "ebitda": "382800000", "netIncome": "174600000"}, {"fiscalDateEnding": "2010-06-30", "reportedCurrency": "USD", "grossProfit": "887800000", "totalRevenue": "3041200000", "costOfRevenue": "2153400000", "costofGoodsAndServicesSold": "2153400000", "operatingIncome": "415400000", "sellingGeneralAndAdministrative": "472400000", "researchAndDevelopment": "0", "operatingExpenses": "472400000", "investmentIncomeNet": "None", "netInterestIncome": "None", "interestIncome": "None", "interestExpense": "29900000", "nonInterestIncome": "None", "otherNonOperatingIncome": "16500000", "depreciation": "None", "depreciationAndAmortization": "61200000", "incomeBeforeTax": "391700000", "incomeTaxExpense": "133200000", "interestAndDebtExpense": "None", "netIncomeFromContinuingOperations": "258500000", "comprehensiveIncomeNetOfTax": "None", "ebit": "421600000", "ebitda": "482800000", "netIncome": "243300000"}, {"fiscalDateEnding": "2010-03-31", "reportedCurrency": "USD", "grossProfit": "757600000", "totalRevenue": "2920000000", "costOfRevenue": "2162400000", "costofGoodsAndServicesSold": "2162400000", "operatingIncome": "291000000", "sellingGeneralAndAdministrative": "466600000", "researchAndDevelopment": "0", "operatingExpenses": "466600000", "investmentIncomeNet": "None", "netInterestIncome": "None", "interestIncome": "None", "interestExpense": "29800000", "nonInterestIncome": "None", "otherNonOperatingIncome": "10400000", "depreciation": "None", "depreciationAndAmortization": "62000000", "incomeBeforeTax": "266900000", "incomeTaxExpense": "90700000", "interestAndDebtExpense": "None", "netIncomeFromContinuingOperations": "176200000", "comprehensiveIncomeNetOfTax": "None", "ebit": "296700000", "ebitda": "358700000", "netIncome": "163400000"}, {"fiscalDateEnding": "2009-12-31", "reportedCurrency": "USD", "grossProfit": "890700000", "totalRevenue": "3265800000", "costOfRevenue": "2375100000", "costofGoodsAndServicesSold": "2375100000", "operatingIncome": "399600000", "sellingGeneralAndAdministrative": "491100000", "researchAndDevelopment": "0", "operatingExpenses": "491100000", "investmentIncomeNet": "None", "netInterestIncome": "None", "interestIncome": "None", "interestExpense": "34200000", "nonInterestIncome": "None", "otherNonOperatingIncome": "None", "depreciation": "None", "depreciationAndAmortization": "69000000", "incomeBeforeTax": "371000000", "incomeTaxExpense": "124700000", "interestAndDebtExpense": "None", "netIncomeFromContinuingOperations": "0", "comprehensiveIncomeNetOfTax": "None", "ebit": "405200000", "ebitda": "474200000", "netIncome": "229500000"}, {"fiscalDateEnding": "2009-09-30", "reportedCurrency": "USD", "grossProfit": "787700000", "totalRevenue": "2837600000", "costOfRevenue": "2049900000", "costofGoodsAndServicesSold": "2049900000", "operatingIncome": "294800000", "sellingGeneralAndAdministrative": "492900000", "researchAndDevelopment": "0", "operatingExpenses": "2542800000", "investmentIncomeNet": "None", "netInterestIncome": "None", "interestIncome": "None", "interestExpense": "33800000", "nonInterestIncome": "None", "otherNonOperatingIncome": "12200000", "depreciation": "None", "depreciationAndAmortization": "60100000", "incomeBeforeTax": "265900000", "incomeTaxExpense": "90500000", "interestAndDebtExpense": "None", "netIncomeFromContinuingOperations": "175400000", "comprehensiveIncomeNetOfTax": "None", "ebit": "299700000", "ebitda": "359800000", "netIncome": "165600000"}, {"fiscalDateEnding": "2009-06-30", "reportedCurrency": "USD", "grossProfit": "858900000", "totalRevenue": "2870700000", "costOfRevenue": "2011800000", "costofGoodsAndServicesSold": "2011800000", "operatingIncome": "398100000", "sellingGeneralAndAdministrative": "460800000", "researchAndDevelopment": "0", "operatingExpenses": "2472600000", "investmentIncomeNet": "None", "netInterestIncome": "None", "interestIncome": "None", "interestExpense": "27400000", "nonInterestIncome": "None", "otherNonOperatingIncome": "12800000", "depreciation": "None", "depreciationAndAmortization": "57900000", "incomeBeforeTax": "376200000", "incomeTaxExpense": "129700000", "interestAndDebtExpense": "None", "netIncomeFromContinuingOperations": "246500000", "comprehensiveIncomeNetOfTax": "None", "ebit": "403600000", "ebitda": "461500000", "netIncome": "253800000"}, {"fiscalDateEnding": "2009-03-31", "reportedCurrency": "USD", "grossProfit": "732800000", "totalRevenue": "2746600000", "costOfRevenue": "2013800000", "costofGoodsAndServicesSold": "2013800000", "operatingIncome": "282400000", "sellingGeneralAndAdministrative": "450400000", "researchAndDevelopment": "0", "operatingExpenses": "450400000", "investmentIncomeNet": "None", "netInterestIncome": "None", "interestIncome": "None", "interestExpense": "26800000", "nonInterestIncome": "None", "otherNonOperatingIncome": "None", "depreciation": "None", "depreciationAndAmortization": "55800000", "incomeBeforeTax": "261000000", "incomeTaxExpense": "88700000", "interestAndDebtExpense": "None", "netIncomeFromContinuingOperations": "0", "comprehensiveIncomeNetOfTax": "None", "ebit": "287800000", "ebitda": "343600000", "netIncome": "164500000"}, {"fiscalDateEnding": "2008-12-31", "reportedCurrency": "USD", "grossProfit": "3371400000", "totalRevenue": "3371400000", "costOfRevenue": "2863300000", "costofGoodsAndServicesSold": "2863300000", "operatingIncome": "448400000", "sellingGeneralAndAdministrative": "2923000000", "researchAndDevelopment": "0", "operatingExpenses": "2923000000", "investmentIncomeNet": "None", "netInterestIncome": "None", "interestIncome": "None", "interestExpense": "124600000", "nonInterestIncome": "None", "otherNonOperatingIncome": "None", "depreciation": "None", "depreciationAndAmortization": "119000000", "incomeBeforeTax": "424500000", "incomeTaxExpense": "142100000", "interestAndDebtExpense": "None", "netIncomeFromContinuingOperations": "0", "comprehensiveIncomeNetOfTax": "None", "ebit": "448400000", "ebitda": "567400000", "netIncome": "271000000"}, {"fiscalDateEnding": "2008-09-30", "reportedCurrency": "USD", "grossProfit": "3316200000", "totalRevenue": "3316200000", "costOfRevenue": "2882300000", "costofGoodsAndServicesSold": "2882300000", "operatingIncome": "373400000", "sellingGeneralAndAdministrative": "2942800000", "researchAndDevelopment": "0", "operatingExpenses": "2942800000", "investmentIncomeNet": "None", "netInterestIncome": "None", "interestIncome": "None", "interestExpense": "35100000", "nonInterestIncome": "None", "otherNonOperatingIncome": "None", "depreciation": "None", "depreciationAndAmortization": "32700000", "incomeBeforeTax": "352700000", "incomeTaxExpense": "118200000", "interestAndDebtExpense": "None", "netIncomeFromContinuingOperations": "0", "comprehensiveIncomeNetOfTax": "None", "ebit": "415600000", "ebitda": "448300000", "netIncome": "213600000"}, {"fiscalDateEnding": "2008-06-30", "reportedCurrency": "USD", "grossProfit": "3476900000", "totalRevenue": "3476900000", "costOfRevenue": "2901600000", "costofGoodsAndServicesSold": "2901600000", "operatingIncome": "516800000", "sellingGeneralAndAdministrative": "2960100000", "researchAndDevelopment": "0", "operatingExpenses": "2960100000", "investmentIncomeNet": "None", "netInterestIncome": "None", "interestIncome": "None", "interestExpense": "31400000", "nonInterestIncome": "None", "otherNonOperatingIncome": "None", "depreciation": "None", "depreciationAndAmortization": "71100000", "incomeBeforeTax": "498100000", "incomeTaxExpense": "167200000", "interestAndDebtExpense": "None", "netIncomeFromContinuingOperations": "0", "comprehensiveIncomeNetOfTax": "None", "ebit": "516900000", "ebitda": "588000000", "netIncome": "307000000"}, {"fiscalDateEnding": "2008-03-31", "reportedCurrency": "USD", "grossProfit": "3195400000", "totalRevenue": "3195400000", "costOfRevenue": "2787400000", "costofGoodsAndServicesSold": "2787400000", "operatingIncome": "350800000", "sellingGeneralAndAdministrative": "2844600000", "researchAndDevelopment": "0", "operatingExpenses": "2844600000", "investmentIncomeNet": "None", "netInterestIncome": "None", "interestIncome": "None", "interestExpense": "25400000", "nonInterestIncome": "None", "otherNonOperatingIncome": "None", "depreciation": "None", "depreciationAndAmortization": "72400000", "incomeBeforeTax": "339800000", "incomeTaxExpense": "115200000", "interestAndDebtExpense": "None", "netIncomeFromContinuingOperations": "0", "comprehensiveIncomeNetOfTax": "None", "ebit": "350000000", "ebitda": "422400000", "netIncome": "208700000"}, {"fiscalDateEnding": "2007-12-31", "reportedCurrency": "USD", "grossProfit": "3625900000", "totalRevenue": "3625900000", "costOfRevenue": "3036300000", "costofGoodsAndServicesSold": "3036300000", "operatingIncome": "531800000", "sellingGeneralAndAdministrative": "3094100000", "researchAndDevelopment": "0", "operatingExpenses": "3094100000", "investmentIncomeNet": "None", "netInterestIncome": "None", "interestIncome": "None", "interestExpense": "106900000", "nonInterestIncome": "None", "otherNonOperatingIncome": "None", "depreciation": "None", "depreciationAndAmortization": "73100000", "incomeBeforeTax": "517600000", "incomeTaxExpense": "175500000", "interestAndDebtExpense": "None", "netIncomeFromContinuingOperations": "0", "comprehensiveIncomeNetOfTax": "None", "ebit": "531800000", "ebitda": "604900000", "netIncome": "313800000"}, {"fiscalDateEnding": "2007-09-30", "reportedCurrency": "USD", "grossProfit": "3101400000", "totalRevenue": "3101400000", "costOfRevenue": "2698700000", "costofGoodsAndServicesSold": "2698700000", "operatingIncome": "350200000", "sellingGeneralAndAdministrative": "2751200000", "researchAndDevelopment": "0", "operatingExpenses": "2751200000", "investmentIncomeNet": "None", "netInterestIncome": "None", "interestIncome": "None", "interestExpense": "26200000", "nonInterestIncome": "None", "otherNonOperatingIncome": "None", "depreciation": "None", "depreciationAndAmortization": "69700000", "incomeBeforeTax": "330900000", "incomeTaxExpense": "112100000", "interestAndDebtExpense": "None", "netIncomeFromContinuingOperations": "0", "comprehensiveIncomeNetOfTax": "None", "ebit": "280500000", "ebitda": "350200000", "netIncome": "202200000"}, {"fiscalDateEnding": "2007-06-30", "reportedCurrency": "USD", "grossProfit": "3126100000", "totalRevenue": "3126100000", "costOfRevenue": "2614000000", "costofGoodsAndServicesSold": "2614000000", "operatingIncome": "461600000", "sellingGeneralAndAdministrative": "2664500000", "researchAndDevelopment": "0", "operatingExpenses": "2664500000", "investmentIncomeNet": "None", "netInterestIncome": "None", "interestIncome": "None", "interestExpense": "29700000", "nonInterestIncome": "None", "otherNonOperatingIncome": "None", "depreciation": "None", "depreciationAndAmortization": "68300000", "incomeBeforeTax": "439400000", "incomeTaxExpense": "148800000", "interestAndDebtExpense": "None", "netIncomeFromContinuingOperations": "0", "comprehensiveIncomeNetOfTax": "None", "ebit": "393300000", "ebitda": "461600000", "netIncome": "276700000"}, {"fiscalDateEnding": "2007-03-31", "reportedCurrency": "USD", "grossProfit": "2840600000", "totalRevenue": "2840600000", "costOfRevenue": "2477300000", "costofGoodsAndServicesSold": "2477300000", "operatingIncome": "315500000", "sellingGeneralAndAdministrative": "2525100000", "researchAndDevelopment": "0", "operatingExpenses": "2525100000", "investmentIncomeNet": "None", "netInterestIncome": "None", "interestIncome": "None", "interestExpense": "27800000", "nonInterestIncome": "None", "otherNonOperatingIncome": "None", "depreciation": "None", "depreciationAndAmortization": "66200000", "incomeBeforeTax": "297200000", "incomeTaxExpense": "100500000", "interestAndDebtExpense": "None", "netIncomeFromContinuingOperations": "0", "comprehensiveIncomeNetOfTax": "None", "ebit": "315500000", "ebitda": "381700000", "netIncome": "183000000"}, {"fiscalDateEnding": "2006-12-31", "reportedCurrency": "USD", "grossProfit": "3216200000", "totalRevenue": "3216200000", "costOfRevenue": "2689500000", "costofGoodsAndServicesSold": "2689500000", "operatingIncome": "474200000", "sellingGeneralAndAdministrative": "2742000000", "researchAndDevelopment": "0", "operatingExpenses": "2742000000", "investmentIncomeNet": "None", "netInterestIncome": "None", "interestIncome": "None", "interestExpense": "124900000", "nonInterestIncome": "None", "otherNonOperatingIncome": "None", "depreciation": "None", "depreciationAndAmortization": "70900000", "incomeBeforeTax": "450000000", "incomeTaxExpense": "151400000", "interestAndDebtExpense": "None", "netIncomeFromContinuingOperations": "0", "comprehensiveIncomeNetOfTax": "None", "ebit": "474200000", "ebitda": "545100000", "netIncome": "277200000"}, {"fiscalDateEnding": "2006-09-30", "reportedCurrency": "USD", "grossProfit": "2774300000", "totalRevenue": "2774300000", "costOfRevenue": "2419300000", "costofGoodsAndServicesSold": "2419300000", "operatingIncome": "307400000", "sellingGeneralAndAdministrative": "2466900000", "researchAndDevelopment": "0", "operatingExpenses": "2466900000", "investmentIncomeNet": "None", "netInterestIncome": "None", "interestIncome": "None", "interestExpense": "33600000", "nonInterestIncome": "None", "otherNonOperatingIncome": "None", "depreciation": "None", "depreciationAndAmortization": "66000000", "incomeBeforeTax": "280700000", "incomeTaxExpense": "92900000", "interestAndDebtExpense": "None", "netIncomeFromContinuingOperations": "0", "comprehensiveIncomeNetOfTax": "None", "ebit": "307400000", "ebitda": "373400000", "netIncome": "177100000"}, {"fiscalDateEnding": "2006-06-30", "reportedCurrency": "USD", "grossProfit": "2823400000", "totalRevenue": "2823400000", "costOfRevenue": "2359800000", "costofGoodsAndServicesSold": "2359800000", "operatingIncome": "417400000", "sellingGeneralAndAdministrative": "2406000000", "researchAndDevelopment": "0", "operatingExpenses": "2406000000", "investmentIncomeNet": "None", "netInterestIncome": "None", "interestIncome": "None", "interestExpense": "34200000", "nonInterestIncome": "None", "otherNonOperatingIncome": "None", "depreciation": "None", "depreciationAndAmortization": "64300000", "incomeBeforeTax": "391900000", "incomeTaxExpense": "131700000", "interestAndDebtExpense": "None", "netIncomeFromContinuingOperations": "0", "comprehensiveIncomeNetOfTax": "None", "ebit": "353100000", "ebitda": "417400000", "netIncome": "244100000"}, {"fiscalDateEnding": "2006-03-31", "reportedCurrency": "USD", "grossProfit": "2562900000", "totalRevenue": "2562900000", "costOfRevenue": "2234300000", "costofGoodsAndServicesSold": "2234300000", "operatingIncome": "284400000", "sellingGeneralAndAdministrative": "2278500000", "researchAndDevelopment": "0", "operatingExpenses": "2278500000", "investmentIncomeNet": "None", "netInterestIncome": "None", "interestIncome": "None", "interestExpense": "23400000", "nonInterestIncome": "None", "otherNonOperatingIncome": "None", "depreciation": "None", "depreciationAndAmortization": "59900000", "incomeBeforeTax": "269300000", "incomeTaxExpense": "90900000", "interestAndDebtExpense": "None", "netIncomeFromContinuingOperations": "0", "comprehensiveIncomeNetOfTax": "None", "ebit": "284400000", "ebitda": "344300000", "netIncome": "165700000"}, {"fiscalDateEnding": "2005-12-31", "reportedCurrency": "USD", "grossProfit": "2939400000", "totalRevenue": "2939400000", "costOfRevenue": "2466200000", "costofGoodsAndServicesSold": "2466200000", "operatingIncome": "426100000", "sellingGeneralAndAdministrative": "2513300000", "researchAndDevelopment": "0", "operatingExpenses": "2513300000", "investmentIncomeNet": "None", "netInterestIncome": "None", "interestIncome": "None", "interestExpense": "22500000", "nonInterestIncome": "None", "otherNonOperatingIncome": "None", "depreciation": "None", "depreciationAndAmortization": "66600000", "incomeBeforeTax": "409600000", "incomeTaxExpense": "137900000", "interestAndDebtExpense": "None", "netIncomeFromContinuingOperations": "0", "comprehensiveIncomeNetOfTax": "None", "ebit": "426100000", "ebitda": "492700000", "netIncome": "252600000"}, {"fiscalDateEnding": "2005-09-30", "reportedCurrency": "USD", "grossProfit": "2522900000", "totalRevenue": "2522900000", "costOfRevenue": "2205900000", "costofGoodsAndServicesSold": "2205900000", "operatingIncome": "274500000", "sellingGeneralAndAdministrative": "2248400000", "researchAndDevelopment": "0", "operatingExpenses": "2248400000", "investmentIncomeNet": "None", "netInterestIncome": "None", "interestIncome": "None", "interestExpense": "19900000", "nonInterestIncome": "None", "otherNonOperatingIncome": "None", "depreciation": "None", "depreciationAndAmortization": "62700000", "incomeBeforeTax": "258200000", "incomeTaxExpense": "86900000", "interestAndDebtExpense": "None", "netIncomeFromContinuingOperations": "0", "comprehensiveIncomeNetOfTax": "None", "ebit": "274500000", "ebitda": "337200000", "netIncome": "161700000"}, {"fiscalDateEnding": "2005-06-30", "reportedCurrency": "USD", "grossProfit": "2615800000", "totalRevenue": "2615800000", "costOfRevenue": "2190000000", "costofGoodsAndServicesSold": "2190000000", "operatingIncome": "382000000", "sellingGeneralAndAdministrative": "2233800000", "researchAndDevelopment": "0", "operatingExpenses": "2233800000", "investmentIncomeNet": "None", "netInterestIncome": "None", "interestIncome": "None", "interestExpense": "18300000", "nonInterestIncome": "None", "otherNonOperatingIncome": "None", "depreciation": "None", "depreciationAndAmortization": "65200000", "incomeBeforeTax": "367700000", "incomeTaxExpense": "124300000", "interestAndDebtExpense": "None", "netIncomeFromContinuingOperations": "0", "comprehensiveIncomeNetOfTax": "None", "ebit": "382000000", "ebitda": "447200000", "netIncome": "225800000"}, {"fiscalDateEnding": "2005-03-31", "reportedCurrency": "USD", "grossProfit": "2403000000", "totalRevenue": "2403000000", "costOfRevenue": "2110900000", "costofGoodsAndServicesSold": "2110900000", "operatingIncome": "257300000", "sellingGeneralAndAdministrative": "2145700000", "researchAndDevelopment": "0", "operatingExpenses": "2145700000", "investmentIncomeNet": "None", "netInterestIncome": "None", "interestIncome": "None", "interestExpense": "17300000", "nonInterestIncome": "None", "otherNonOperatingIncome": "None", "depreciation": "None", "depreciationAndAmortization": "67700000", "incomeBeforeTax": "245200000", "incomeTaxExpense": "86100000", "interestAndDebtExpense": "None", "netIncomeFromContinuingOperations": "0", "comprehensiveIncomeNetOfTax": "None", "ebit": "257300000", "ebitda": "325000000", "netIncome": "150500000"}]}