{"symbol": "MSI", "annualReports": [{"fiscalDateEnding": "2024-12-31", "reportedCurrency": "USD", "grossProfit": "5512000000", "totalRevenue": "10817000000", "costOfRevenue": "5305000000", "costofGoodsAndServicesSold": "5305000000", "operatingIncome": "2688000000", "sellingGeneralAndAdministrative": "1752000000", "researchAndDevelopment": "917000000", "operatingExpenses": "2824000000", "investmentIncomeNet": "None", "netInterestIncome": "-227000000", "interestIncome": "68000000", "interestExpense": "295000000", "nonInterestIncome": "None", "otherNonOperatingIncome": "None", "depreciation": "None", "depreciationAndAmortization": "336000000", "incomeBeforeTax": "1972000000", "incomeTaxExpense": "390000000", "interestAndDebtExpense": "None", "netIncomeFromContinuingOperations": "1582000000", "comprehensiveIncomeNetOfTax": "None", "ebit": "2267000000", "ebitda": "2603000000", "netIncome": "1577000000"}, {"fiscalDateEnding": "2023-12-31", "reportedCurrency": "USD", "grossProfit": "4970000000", "totalRevenue": "9978000000", "costOfRevenue": "5008000000", "costofGoodsAndServicesSold": "5008000000", "operatingIncome": "2294000000", "sellingGeneralAndAdministrative": "1462000000", "researchAndDevelopment": "858000000", "operatingExpenses": "2419000000", "investmentIncomeNet": "None", "netInterestIncome": "-216000000", "interestIncome": "33000000", "interestExpense": "216000000", "nonInterestIncome": "None", "otherNonOperatingIncome": "None", "depreciation": "None", "depreciationAndAmortization": "417000000", "incomeBeforeTax": "2146000000", "incomeTaxExpense": "432000000", "interestAndDebtExpense": "None", "netIncomeFromContinuingOperations": "1714000000", "comprehensiveIncomeNetOfTax": "None", "ebit": "2294000000", "ebitda": "2294000000", "netIncome": "1709000000"}, {"fiscalDateEnding": "2022-12-31", "reportedCurrency": "USD", "grossProfit": "4229000000", "totalRevenue": "9112000000", "costOfRevenue": "4883000000", "costofGoodsAndServicesSold": "4883000000", "operatingIncome": "1661000000", "sellingGeneralAndAdministrative": "1450000000", "researchAndDevelopment": "779000000", "operatingExpenses": "2486000000", "investmentIncomeNet": "None", "netInterestIncome": "-226000000", "interestIncome": "193000000", "interestExpense": "240000000", "nonInterestIncome": "None", "otherNonOperatingIncome": "80000000", "depreciation": "None", "depreciationAndAmortization": "502000000", "incomeBeforeTax": "1515000000", "incomeTaxExpense": "148000000", "interestAndDebtExpense": "None", "netIncomeFromContinuingOperations": "1367000000", "comprehensiveIncomeNetOfTax": "None", "ebit": "1755000000", "ebitda": "2257000000", "netIncome": "1363000000"}, {"fiscalDateEnding": "2021-12-31", "reportedCurrency": "USD", "grossProfit": "4040000000", "totalRevenue": "8171000000", "costOfRevenue": "4131000000", "costofGoodsAndServicesSold": "4131000000", "operatingIncome": "1667000000", "sellingGeneralAndAdministrative": "1353000000", "researchAndDevelopment": "734000000", "operatingExpenses": "2373000000", "investmentIncomeNet": "None", "netInterestIncome": "-208000000", "interestIncome": "199000000", "interestExpense": "208000000", "nonInterestIncome": "None", "otherNonOperatingIncome": "93000000", "depreciation": "None", "depreciationAndAmortization": "490000000", "incomeBeforeTax": "1552000000", "incomeTaxExpense": "302000000", "interestAndDebtExpense": "None", "netIncomeFromContinuingOperations": "1250000000", "comprehensiveIncomeNetOfTax": "None", "ebit": "1767000000", "ebitda": "2257000000", "netIncome": "1245000000"}, {"fiscalDateEnding": "2020-12-31", "reportedCurrency": "USD", "grossProfit": "3608000000", "totalRevenue": "7414000000", "costOfRevenue": "3806000000", "costofGoodsAndServicesSold": "3806000000", "operatingIncome": "1383000000", "sellingGeneralAndAdministrative": "1293000000", "researchAndDevelopment": "686000000", "operatingExpenses": "2225000000", "investmentIncomeNet": "None", "netInterestIncome": "-220000000", "interestIncome": "222000000", "interestExpense": "220000000", "nonInterestIncome": "None", "otherNonOperatingIncome": "11000000", "depreciation": "None", "depreciationAndAmortization": "458000000", "incomeBeforeTax": "1174000000", "incomeTaxExpense": "221000000", "interestAndDebtExpense": "None", "netIncomeFromContinuingOperations": "953000000", "comprehensiveIncomeNetOfTax": "None", "ebit": "1407000000", "ebitda": "1865000000", "netIncome": "949000000"}, {"fiscalDateEnding": "2019-12-31", "reportedCurrency": "USD", "grossProfit": "3931000000", "totalRevenue": "7887000000", "costOfRevenue": "3956000000", "costofGoodsAndServicesSold": "3956000000", "operatingIncome": "1216000000", "sellingGeneralAndAdministrative": "1403000000", "researchAndDevelopment": "687000000", "operatingExpenses": "2298000000", "investmentIncomeNet": "None", "netInterestIncome": "-220000000", "interestIncome": "17000000", "interestExpense": "220000000", "nonInterestIncome": "None", "otherNonOperatingIncome": "-360000000", "depreciation": "None", "depreciationAndAmortization": "436000000", "incomeBeforeTax": "1001000000", "incomeTaxExpense": "130000000", "interestAndDebtExpense": "None", "netIncomeFromContinuingOperations": "871000000", "comprehensiveIncomeNetOfTax": "None", "ebit": "1238000000", "ebitda": "1674000000", "netIncome": "868000000"}, {"fiscalDateEnding": "2018-12-31", "reportedCurrency": "USD", "grossProfit": "3480000000", "totalRevenue": "7343000000", "costOfRevenue": "3863000000", "costofGoodsAndServicesSold": "3863000000", "operatingIncome": "1255000000", "sellingGeneralAndAdministrative": "1254000000", "researchAndDevelopment": "637000000", "operatingExpenses": "2079000000", "investmentIncomeNet": "None", "netInterestIncome": "-222000000", "interestIncome": "18000000", "interestExpense": "222000000", "nonInterestIncome": "None", "otherNonOperatingIncome": "69000000", "depreciation": "None", "depreciationAndAmortization": "360000000", "incomeBeforeTax": "1102000000", "incomeTaxExpense": "133000000", "interestAndDebtExpense": "None", "netIncomeFromContinuingOperations": "969000000", "comprehensiveIncomeNetOfTax": "None", "ebit": "1478000000", "ebitda": "1838000000", "netIncome": "966000000"}, {"fiscalDateEnding": "2017-12-31", "reportedCurrency": "USD", "grossProfit": "3024000000", "totalRevenue": "6380000000", "costOfRevenue": "3356000000", "costofGoodsAndServicesSold": "3356000000", "operatingIncome": "1282000000", "sellingGeneralAndAdministrative": "979000000", "researchAndDevelopment": "568000000", "operatingExpenses": "1698000000", "investmentIncomeNet": "None", "netInterestIncome": "-201000000", "interestIncome": "14000000", "interestExpense": "201000000", "nonInterestIncome": "None", "otherNonOperatingIncome": "-5000000", "depreciation": "None", "depreciationAndAmortization": "343000000", "incomeBeforeTax": "1076000000", "incomeTaxExpense": "1227000000", "interestAndDebtExpense": "None", "netIncomeFromContinuingOperations": "-151000000", "comprehensiveIncomeNetOfTax": "None", "ebit": "1335000000", "ebitda": "1678000000", "netIncome": "-155000000"}, {"fiscalDateEnding": "2016-12-31", "reportedCurrency": "USD", "grossProfit": "2869000000", "totalRevenue": "6038000000", "costOfRevenue": "3169000000", "costofGoodsAndServicesSold": "3169000000", "operatingIncome": "1067000000", "sellingGeneralAndAdministrative": "1000000000", "researchAndDevelopment": "553000000", "operatingExpenses": "1666000000", "investmentIncomeNet": "None", "netInterestIncome": "-205000000", "interestIncome": "20000000", "interestExpense": "205000000", "nonInterestIncome": "None", "otherNonOperatingIncome": "-18000000", "depreciation": "None", "depreciationAndAmortization": "295000000", "incomeBeforeTax": "844000000", "incomeTaxExpense": "282000000", "interestAndDebtExpense": "None", "netIncomeFromContinuingOperations": "562000000", "comprehensiveIncomeNetOfTax": "None", "ebit": "1247000000", "ebitda": "1542000000", "netIncome": "560000000"}, {"fiscalDateEnding": "2015-12-31", "reportedCurrency": "USD", "grossProfit": "2719000000", "totalRevenue": "5695000000", "costOfRevenue": "2976000000", "costofGoodsAndServicesSold": "2976000000", "operatingIncome": "994000000", "sellingGeneralAndAdministrative": "1021000000", "researchAndDevelopment": "620000000", "operatingExpenses": "1649000000", "investmentIncomeNet": "None", "netInterestIncome": "None", "interestIncome": "69000000", "interestExpense": "173000000", "nonInterestIncome": "None", "otherNonOperatingIncome": "96000000", "depreciation": "None", "depreciationAndAmortization": "150000000", "incomeBeforeTax": "917000000", "incomeTaxExpense": "274000000", "interestAndDebtExpense": "None", "netIncomeFromContinuingOperations": "643000000", "comprehensiveIncomeNetOfTax": "None", "ebit": "1079000000", "ebitda": "1229000000", "netIncome": "610000000"}, {"fiscalDateEnding": "2014-12-31", "reportedCurrency": "USD", "grossProfit": "2831000000", "totalRevenue": "5881000000", "costOfRevenue": "3050000000", "costofGoodsAndServicesSold": "3050000000", "operatingIncome": "-1006000000", "sellingGeneralAndAdministrative": "1184000000", "researchAndDevelopment": "681000000", "operatingExpenses": "1869000000", "investmentIncomeNet": "None", "netInterestIncome": "None", "interestIncome": "None", "interestExpense": "126000000", "nonInterestIncome": "None", "otherNonOperatingIncome": "-29000000", "depreciation": "None", "depreciationAndAmortization": "173000000", "incomeBeforeTax": "-1161000000", "incomeTaxExpense": "-465000000", "interestAndDebtExpense": "None", "netIncomeFromContinuingOperations": "-696000000", "comprehensiveIncomeNetOfTax": "None", "ebit": "-1014000000", "ebitda": "-841000000", "netIncome": "1299000000"}, {"fiscalDateEnding": "2013-12-31", "reportedCurrency": "USD", "grossProfit": "4241000000", "totalRevenue": "8696000000", "costOfRevenue": "4455000000", "costofGoodsAndServicesSold": "4455000000", "operatingIncome": "1215000000", "sellingGeneralAndAdministrative": "1838000000", "researchAndDevelopment": "1055000000", "operatingExpenses": "2919000000", "investmentIncomeNet": "None", "netInterestIncome": "None", "interestIncome": "None", "interestExpense": "113000000", "nonInterestIncome": "None", "otherNonOperatingIncome": "43000000", "depreciation": "None", "depreciationAndAmortization": "228000000", "incomeBeforeTax": "1145000000", "incomeTaxExpense": "40000000", "interestAndDebtExpense": "None", "netIncomeFromContinuingOperations": "1105000000", "comprehensiveIncomeNetOfTax": "None", "ebit": "1277000000", "ebitda": "1505000000", "netIncome": "1099000000"}, {"fiscalDateEnding": "2012-12-31", "reportedCurrency": "USD", "grossProfit": "4348000000", "totalRevenue": "8698000000", "costOfRevenue": "4350000000", "costofGoodsAndServicesSold": "4350000000", "operatingIncome": "1256000000", "sellingGeneralAndAdministrative": "1963000000", "researchAndDevelopment": "1075000000", "operatingExpenses": "3067000000", "investmentIncomeNet": "None", "netInterestIncome": "None", "interestIncome": "None", "interestExpense": "66000000", "nonInterestIncome": "None", "otherNonOperatingIncome": "25000000", "depreciation": "None", "depreciationAndAmortization": "208000000", "incomeBeforeTax": "1215000000", "incomeTaxExpense": "337000000", "interestAndDebtExpense": "None", "netIncomeFromContinuingOperations": "878000000", "comprehensiveIncomeNetOfTax": "None", "ebit": "1323000000", "ebitda": "1531000000", "netIncome": "881000000"}, {"fiscalDateEnding": "2011-12-31", "reportedCurrency": "USD", "grossProfit": "4146000000", "totalRevenue": "8203000000", "costOfRevenue": "4057000000", "costofGoodsAndServicesSold": "4057000000", "operatingIncome": "858000000", "sellingGeneralAndAdministrative": "1912000000", "researchAndDevelopment": "1035000000", "operatingExpenses": "3288000000", "investmentIncomeNet": "None", "netInterestIncome": "None", "interestIncome": "None", "interestExpense": "132000000", "nonInterestIncome": "None", "otherNonOperatingIncome": "-46000000", "depreciation": "None", "depreciationAndAmortization": "366000000", "incomeBeforeTax": "738000000", "incomeTaxExpense": "-3000000", "interestAndDebtExpense": "None", "netIncomeFromContinuingOperations": "741000000", "comprehensiveIncomeNetOfTax": "None", "ebit": "870000000", "ebitda": "1236000000", "netIncome": "1158000000"}, {"fiscalDateEnding": "2010-12-31", "reportedCurrency": "USD", "grossProfit": "6898000000", "totalRevenue": "19282000000", "costOfRevenue": "12384000000", "costofGoodsAndServicesSold": "12384000000", "operatingIncome": "789000000", "sellingGeneralAndAdministrative": "3367000000", "researchAndDevelopment": "2530000000", "operatingExpenses": "5867000000", "investmentIncomeNet": "None", "netInterestIncome": "None", "interestIncome": "None", "interestExpense": "131000000", "nonInterestIncome": "None", "otherNonOperatingIncome": "-112000000", "depreciation": "None", "depreciationAndAmortization": "572000000", "incomeBeforeTax": "677000000", "incomeTaxExpense": "406000000", "interestAndDebtExpense": "None", "netIncomeFromContinuingOperations": "271000000", "comprehensiveIncomeNetOfTax": "None", "ebit": "662000000", "ebitda": "1234000000", "netIncome": "633000000"}, {"fiscalDateEnding": "2009-12-31", "reportedCurrency": "USD", "grossProfit": "7057000000", "totalRevenue": "22044000000", "costOfRevenue": "14987000000", "costofGoodsAndServicesSold": "14987000000", "operatingIncome": "-148000000", "sellingGeneralAndAdministrative": "3381000000", "researchAndDevelopment": "3183000000", "operatingExpenses": "7163000000", "investmentIncomeNet": "None", "netInterestIncome": "None", "interestIncome": "None", "interestExpense": "213000000", "nonInterestIncome": "None", "otherNonOperatingIncome": "-17000000", "depreciation": "None", "depreciationAndAmortization": "751000000", "incomeBeforeTax": "-165000000", "incomeTaxExpense": "-77000000", "interestAndDebtExpense": "None", "netIncomeFromContinuingOperations": "-88000000", "comprehensiveIncomeNetOfTax": "None", "ebit": "-401000000", "ebitda": "350000000", "netIncome": "-51000000"}, {"fiscalDateEnding": "2008-12-31", "reportedCurrency": "USD", "grossProfit": "8395000000", "totalRevenue": "30146000000", "costOfRevenue": "21751000000", "costofGoodsAndServicesSold": "21751000000", "operatingIncome": "-2391000000", "sellingGeneralAndAdministrative": "4330000000", "researchAndDevelopment": "4109000000", "operatingExpenses": "10478000000", "investmentIncomeNet": "None", "netInterestIncome": "None", "interestIncome": "None", "interestExpense": "91000000", "nonInterestIncome": "None", "otherNonOperatingIncome": "None", "depreciation": "None", "depreciationAndAmortization": "831000000", "incomeBeforeTax": "-2637000000", "incomeTaxExpense": "1607000000", "interestAndDebtExpense": "None", "netIncomeFromContinuingOperations": "None", "comprehensiveIncomeNetOfTax": "None", "ebit": "-2411000000", "ebitda": "-1580000000", "netIncome": "-4244000000"}, {"fiscalDateEnding": "2007-12-31", "reportedCurrency": "USD", "grossProfit": "9952000000", "totalRevenue": "36622000000", "costOfRevenue": "26670000000", "costofGoodsAndServicesSold": "26670000000", "operatingIncome": "-553000000", "sellingGeneralAndAdministrative": "5092000000", "researchAndDevelopment": "4429000000", "operatingExpenses": "10119000000", "investmentIncomeNet": "None", "netInterestIncome": "None", "interestIncome": "None", "interestExpense": "91000000", "nonInterestIncome": "None", "otherNonOperatingIncome": "None", "depreciation": "None", "depreciationAndAmortization": "903000000", "incomeBeforeTax": "-390000000", "incomeTaxExpense": "-285000000", "interestAndDebtExpense": "None", "netIncomeFromContinuingOperations": "None", "comprehensiveIncomeNetOfTax": "None", "ebit": "-167000000", "ebitda": "736000000", "netIncome": "-49000000"}, {"fiscalDateEnding": "2006-12-31", "reportedCurrency": "USD", "grossProfit": "12727000000", "totalRevenue": "42879000000", "costOfRevenue": "30152000000", "costofGoodsAndServicesSold": "30152000000", "operatingIncome": "4092000000", "sellingGeneralAndAdministrative": "4504000000", "researchAndDevelopment": "4106000000", "operatingExpenses": "8635000000", "investmentIncomeNet": "None", "netInterestIncome": "None", "interestIncome": "None", "interestExpense": "326000000", "nonInterestIncome": "None", "otherNonOperatingIncome": "None", "depreciation": "None", "depreciationAndAmortization": "558000000", "incomeBeforeTax": "4610000000", "incomeTaxExpense": "1349000000", "interestAndDebtExpense": "None", "netIncomeFromContinuingOperations": "None", "comprehensiveIncomeNetOfTax": "None", "ebit": "4092000000", "ebitda": "4650000000", "netIncome": "3661000000"}, {"fiscalDateEnding": "2005-12-31", "reportedCurrency": "USD", "grossProfit": "11777000000", "totalRevenue": "36843000000", "costOfRevenue": "25066000000", "costofGoodsAndServicesSold": "25066000000", "operatingIncome": "4696000000", "sellingGeneralAndAdministrative": "3859000000", "researchAndDevelopment": "3680000000", "operatingExpenses": "7013000000", "investmentIncomeNet": "None", "netInterestIncome": "None", "interestIncome": "None", "interestExpense": "71000000", "nonInterestIncome": "None", "otherNonOperatingIncome": "None", "depreciation": "None", "depreciationAndAmortization": "613000000", "incomeBeforeTax": "6520000000", "incomeTaxExpense": "1921000000", "interestAndDebtExpense": "None", "netIncomeFromContinuingOperations": "None", "comprehensiveIncomeNetOfTax": "None", "ebit": "6664000000", "ebitda": "7277000000", "netIncome": "4578000000"}], "quarterlyReports": [{"fiscalDateEnding": "2024-12-31", "reportedCurrency": "USD", "grossProfit": "1549000000", "totalRevenue": "3011000000", "costOfRevenue": "1462000000", "costofGoodsAndServicesSold": "1462000000", "operatingIncome": "814000000", "sellingGeneralAndAdministrative": "487000000", "researchAndDevelopment": "246000000", "operatingExpenses": "735000000", "investmentIncomeNet": "None", "netInterestIncome": "-56000000", "interestIncome": "18000000", "interestExpense": "74000000", "nonInterestIncome": "None", "otherNonOperatingIncome": "None", "depreciation": "None", "depreciationAndAmortization": "86000000", "incomeBeforeTax": "788000000", "incomeTaxExpense": "176000000", "interestAndDebtExpense": "None", "netIncomeFromContinuingOperations": "612000000", "comprehensiveIncomeNetOfTax": "None", "ebit": "862000000", "ebitda": "948000000", "netIncome": "611000000"}, {"fiscalDateEnding": "2024-09-30", "reportedCurrency": "USD", "grossProfit": "1433000000", "totalRevenue": "2790000000", "costOfRevenue": "1357000000", "costofGoodsAndServicesSold": "1357000000", "operatingIncome": "711000000", "sellingGeneralAndAdministrative": "439000000", "researchAndDevelopment": "234000000", "operatingExpenses": "722000000", "investmentIncomeNet": "None", "netInterestIncome": "-58000000", "interestIncome": "15000000", "interestExpense": "73000000", "nonInterestIncome": "None", "otherNonOperatingIncome": "None", "depreciation": "None", "depreciationAndAmortization": "84000000", "incomeBeforeTax": "695000000", "incomeTaxExpense": "132000000", "interestAndDebtExpense": "None", "netIncomeFromContinuingOperations": "563000000", "comprehensiveIncomeNetOfTax": "None", "ebit": "768000000", "ebitda": "852000000", "netIncome": "562000000"}, {"fiscalDateEnding": "2024-06-30", "reportedCurrency": "USD", "grossProfit": "1303000000", "totalRevenue": "2628000000", "costOfRevenue": "1325000000", "costofGoodsAndServicesSold": "1325000000", "operatingIncome": "654000000", "sellingGeneralAndAdministrative": "399000000", "researchAndDevelopment": "220000000", "operatingExpenses": "649000000", "investmentIncomeNet": "None", "netInterestIncome": "-69000000", "interestIncome": "18000000", "interestExpense": "87000000", "nonInterestIncome": "None", "otherNonOperatingIncome": "None", "depreciation": "None", "depreciationAndAmortization": "95000000", "incomeBeforeTax": "580000000", "incomeTaxExpense": "135000000", "interestAndDebtExpense": "None", "netIncomeFromContinuingOperations": "445000000", "comprehensiveIncomeNetOfTax": "None", "ebit": "667000000", "ebitda": "762000000", "netIncome": "443000000"}, {"fiscalDateEnding": "2024-03-31", "reportedCurrency": "USD", "grossProfit": "1153000000", "totalRevenue": "2389000000", "costOfRevenue": "1236000000", "costofGoodsAndServicesSold": "1236000000", "operatingIncome": "533000000", "sellingGeneralAndAdministrative": "365000000", "researchAndDevelopment": "218000000", "operatingExpenses": "620000000", "investmentIncomeNet": "None", "netInterestIncome": "-44000000", "interestIncome": "17000000", "interestExpense": "61000000", "nonInterestIncome": "None", "otherNonOperatingIncome": "None", "depreciation": "None", "depreciationAndAmortization": "96000000", "incomeBeforeTax": "-90000000", "incomeTaxExpense": "-52000000", "interestAndDebtExpense": "None", "netIncomeFromContinuingOperations": "-38000000", "comprehensiveIncomeNetOfTax": "None", "ebit": "-29000000", "ebitda": "67000000", "netIncome": "-39000000"}, {"fiscalDateEnding": "2023-12-31", "reportedCurrency": "USD", "grossProfit": "1416000000", "totalRevenue": "2848000000", "costOfRevenue": "1432000000", "costofGoodsAndServicesSold": "1432000000", "operatingIncome": "776000000", "sellingGeneralAndAdministrative": "397000000", "researchAndDevelopment": "218000000", "operatingExpenses": "640000000", "investmentIncomeNet": "None", "netInterestIncome": "-52000000", "interestIncome": "None", "interestExpense": "63000000", "nonInterestIncome": "None", "otherNonOperatingIncome": "None", "depreciation": "None", "depreciationAndAmortization": "111000000", "incomeBeforeTax": "707000000", "incomeTaxExpense": "111000000", "interestAndDebtExpense": "None", "netIncomeFromContinuingOperations": "597000000", "comprehensiveIncomeNetOfTax": "None", "ebit": "770000000", "ebitda": "881000000", "netIncome": "596000000"}, {"fiscalDateEnding": "2023-09-30", "reportedCurrency": "USD", "grossProfit": "1280000000", "totalRevenue": "2556000000", "costOfRevenue": "1276000000", "costofGoodsAndServicesSold": "1276000000", "operatingIncome": "639000000", "sellingGeneralAndAdministrative": "380000000", "researchAndDevelopment": "215000000", "operatingExpenses": "634000000", "investmentIncomeNet": "None", "netInterestIncome": "-53000000", "interestIncome": "64000000", "interestExpense": "53000000", "nonInterestIncome": "None", "otherNonOperatingIncome": "None", "depreciation": "None", "depreciationAndAmortization": "96000000", "incomeBeforeTax": "592000000", "incomeTaxExpense": "127000000", "interestAndDebtExpense": "None", "netIncomeFromContinuingOperations": "465000000", "comprehensiveIncomeNetOfTax": "None", "ebit": "652000000", "ebitda": "748000000", "netIncome": "464000000"}, {"fiscalDateEnding": "2023-06-30", "reportedCurrency": "USD", "grossProfit": "1189000000", "totalRevenue": "2403000000", "costOfRevenue": "1214000000", "costofGoodsAndServicesSold": "1214000000", "operatingIncome": "518000000", "sellingGeneralAndAdministrative": "390000000", "researchAndDevelopment": "215000000", "operatingExpenses": "648000000", "investmentIncomeNet": "None", "netInterestIncome": "-57000000", "interestIncome": "6000000", "interestExpense": "57000000", "nonInterestIncome": "None", "otherNonOperatingIncome": "26000000", "depreciation": "None", "depreciationAndAmortization": "103000000", "incomeBeforeTax": "487000000", "incomeTaxExpense": "114000000", "interestAndDebtExpense": "None", "netIncomeFromContinuingOperations": "373000000", "comprehensiveIncomeNetOfTax": "None", "ebit": "550000000", "ebitda": "653000000", "netIncome": "371000000"}, {"fiscalDateEnding": "2023-03-31", "reportedCurrency": "USD", "grossProfit": "1052000000", "totalRevenue": "2171000000", "costOfRevenue": "1119000000", "costofGoodsAndServicesSold": "1119000000", "operatingIncome": "399000000", "sellingGeneralAndAdministrative": "368000000", "researchAndDevelopment": "210000000", "operatingExpenses": "653000000", "investmentIncomeNet": "None", "netInterestIncome": "-54000000", "interestIncome": "9000000", "interestExpense": "54000000", "nonInterestIncome": "None", "otherNonOperatingIncome": "13000000", "depreciation": "None", "depreciationAndAmortization": "98000000", "incomeBeforeTax": "358000000", "incomeTaxExpense": "79000000", "interestAndDebtExpense": "None", "netIncomeFromContinuingOperations": "279000000", "comprehensiveIncomeNetOfTax": "None", "ebit": "444000000", "ebitda": "542000000", "netIncome": "278000000"}, {"fiscalDateEnding": "2022-12-31", "reportedCurrency": "USD", "grossProfit": "1351000000", "totalRevenue": "2707000000", "costOfRevenue": "1356000000", "costofGoodsAndServicesSold": "1356000000", "operatingIncome": "691000000", "sellingGeneralAndAdministrative": "381000000", "researchAndDevelopment": "202000000", "operatingExpenses": "646000000", "investmentIncomeNet": "None", "netInterestIncome": "-54000000", "interestIncome": "59000000", "interestExpense": "61000000", "nonInterestIncome": "None", "otherNonOperatingIncome": "26000000", "depreciation": "None", "depreciationAndAmortization": "130000000", "incomeBeforeTax": "663000000", "incomeTaxExpense": "73000000", "interestAndDebtExpense": "None", "netIncomeFromContinuingOperations": "590000000", "comprehensiveIncomeNetOfTax": "None", "ebit": "723000000", "ebitda": "853000000", "netIncome": "589000000"}, {"fiscalDateEnding": "2022-09-30", "reportedCurrency": "USD", "grossProfit": "1031000000", "totalRevenue": "2373000000", "costOfRevenue": "1342000000", "costofGoodsAndServicesSold": "1342000000", "operatingIncome": "373000000", "sellingGeneralAndAdministrative": "350000000", "researchAndDevelopment": "197000000", "operatingExpenses": "638000000", "investmentIncomeNet": "None", "netInterestIncome": "-60000000", "interestIncome": "2000000", "interestExpense": "62000000", "nonInterestIncome": "None", "otherNonOperatingIncome": "20000000", "depreciation": "None", "depreciationAndAmortization": "122000000", "incomeBeforeTax": "333000000", "incomeTaxExpense": "53000000", "interestAndDebtExpense": "None", "netIncomeFromContinuingOperations": "280000000", "comprehensiveIncomeNetOfTax": "None", "ebit": "395000000", "ebitda": "517000000", "netIncome": "279000000"}, {"fiscalDateEnding": "2022-06-30", "reportedCurrency": "USD", "grossProfit": "990000000", "totalRevenue": "2140000000", "costOfRevenue": "1150000000", "costofGoodsAndServicesSold": "1150000000", "operatingIncome": "358000000", "sellingGeneralAndAdministrative": "326000000", "researchAndDevelopment": "191000000", "operatingExpenses": "612000000", "investmentIncomeNet": "None", "netInterestIncome": "-56000000", "interestIncome": "3000000", "interestExpense": "59000000", "nonInterestIncome": "None", "otherNonOperatingIncome": "-2000000", "depreciation": "None", "depreciationAndAmortization": "125000000", "incomeBeforeTax": "300000000", "incomeTaxExpense": "71000000", "interestAndDebtExpense": "None", "netIncomeFromContinuingOperations": "229000000", "comprehensiveIncomeNetOfTax": "None", "ebit": "379000000", "ebitda": "504000000", "netIncome": "228000000"}, {"fiscalDateEnding": "2022-03-31", "reportedCurrency": "USD", "grossProfit": "857000000", "totalRevenue": "1892000000", "costOfRevenue": "1035000000", "costofGoodsAndServicesSold": "1035000000", "operatingIncome": "239000000", "sellingGeneralAndAdministrative": "306000000", "researchAndDevelopment": "188000000", "operatingExpenses": "592000000", "investmentIncomeNet": "None", "netInterestIncome": "-56000000", "interestIncome": "2000000", "interestExpense": "58000000", "nonInterestIncome": "None", "otherNonOperatingIncome": "36000000", "depreciation": "None", "depreciationAndAmortization": "124000000", "incomeBeforeTax": "219000000", "incomeTaxExpense": "-49000000", "interestAndDebtExpense": "None", "netIncomeFromContinuingOperations": "268000000", "comprehensiveIncomeNetOfTax": "None", "ebit": "277000000", "ebitda": "401000000", "netIncome": "267000000"}, {"fiscalDateEnding": "2021-12-31", "reportedCurrency": "USD", "grossProfit": "1183000000", "totalRevenue": "2320000000", "costOfRevenue": "1137000000", "costofGoodsAndServicesSold": "1137000000", "operatingIncome": "549000000", "sellingGeneralAndAdministrative": "336000000", "researchAndDevelopment": "189000000", "operatingExpenses": "634000000", "investmentIncomeNet": "None", "netInterestIncome": "-54000000", "interestIncome": "50000000", "interestExpense": "54000000", "nonInterestIncome": "None", "otherNonOperatingIncome": "24000000", "depreciation": "None", "depreciationAndAmortization": "128000000", "incomeBeforeTax": "518000000", "incomeTaxExpense": "116000000", "interestAndDebtExpense": "None", "netIncomeFromContinuingOperations": "402000000", "comprehensiveIncomeNetOfTax": "None", "ebit": "573000000", "ebitda": "701000000", "netIncome": "401000000"}, {"fiscalDateEnding": "2021-09-30", "reportedCurrency": "USD", "grossProfit": "1045000000", "totalRevenue": "2107000000", "costOfRevenue": "1062000000", "costofGoodsAndServicesSold": "1062000000", "operatingIncome": "451000000", "sellingGeneralAndAdministrative": "320000000", "researchAndDevelopment": "183000000", "operatingExpenses": "590000000", "investmentIncomeNet": "None", "netInterestIncome": "-56000000", "interestIncome": "2000000", "interestExpense": "58000000", "nonInterestIncome": "None", "otherNonOperatingIncome": "10000000", "depreciation": "None", "depreciationAndAmortization": "117000000", "incomeBeforeTax": "405000000", "incomeTaxExpense": "97000000", "interestAndDebtExpense": "None", "netIncomeFromContinuingOperations": "308000000", "comprehensiveIncomeNetOfTax": "None", "ebit": "463000000", "ebitda": "580000000", "netIncome": "307000000"}, {"fiscalDateEnding": "2021-06-30", "reportedCurrency": "USD", "grossProfit": "952000000", "totalRevenue": "1971000000", "costOfRevenue": "1019000000", "costofGoodsAndServicesSold": "1019000000", "operatingIncome": "370000000", "sellingGeneralAndAdministrative": "300000000", "researchAndDevelopment": "181000000", "operatingExpenses": "570000000", "investmentIncomeNet": "None", "netInterestIncome": "-44000000", "interestIncome": "2000000", "interestExpense": "46000000", "nonInterestIncome": "None", "otherNonOperatingIncome": "14000000", "depreciation": "None", "depreciationAndAmortization": "122000000", "incomeBeforeTax": "340000000", "incomeTaxExpense": "46000000", "interestAndDebtExpense": "None", "netIncomeFromContinuingOperations": "294000000", "comprehensiveIncomeNetOfTax": "None", "ebit": "386000000", "ebitda": "508000000", "netIncome": "293000000"}, {"fiscalDateEnding": "2021-03-31", "reportedCurrency": "USD", "grossProfit": "860000000", "totalRevenue": "1773000000", "costOfRevenue": "913000000", "costofGoodsAndServicesSold": "913000000", "operatingIncome": "298000000", "sellingGeneralAndAdministrative": "273000000", "researchAndDevelopment": "180000000", "operatingExpenses": "541000000", "investmentIncomeNet": "None", "netInterestIncome": "-54000000", "interestIncome": "2000000", "interestExpense": "56000000", "nonInterestIncome": "None", "otherNonOperatingIncome": "45000000", "depreciation": "None", "depreciationAndAmortization": "123000000", "incomeBeforeTax": "289000000", "incomeTaxExpense": "44000000", "interestAndDebtExpense": "None", "netIncomeFromContinuingOperations": "245000000", "comprehensiveIncomeNetOfTax": "None", "ebit": "345000000", "ebitda": "468000000", "netIncome": "244000000"}, {"fiscalDateEnding": "2020-12-31", "reportedCurrency": "USD", "grossProfit": "1146000000", "totalRevenue": "2273000000", "costOfRevenue": "1127000000", "costofGoodsAndServicesSold": "1127000000", "operatingIncome": "555000000", "sellingGeneralAndAdministrative": "343000000", "researchAndDevelopment": "182000000", "operatingExpenses": "591000000", "investmentIncomeNet": "None", "netInterestIncome": "-53000000", "interestIncome": "54000000", "interestExpense": "53000000", "nonInterestIncome": "None", "otherNonOperatingIncome": "21000000", "depreciation": "None", "depreciationAndAmortization": "109000000", "incomeBeforeTax": "522000000", "incomeTaxExpense": "109000000", "interestAndDebtExpense": "None", "netIncomeFromContinuingOperations": "413000000", "comprehensiveIncomeNetOfTax": "None", "ebit": "591000000", "ebitda": "700000000", "netIncome": "412000000"}, {"fiscalDateEnding": "2020-09-30", "reportedCurrency": "USD", "grossProfit": "909000000", "totalRevenue": "1868000000", "costOfRevenue": "959000000", "costofGoodsAndServicesSold": "959000000", "operatingIncome": "352000000", "sellingGeneralAndAdministrative": "313000000", "researchAndDevelopment": "175000000", "operatingExpenses": "542000000", "investmentIncomeNet": "None", "netInterestIncome": "-58000000", "interestIncome": "67000000", "interestExpense": "58000000", "nonInterestIncome": "None", "otherNonOperatingIncome": "-43000000", "depreciation": "None", "depreciationAndAmortization": "103000000", "incomeBeforeTax": "251000000", "incomeTaxExpense": "45000000", "interestAndDebtExpense": "None", "netIncomeFromContinuingOperations": "206000000", "comprehensiveIncomeNetOfTax": "None", "ebit": "390000000", "ebitda": "493000000", "netIncome": "205000000"}, {"fiscalDateEnding": "2020-06-30", "reportedCurrency": "USD", "grossProfit": "766000000", "totalRevenue": "1618000000", "costOfRevenue": "852000000", "costofGoodsAndServicesSold": "852000000", "operatingIncome": "218000000", "sellingGeneralAndAdministrative": "297000000", "researchAndDevelopment": "161000000", "operatingExpenses": "548000000", "investmentIncomeNet": "None", "netInterestIncome": "-58000000", "interestIncome": "2000000", "interestExpense": "58000000", "nonInterestIncome": "None", "otherNonOperatingIncome": "16000000", "depreciation": "None", "depreciationAndAmortization": "98000000", "incomeBeforeTax": "176000000", "incomeTaxExpense": "40000000", "interestAndDebtExpense": "None", "netIncomeFromContinuingOperations": "136000000", "comprehensiveIncomeNetOfTax": "None", "ebit": "291000000", "ebitda": "389000000", "netIncome": "135000000"}, {"fiscalDateEnding": "2020-03-31", "reportedCurrency": "USD", "grossProfit": "787000000", "totalRevenue": "1655000000", "costOfRevenue": "868000000", "costofGoodsAndServicesSold": "868000000", "operatingIncome": "259000000", "sellingGeneralAndAdministrative": "341000000", "researchAndDevelopment": "168000000", "operatingExpenses": "562000000", "investmentIncomeNet": "None", "netInterestIncome": "-52000000", "interestIncome": "3000000", "interestExpense": "52000000", "nonInterestIncome": "None", "otherNonOperatingIncome": "17000000", "depreciation": "None", "depreciationAndAmortization": "99000000", "incomeBeforeTax": "224000000", "incomeTaxExpense": "26000000", "interestAndDebtExpense": "None", "netIncomeFromContinuingOperations": "198000000", "comprehensiveIncomeNetOfTax": "None", "ebit": "251000000", "ebitda": "350000000", "netIncome": "197000000"}, {"fiscalDateEnding": "2019-12-31", "reportedCurrency": "USD", "grossProfit": "1220000000", "totalRevenue": "2376000000", "costOfRevenue": "1156000000", "costofGoodsAndServicesSold": "1156000000", "operatingIncome": "590000000", "sellingGeneralAndAdministrative": "368000000", "researchAndDevelopment": "182000000", "operatingExpenses": "706000000", "investmentIncomeNet": "None", "netInterestIncome": "-55000000", "interestIncome": "4000000", "interestExpense": "59000000", "nonInterestIncome": "None", "otherNonOperatingIncome": "-342000000", "depreciation": "None", "depreciationAndAmortization": "104000000", "incomeBeforeTax": "193000000", "incomeTaxExpense": "-50000000", "interestAndDebtExpense": "None", "netIncomeFromContinuingOperations": "243000000", "comprehensiveIncomeNetOfTax": "None", "ebit": "650000000", "ebitda": "754000000", "netIncome": "243000000"}, {"fiscalDateEnding": "2019-09-30", "reportedCurrency": "USD", "grossProfit": "1007000000", "totalRevenue": "1994000000", "costOfRevenue": "987000000", "costofGoodsAndServicesSold": "987000000", "operatingIncome": "413000000", "sellingGeneralAndAdministrative": "359000000", "researchAndDevelopment": "172000000", "operatingExpenses": "583000000", "investmentIncomeNet": "None", "netInterestIncome": "-54000000", "interestIncome": "6000000", "interestExpense": "54000000", "nonInterestIncome": "None", "otherNonOperatingIncome": "-11000000", "depreciation": "None", "depreciationAndAmortization": "99000000", "incomeBeforeTax": "348000000", "incomeTaxExpense": "80000000", "interestAndDebtExpense": "None", "netIncomeFromContinuingOperations": "268000000", "comprehensiveIncomeNetOfTax": "None", "ebit": "444000000", "ebitda": "543000000", "netIncome": "267000000"}, {"fiscalDateEnding": "2019-06-30", "reportedCurrency": "USD", "grossProfit": "931000000", "totalRevenue": "1860000000", "costOfRevenue": "929000000", "costofGoodsAndServicesSold": "929000000", "operatingIncome": "349000000", "sellingGeneralAndAdministrative": "351000000", "researchAndDevelopment": "170000000", "operatingExpenses": "573000000", "investmentIncomeNet": "None", "netInterestIncome": "-56000000", "interestIncome": "3000000", "interestExpense": "56000000", "nonInterestIncome": "None", "otherNonOperatingIncome": "-18000000", "depreciation": "None", "depreciationAndAmortization": "96000000", "incomeBeforeTax": "275000000", "incomeTaxExpense": "67000000", "interestAndDebtExpense": "None", "netIncomeFromContinuingOperations": "208000000", "comprehensiveIncomeNetOfTax": "None", "ebit": "379000000", "ebitda": "475000000", "netIncome": "207000000"}, {"fiscalDateEnding": "2019-03-31", "reportedCurrency": "USD", "grossProfit": "773000000", "totalRevenue": "1657000000", "costOfRevenue": "884000000", "costofGoodsAndServicesSold": "884000000", "operatingIncome": "229000000", "sellingGeneralAndAdministrative": "327000000", "researchAndDevelopment": "162000000", "operatingExpenses": "539000000", "investmentIncomeNet": "None", "netInterestIncome": "-55000000", "interestIncome": "5000000", "interestExpense": "55000000", "nonInterestIncome": "None", "otherNonOperatingIncome": "11000000", "depreciation": "None", "depreciationAndAmortization": "95000000", "incomeBeforeTax": "185000000", "incomeTaxExpense": "33000000", "interestAndDebtExpense": "None", "netIncomeFromContinuingOperations": "152000000", "comprehensiveIncomeNetOfTax": "None", "ebit": "254000000", "ebitda": "349000000", "netIncome": "151000000"}, {"fiscalDateEnding": "2018-12-31", "reportedCurrency": "USD", "grossProfit": "1088000000", "totalRevenue": "2254000000", "costOfRevenue": "1166000000", "costofGoodsAndServicesSold": "1166000000", "operatingIncome": "516000000", "sellingGeneralAndAdministrative": "337000000", "researchAndDevelopment": "165000000", "operatingExpenses": "550000000", "investmentIncomeNet": "None", "netInterestIncome": "None", "interestIncome": "None", "interestExpense": "59000000", "nonInterestIncome": "None", "otherNonOperatingIncome": "7000000", "depreciation": "None", "depreciationAndAmortization": "93000000", "incomeBeforeTax": "464000000", "incomeTaxExpense": "40000000", "interestAndDebtExpense": "None", "netIncomeFromContinuingOperations": "423000000", "comprehensiveIncomeNetOfTax": "None", "ebit": "599000000", "ebitda": "692000000", "netIncome": "422000000"}, {"fiscalDateEnding": "2018-09-30", "reportedCurrency": "USD", "grossProfit": "901000000", "totalRevenue": "1862000000", "costOfRevenue": "961000000", "costofGoodsAndServicesSold": "961000000", "operatingIncome": "294000000", "sellingGeneralAndAdministrative": "323000000", "researchAndDevelopment": "158000000", "operatingExpenses": "527000000", "investmentIncomeNet": "None", "netInterestIncome": "None", "interestIncome": "None", "interestExpense": "59000000", "nonInterestIncome": "None", "otherNonOperatingIncome": "35000000", "depreciation": "None", "depreciationAndAmortization": "89000000", "incomeBeforeTax": "270000000", "incomeTaxExpense": "22000000", "interestAndDebtExpense": "None", "netIncomeFromContinuingOperations": "248000000", "comprehensiveIncomeNetOfTax": "None", "ebit": "339000000", "ebitda": "428000000", "netIncome": "247000000"}, {"fiscalDateEnding": "2018-06-30", "reportedCurrency": "USD", "grossProfit": "822000000", "totalRevenue": "1760000000", "costOfRevenue": "938000000", "costofGoodsAndServicesSold": "938000000", "operatingIncome": "273000000", "sellingGeneralAndAdministrative": "316000000", "researchAndDevelopment": "162000000", "operatingExpenses": "531000000", "investmentIncomeNet": "None", "netInterestIncome": "None", "interestIncome": "None", "interestExpense": "58000000", "nonInterestIncome": "None", "otherNonOperatingIncome": "12000000", "depreciation": "None", "depreciationAndAmortization": "96000000", "incomeBeforeTax": "227000000", "incomeTaxExpense": "46000000", "interestAndDebtExpense": "None", "netIncomeFromContinuingOperations": "181000000", "comprehensiveIncomeNetOfTax": "None", "ebit": "318000000", "ebitda": "414000000", "netIncome": "180000000"}, {"fiscalDateEnding": "2018-03-31", "reportedCurrency": "USD", "grossProfit": "669000000", "totalRevenue": "1468000000", "costOfRevenue": "799000000", "costofGoodsAndServicesSold": "799000000", "operatingIncome": "171000000", "sellingGeneralAndAdministrative": "279000000", "researchAndDevelopment": "152000000", "operatingExpenses": "472000000", "investmentIncomeNet": "None", "netInterestIncome": "None", "interestIncome": "None", "interestExpense": "46000000", "nonInterestIncome": "None", "otherNonOperatingIncome": "15000000", "depreciation": "None", "depreciationAndAmortization": "82000000", "incomeBeforeTax": "140000000", "incomeTaxExpense": "23000000", "interestAndDebtExpense": "None", "netIncomeFromContinuingOperations": "117000000", "comprehensiveIncomeNetOfTax": "None", "ebit": "222000000", "ebitda": "304000000", "netIncome": "117000000"}, {"fiscalDateEnding": "2017-12-31", "reportedCurrency": "USD", "grossProfit": "970000000", "totalRevenue": "1957000000", "costOfRevenue": "987000000", "costofGoodsAndServicesSold": "987000000", "operatingIncome": "511000000", "sellingGeneralAndAdministrative": "257000000", "researchAndDevelopment": "154000000", "operatingExpenses": "450000000", "investmentIncomeNet": "None", "netInterestIncome": "None", "interestIncome": "None", "interestExpense": "47000000", "nonInterestIncome": "None", "otherNonOperatingIncome": "1000000", "depreciation": "None", "depreciationAndAmortization": "89000000", "incomeBeforeTax": "465000000", "incomeTaxExpense": "1039000000", "interestAndDebtExpense": "None", "netIncomeFromContinuingOperations": "-574000000", "comprehensiveIncomeNetOfTax": "None", "ebit": "517000000", "ebitda": "606000000", "netIncome": "-575000000"}, {"fiscalDateEnding": "2017-09-30", "reportedCurrency": "USD", "grossProfit": "794000000", "totalRevenue": "1645000000", "costOfRevenue": "851000000", "costofGoodsAndServicesSold": "851000000", "operatingIncome": "338000000", "sellingGeneralAndAdministrative": "248000000", "researchAndDevelopment": "141000000", "operatingExpenses": "428000000", "investmentIncomeNet": "None", "netInterestIncome": "None", "interestIncome": "None", "interestExpense": "52000000", "nonInterestIncome": "None", "otherNonOperatingIncome": "None", "depreciation": "None", "depreciationAndAmortization": "88000000", "incomeBeforeTax": "286000000", "incomeTaxExpense": "73000000", "interestAndDebtExpense": "None", "netIncomeFromContinuingOperations": "213000000", "comprehensiveIncomeNetOfTax": "None", "ebit": "368000000", "ebitda": "456000000", "netIncome": "212000000"}, {"fiscalDateEnding": "2017-06-30", "reportedCurrency": "USD", "grossProfit": "690000000", "totalRevenue": "1497000000", "costOfRevenue": "807000000", "costofGoodsAndServicesSold": "807000000", "operatingIncome": "257000000", "sellingGeneralAndAdministrative": "242000000", "researchAndDevelopment": "138000000", "operatingExpenses": "417000000", "investmentIncomeNet": "None", "netInterestIncome": "None", "interestIncome": "None", "interestExpense": "55000000", "nonInterestIncome": "None", "otherNonOperatingIncome": "-1000000", "depreciation": "None", "depreciationAndAmortization": "86000000", "incomeBeforeTax": "205000000", "incomeTaxExpense": "73000000", "interestAndDebtExpense": "None", "netIncomeFromContinuingOperations": "132000000", "comprehensiveIncomeNetOfTax": "None", "ebit": "275000000", "ebitda": "361000000", "netIncome": "131000000"}, {"fiscalDateEnding": "2017-03-31", "reportedCurrency": "USD", "grossProfit": "570000000", "totalRevenue": "1281000000", "costOfRevenue": "711000000", "costofGoodsAndServicesSold": "711000000", "operatingIncome": "176000000", "sellingGeneralAndAdministrative": "232000000", "researchAndDevelopment": "135000000", "operatingExpenses": "403000000", "investmentIncomeNet": "None", "netInterestIncome": "None", "interestIncome": "None", "interestExpense": "51000000", "nonInterestIncome": "None", "otherNonOperatingIncome": "-5000000", "depreciation": "None", "depreciationAndAmortization": "80000000", "incomeBeforeTax": "120000000", "incomeTaxExpense": "42000000", "interestAndDebtExpense": "None", "netIncomeFromContinuingOperations": "78000000", "comprehensiveIncomeNetOfTax": "None", "ebit": "168000000", "ebitda": "248000000", "netIncome": "77000000"}, {"fiscalDateEnding": "2016-12-31", "reportedCurrency": "USD", "grossProfit": "928000000", "totalRevenue": "1883000000", "costOfRevenue": "955000000", "costofGoodsAndServicesSold": "955000000", "operatingIncome": "403000000", "sellingGeneralAndAdministrative": "277000000", "researchAndDevelopment": "142000000", "operatingExpenses": "449000000", "investmentIncomeNet": "None", "netInterestIncome": "None", "interestIncome": "None", "interestExpense": "48000000", "nonInterestIncome": "None", "otherNonOperatingIncome": "8000000", "depreciation": "None", "depreciationAndAmortization": "75000000", "incomeBeforeTax": "362000000", "incomeTaxExpense": "118000000", "interestAndDebtExpense": "None", "netIncomeFromContinuingOperations": "244000000", "comprehensiveIncomeNetOfTax": "None", "ebit": "495000000", "ebitda": "570000000", "netIncome": "243000000"}, {"fiscalDateEnding": "2016-09-30", "reportedCurrency": "USD", "grossProfit": "762000000", "totalRevenue": "1532000000", "costOfRevenue": "770000000", "costofGoodsAndServicesSold": "770000000", "operatingIncome": "341000000", "sellingGeneralAndAdministrative": "247000000", "researchAndDevelopment": "137000000", "operatingExpenses": "415000000", "investmentIncomeNet": "None", "netInterestIncome": "None", "interestIncome": "None", "interestExpense": "54000000", "nonInterestIncome": "None", "otherNonOperatingIncome": "6000000", "depreciation": "None", "depreciationAndAmortization": "76000000", "incomeBeforeTax": "293000000", "incomeTaxExpense": "100000000", "interestAndDebtExpense": "None", "netIncomeFromContinuingOperations": "193000000", "comprehensiveIncomeNetOfTax": "None", "ebit": "348000000", "ebitda": "424000000", "netIncome": "192000000"}, {"fiscalDateEnding": "2016-06-30", "reportedCurrency": "USD", "grossProfit": "676000000", "totalRevenue": "1430000000", "costOfRevenue": "754000000", "costofGoodsAndServicesSold": "754000000", "operatingIncome": "224000000", "sellingGeneralAndAdministrative": "240000000", "researchAndDevelopment": "138000000", "operatingExpenses": "416000000", "investmentIncomeNet": "None", "netInterestIncome": "None", "interestIncome": "None", "interestExpense": "54000000", "nonInterestIncome": "None", "otherNonOperatingIncome": "-3000000", "depreciation": "None", "depreciationAndAmortization": "82000000", "incomeBeforeTax": "167000000", "incomeTaxExpense": "59000000", "interestAndDebtExpense": "None", "netIncomeFromContinuingOperations": "108000000", "comprehensiveIncomeNetOfTax": "None", "ebit": "268000000", "ebitda": "350000000", "netIncome": "107000000"}, {"fiscalDateEnding": "2016-03-31", "reportedCurrency": "USD", "grossProfit": "502000000", "totalRevenue": "1193000000", "costOfRevenue": "691000000", "costofGoodsAndServicesSold": "691000000", "operatingIncome": "100000000", "sellingGeneralAndAdministrative": "234000000", "researchAndDevelopment": "135000000", "operatingExpenses": "382000000", "investmentIncomeNet": "None", "netInterestIncome": "None", "interestIncome": "None", "interestExpense": "49000000", "nonInterestIncome": "None", "otherNonOperatingIncome": "-29000000", "depreciation": "None", "depreciationAndAmortization": "62000000", "incomeBeforeTax": "22000000", "incomeTaxExpense": "5000000", "interestAndDebtExpense": "None", "netIncomeFromContinuingOperations": "17000000", "comprehensiveIncomeNetOfTax": "None", "ebit": "136000000", "ebitda": "198000000", "netIncome": "17000000"}, {"fiscalDateEnding": "2015-12-31", "reportedCurrency": "USD", "grossProfit": "838000000", "totalRevenue": "1682000000", "costOfRevenue": "844000000", "costofGoodsAndServicesSold": "844000000", "operatingIncome": "389000000", "sellingGeneralAndAdministrative": "252000000", "researchAndDevelopment": "152000000", "operatingExpenses": "406000000", "investmentIncomeNet": "None", "netInterestIncome": "None", "interestIncome": "None", "interestExpense": "51000000", "nonInterestIncome": "None", "otherNonOperatingIncome": "38000000", "depreciation": "None", "depreciationAndAmortization": "37000000", "incomeBeforeTax": "377000000", "incomeTaxExpense": "99000000", "interestAndDebtExpense": "None", "netIncomeFromContinuingOperations": "278000000", "comprehensiveIncomeNetOfTax": "None", "ebit": "436000000", "ebitda": "473000000", "netIncome": "277000000"}, {"fiscalDateEnding": "2015-09-30", "reportedCurrency": "USD", "grossProfit": "685000000", "totalRevenue": "1422000000", "costOfRevenue": "737000000", "costofGoodsAndServicesSold": "737000000", "operatingIncome": "231000000", "sellingGeneralAndAdministrative": "259000000", "researchAndDevelopment": "153000000", "operatingExpenses": "414000000", "investmentIncomeNet": "None", "netInterestIncome": "None", "interestIncome": "None", "interestExpense": "47000000", "nonInterestIncome": "None", "otherNonOperatingIncome": "9000000", "depreciation": "None", "depreciationAndAmortization": "32000000", "incomeBeforeTax": "197000000", "incomeTaxExpense": "71000000", "interestAndDebtExpense": "None", "netIncomeFromContinuingOperations": "126000000", "comprehensiveIncomeNetOfTax": "None", "ebit": "272000000", "ebitda": "304000000", "netIncome": "115000000"}, {"fiscalDateEnding": "2015-06-30", "reportedCurrency": "USD", "grossProfit": "648000000", "totalRevenue": "1368000000", "costOfRevenue": "720000000", "costofGoodsAndServicesSold": "720000000", "operatingIncome": "254000000", "sellingGeneralAndAdministrative": "254000000", "researchAndDevelopment": "156000000", "operatingExpenses": "413000000", "investmentIncomeNet": "None", "netInterestIncome": "None", "interestIncome": "None", "interestExpense": "42000000", "nonInterestIncome": "None", "otherNonOperatingIncome": "None", "depreciation": "None", "depreciationAndAmortization": "40000000", "incomeBeforeTax": "215000000", "incomeTaxExpense": "64000000", "interestAndDebtExpense": "None", "netIncomeFromContinuingOperations": "151000000", "comprehensiveIncomeNetOfTax": "None", "ebit": "238000000", "ebitda": "278000000", "netIncome": "142000000"}, {"fiscalDateEnding": "2015-03-31", "reportedCurrency": "USD", "grossProfit": "548000000", "totalRevenue": "1223000000", "costOfRevenue": "675000000", "costofGoodsAndServicesSold": "675000000", "operatingIncome": "119000000", "sellingGeneralAndAdministrative": "256000000", "researchAndDevelopment": "159000000", "operatingExpenses": "417000000", "investmentIncomeNet": "None", "netInterestIncome": "None", "interestIncome": "None", "interestExpense": "43000000", "nonInterestIncome": "None", "otherNonOperatingIncome": "49000000", "depreciation": "None", "depreciationAndAmortization": "41000000", "incomeBeforeTax": "128000000", "incomeTaxExpense": "40000000", "interestAndDebtExpense": "None", "netIncomeFromContinuingOperations": "88000000", "comprehensiveIncomeNetOfTax": "None", "ebit": "133000000", "ebitda": "174000000", "netIncome": "74000000"}, {"fiscalDateEnding": "2014-12-31", "reportedCurrency": "USD", "grossProfit": "912000000", "totalRevenue": "1823000000", "costOfRevenue": "911000000", "costofGoodsAndServicesSold": "911000000", "operatingIncome": "-1459000000", "sellingGeneralAndAdministrative": "283000000", "researchAndDevelopment": "165000000", "operatingExpenses": "449000000", "investmentIncomeNet": "None", "netInterestIncome": "None", "interestIncome": "None", "interestExpense": "41000000", "nonInterestIncome": "None", "otherNonOperatingIncome": "1000000", "depreciation": "None", "depreciationAndAmortization": "42000000", "incomeBeforeTax": "-1498000000", "incomeTaxExpense": "-572000000", "interestAndDebtExpense": "None", "netIncomeFromContinuingOperations": "-968000000", "comprehensiveIncomeNetOfTax": "None", "ebit": "-1900000000", "ebitda": "-1858000000", "netIncome": "201000000"}, {"fiscalDateEnding": "2014-09-30", "reportedCurrency": "USD", "grossProfit": "685000000", "totalRevenue": "1436000000", "costOfRevenue": "751000000", "costofGoodsAndServicesSold": "751000000", "operatingIncome": "207000000", "sellingGeneralAndAdministrative": "287000000", "researchAndDevelopment": "166000000", "operatingExpenses": "465000000", "investmentIncomeNet": "None", "netInterestIncome": "None", "interestIncome": "None", "interestExpense": "38000000", "nonInterestIncome": "None", "otherNonOperatingIncome": "-25000000", "depreciation": "None", "depreciationAndAmortization": "45000000", "incomeBeforeTax": "151000000", "incomeTaxExpense": "84000000", "interestAndDebtExpense": "None", "netIncomeFromContinuingOperations": "67000000", "comprehensiveIncomeNetOfTax": "None", "ebit": "238000000", "ebitda": "283000000", "netIncome": "148000000"}, {"fiscalDateEnding": "2014-06-30", "reportedCurrency": "USD", "grossProfit": "656000000", "totalRevenue": "1393000000", "costOfRevenue": "737000000", "costofGoodsAndServicesSold": "737000000", "operatingIncome": "138000000", "sellingGeneralAndAdministrative": "308000000", "researchAndDevelopment": "176000000", "operatingExpenses": "485000000", "investmentIncomeNet": "None", "netInterestIncome": "None", "interestIncome": "None", "interestExpense": "34000000", "nonInterestIncome": "None", "otherNonOperatingIncome": "-11000000", "depreciation": "None", "depreciationAndAmortization": "31000000", "incomeBeforeTax": "98000000", "incomeTaxExpense": "20000000", "interestAndDebtExpense": "None", "netIncomeFromContinuingOperations": "78000000", "comprehensiveIncomeNetOfTax": "None", "ebit": "189000000", "ebitda": "220000000", "netIncome": "824000000"}, {"fiscalDateEnding": "2014-03-31", "reportedCurrency": "USD", "grossProfit": "845000000", "totalRevenue": "1801000000", "costOfRevenue": "956000000", "costofGoodsAndServicesSold": "956000000", "operatingIncome": "170000000", "sellingGeneralAndAdministrative": "427000000", "researchAndDevelopment": "243000000", "operatingExpenses": "675000000", "investmentIncomeNet": "None", "netInterestIncome": "None", "interestIncome": "None", "interestExpense": "30000000", "nonInterestIncome": "None", "otherNonOperatingIncome": "6000000", "depreciation": "None", "depreciationAndAmortization": "55000000", "incomeBeforeTax": "151000000", "incomeTaxExpense": "24000000", "interestAndDebtExpense": "None", "netIncomeFromContinuingOperations": "127000000", "comprehensiveIncomeNetOfTax": "None", "ebit": "104000000", "ebitda": "159000000", "netIncome": "127000000"}, {"fiscalDateEnding": "2013-12-31", "reportedCurrency": "USD", "grossProfit": "1214000000", "totalRevenue": "2504000000", "costOfRevenue": "1290000000", "costofGoodsAndServicesSold": "1290000000", "operatingIncome": "413000000", "sellingGeneralAndAdministrative": "471000000", "researchAndDevelopment": "272000000", "operatingExpenses": "749000000", "investmentIncomeNet": "None", "netInterestIncome": "None", "interestIncome": "None", "interestExpense": "28000000", "nonInterestIncome": "None", "otherNonOperatingIncome": "5000000", "depreciation": "None", "depreciationAndAmortization": "60000000", "incomeBeforeTax": "391000000", "incomeTaxExpense": "48000000", "interestAndDebtExpense": "None", "netIncomeFromContinuingOperations": "343000000", "comprehensiveIncomeNetOfTax": "None", "ebit": "423000000", "ebitda": "483000000", "netIncome": "342000000"}, {"fiscalDateEnding": "2013-09-30", "reportedCurrency": "USD", "grossProfit": "1043000000", "totalRevenue": "2112000000", "costOfRevenue": "1069000000", "costofGoodsAndServicesSold": "1069000000", "operatingIncome": "320000000", "sellingGeneralAndAdministrative": "438000000", "researchAndDevelopment": "253000000", "operatingExpenses": "699000000", "investmentIncomeNet": "None", "netInterestIncome": "None", "interestIncome": "None", "interestExpense": "29000000", "nonInterestIncome": "None", "otherNonOperatingIncome": "34000000", "depreciation": "None", "depreciationAndAmortization": "59000000", "incomeBeforeTax": "325000000", "incomeTaxExpense": "17000000", "interestAndDebtExpense": "None", "netIncomeFromContinuingOperations": "308000000", "comprehensiveIncomeNetOfTax": "None", "ebit": "248000000", "ebitda": "307000000", "netIncome": "307000000"}, {"fiscalDateEnding": "2013-06-30", "reportedCurrency": "USD", "grossProfit": "1029000000", "totalRevenue": "2107000000", "costOfRevenue": "1078000000", "costofGoodsAndServicesSold": "1078000000", "operatingIncome": "266000000", "sellingGeneralAndAdministrative": "470000000", "researchAndDevelopment": "268000000", "operatingExpenses": "744000000", "investmentIncomeNet": "None", "netInterestIncome": "None", "interestIncome": "None", "interestExpense": "38000000", "nonInterestIncome": "None", "otherNonOperatingIncome": "-10000000", "depreciation": "None", "depreciationAndAmortization": "57000000", "incomeBeforeTax": "224000000", "incomeTaxExpense": "-38000000", "interestAndDebtExpense": "None", "netIncomeFromContinuingOperations": "262000000", "comprehensiveIncomeNetOfTax": "None", "ebit": "173000000", "ebitda": "230000000", "netIncome": "258000000"}, {"fiscalDateEnding": "2013-03-31", "reportedCurrency": "USD", "grossProfit": "955000000", "totalRevenue": "1973000000", "costOfRevenue": "1018000000", "costofGoodsAndServicesSold": "1018000000", "operatingIncome": "216000000", "sellingGeneralAndAdministrative": "460000000", "researchAndDevelopment": "262000000", "operatingExpenses": "728000000", "investmentIncomeNet": "None", "netInterestIncome": "None", "interestIncome": "None", "interestExpense": "30000000", "nonInterestIncome": "None", "otherNonOperatingIncome": "14000000", "depreciation": "None", "depreciationAndAmortization": "52000000", "incomeBeforeTax": "205000000", "incomeTaxExpense": "13000000", "interestAndDebtExpense": "None", "netIncomeFromContinuingOperations": "192000000", "comprehensiveIncomeNetOfTax": "None", "ebit": "235000000", "ebitda": "287000000", "netIncome": "192000000"}, {"fiscalDateEnding": "2012-12-31", "reportedCurrency": "USD", "grossProfit": "1229000000", "totalRevenue": "2441000000", "costOfRevenue": "1212000000", "costofGoodsAndServicesSold": "1212000000", "operatingIncome": "423000000", "sellingGeneralAndAdministrative": "510000000", "researchAndDevelopment": "290000000", "operatingExpenses": "810000000", "investmentIncomeNet": "None", "netInterestIncome": "None", "interestIncome": "None", "interestExpense": "20000000", "nonInterestIncome": "None", "otherNonOperatingIncome": "5000000", "depreciation": "None", "depreciationAndAmortization": "57000000", "incomeBeforeTax": "407000000", "incomeTaxExpense": "71000000", "interestAndDebtExpense": "None", "netIncomeFromContinuingOperations": "336000000", "comprehensiveIncomeNetOfTax": "None", "ebit": "436000000", "ebitda": "493000000", "netIncome": "336000000"}, {"fiscalDateEnding": "2012-09-30", "reportedCurrency": "USD", "grossProfit": "1087000000", "totalRevenue": "2153000000", "costOfRevenue": "1066000000", "costofGoodsAndServicesSold": "1066000000", "operatingIncome": "324000000", "sellingGeneralAndAdministrative": "485000000", "researchAndDevelopment": "262000000", "operatingExpenses": "747000000", "investmentIncomeNet": "None", "netInterestIncome": "None", "interestIncome": "None", "interestExpense": "29000000", "nonInterestIncome": "None", "otherNonOperatingIncome": "16000000", "depreciation": "None", "depreciationAndAmortization": "45000000", "incomeBeforeTax": "324000000", "incomeTaxExpense": "118000000", "interestAndDebtExpense": "None", "netIncomeFromContinuingOperations": "206000000", "comprehensiveIncomeNetOfTax": "None", "ebit": "353000000", "ebitda": "398000000", "netIncome": "206000000"}, {"fiscalDateEnding": "2012-06-30", "reportedCurrency": "USD", "grossProfit": "1060000000", "totalRevenue": "2148000000", "costOfRevenue": "1088000000", "costofGoodsAndServicesSold": "1088000000", "operatingIncome": "278000000", "sellingGeneralAndAdministrative": "496000000", "researchAndDevelopment": "269000000", "operatingExpenses": "771000000", "investmentIncomeNet": "None", "netInterestIncome": "None", "interestIncome": "None", "interestExpense": "16000000", "nonInterestIncome": "None", "otherNonOperatingIncome": "-22000000", "depreciation": "None", "depreciationAndAmortization": "6000000", "incomeBeforeTax": "240000000", "incomeTaxExpense": "63000000", "interestAndDebtExpense": "None", "netIncomeFromContinuingOperations": "177000000", "comprehensiveIncomeNetOfTax": "None", "ebit": "312000000", "ebitda": "318000000", "netIncome": "182000000"}, {"fiscalDateEnding": "2012-03-31", "reportedCurrency": "USD", "grossProfit": "973000000", "totalRevenue": "1956000000", "costOfRevenue": "983000000", "costofGoodsAndServicesSold": "983000000", "operatingIncome": "232000000", "sellingGeneralAndAdministrative": "472000000", "researchAndDevelopment": "254000000", "operatingExpenses": "726000000", "investmentIncomeNet": "None", "netInterestIncome": "None", "interestIncome": "None", "interestExpense": "25000000", "nonInterestIncome": "None", "otherNonOperatingIncome": "26000000", "depreciation": "None", "depreciationAndAmortization": "53000000", "incomeBeforeTax": "244000000", "incomeTaxExpense": "85000000", "interestAndDebtExpense": "None", "netIncomeFromContinuingOperations": "159000000", "comprehensiveIncomeNetOfTax": "None", "ebit": "269000000", "ebitda": "322000000", "netIncome": "157000000"}, {"fiscalDateEnding": "2011-12-31", "reportedCurrency": "USD", "grossProfit": "1145000000", "totalRevenue": "2234000000", "costOfRevenue": "1089000000", "costofGoodsAndServicesSold": "1089000000", "operatingIncome": "278000000", "sellingGeneralAndAdministrative": "487000000", "researchAndDevelopment": "260000000", "operatingExpenses": "747000000", "investmentIncomeNet": "None", "netInterestIncome": "None", "interestIncome": "None", "interestExpense": "27000000", "nonInterestIncome": "None", "otherNonOperatingIncome": "5000000", "depreciation": "None", "depreciationAndAmortization": "93000000", "incomeBeforeTax": "268000000", "incomeTaxExpense": "88000000", "interestAndDebtExpense": "None", "netIncomeFromContinuingOperations": "173000000", "comprehensiveIncomeNetOfTax": "None", "ebit": "295000000", "ebitda": "388000000", "netIncome": "184000000"}, {"fiscalDateEnding": "2011-09-30", "reportedCurrency": "USD", "grossProfit": "1060000000", "totalRevenue": "2105000000", "costOfRevenue": "1045000000", "costofGoodsAndServicesSold": "1045000000", "operatingIncome": "253000000", "sellingGeneralAndAdministrative": "471000000", "researchAndDevelopment": "272000000", "operatingExpenses": "747000000", "investmentIncomeNet": "None", "netInterestIncome": "None", "interestIncome": "None", "interestExpense": "31000000", "nonInterestIncome": "None", "otherNonOperatingIncome": "2000000", "depreciation": "None", "depreciationAndAmortization": "92000000", "incomeBeforeTax": "237000000", "incomeTaxExpense": "84000000", "interestAndDebtExpense": "None", "netIncomeFromContinuingOperations": "153000000", "comprehensiveIncomeNetOfTax": "None", "ebit": "269000000", "ebitda": "361000000", "netIncome": "128000000"}, {"fiscalDateEnding": "2011-06-30", "reportedCurrency": "USD", "grossProfit": "1039000000", "totalRevenue": "2055000000", "costOfRevenue": "1016000000", "costofGoodsAndServicesSold": "1016000000", "operatingIncome": "170000000", "sellingGeneralAndAdministrative": "482000000", "researchAndDevelopment": "271000000", "operatingExpenses": "763000000", "investmentIncomeNet": "None", "netInterestIncome": "None", "interestIncome": "None", "interestExpense": "40000000", "nonInterestIncome": "None", "otherNonOperatingIncome": "-76000000", "depreciation": "None", "depreciationAndAmortization": "90000000", "incomeBeforeTax": "73000000", "incomeTaxExpense": "17000000", "interestAndDebtExpense": "None", "netIncomeFromContinuingOperations": "56000000", "comprehensiveIncomeNetOfTax": "None", "ebit": "101000000", "ebitda": "191000000", "netIncome": "349000000"}, {"fiscalDateEnding": "2011-03-31", "reportedCurrency": "USD", "grossProfit": "942000000", "totalRevenue": "1884000000", "costOfRevenue": "942000000", "costofGoodsAndServicesSold": "942000000", "operatingIncome": "170000000", "sellingGeneralAndAdministrative": "461000000", "researchAndDevelopment": "249000000", "operatingExpenses": "767000000", "investmentIncomeNet": "None", "netInterestIncome": "None", "interestIncome": "None", "interestExpense": "34000000", "nonInterestIncome": "None", "otherNonOperatingIncome": "23000000", "depreciation": "None", "depreciationAndAmortization": "91000000", "incomeBeforeTax": "173000000", "incomeTaxExpense": "-186000000", "interestAndDebtExpense": "None", "netIncomeFromContinuingOperations": "359000000", "comprehensiveIncomeNetOfTax": "None", "ebit": "206000000", "ebitda": "297000000", "netIncome": "497000000"}, {"fiscalDateEnding": "2010-12-31", "reportedCurrency": "USD", "grossProfit": "2033000000", "totalRevenue": "5663000000", "costOfRevenue": "3630000000", "costofGoodsAndServicesSold": "3630000000", "operatingIncome": "378000000", "sellingGeneralAndAdministrative": "944000000", "researchAndDevelopment": "641000000", "operatingExpenses": "1797000000", "investmentIncomeNet": "None", "netInterestIncome": "None", "interestIncome": "None", "interestExpense": "53000000", "nonInterestIncome": "None", "otherNonOperatingIncome": "-61000000", "depreciation": "None", "depreciationAndAmortization": "146000000", "incomeBeforeTax": "348000000", "incomeTaxExpense": "128000000", "interestAndDebtExpense": "None", "netIncomeFromContinuingOperations": "28000000", "comprehensiveIncomeNetOfTax": "None", "ebit": "401000000", "ebitda": "547000000", "netIncome": "293000000"}, {"fiscalDateEnding": "2010-09-30", "reportedCurrency": "USD", "grossProfit": "1780000000", "totalRevenue": "4890000000", "costOfRevenue": "3110000000", "costofGoodsAndServicesSold": "3110000000", "operatingIncome": "225000000", "sellingGeneralAndAdministrative": "447000000", "researchAndDevelopment": "637000000", "operatingExpenses": "1511000000", "investmentIncomeNet": "None", "netInterestIncome": "None", "interestIncome": "None", "interestExpense": "29000000", "nonInterestIncome": "None", "otherNonOperatingIncome": "-20000000", "depreciation": "None", "depreciationAndAmortization": "85000000", "incomeBeforeTax": "205000000", "incomeTaxExpense": "196000000", "interestAndDebtExpense": "None", "netIncomeFromContinuingOperations": "9000000", "comprehensiveIncomeNetOfTax": "None", "ebit": "240000000", "ebitda": "325000000", "netIncome": "110000000"}, {"fiscalDateEnding": "2010-06-30", "reportedCurrency": "USD", "grossProfit": "2002000000", "totalRevenue": "5414000000", "costOfRevenue": "3412000000", "costofGoodsAndServicesSold": "3412000000", "operatingIncome": "363000000", "sellingGeneralAndAdministrative": "458000000", "researchAndDevelopment": "762000000", "operatingExpenses": "1534000000", "investmentIncomeNet": "None", "netInterestIncome": "None", "interestIncome": "None", "interestExpense": "38000000", "nonInterestIncome": "None", "otherNonOperatingIncome": "-18000000", "depreciation": "None", "depreciationAndAmortization": "168000000", "incomeBeforeTax": "345000000", "incomeTaxExpense": "179000000", "interestAndDebtExpense": "None", "netIncomeFromContinuingOperations": "166000000", "comprehensiveIncomeNetOfTax": "None", "ebit": "102000000", "ebitda": "270000000", "netIncome": "162000000"}, {"fiscalDateEnding": "2010-03-31", "reportedCurrency": "USD", "grossProfit": "1786000000", "totalRevenue": "5044000000", "costOfRevenue": "3258000000", "costofGoodsAndServicesSold": "3258000000", "operatingIncome": "76000000", "sellingGeneralAndAdministrative": "454000000", "researchAndDevelopment": "757000000", "operatingExpenses": "1685000000", "investmentIncomeNet": "None", "netInterestIncome": "None", "interestIncome": "None", "interestExpense": "33000000", "nonInterestIncome": "None", "otherNonOperatingIncome": "-13000000", "depreciation": "None", "depreciationAndAmortization": "173000000", "incomeBeforeTax": "63000000", "incomeTaxExpense": "-5000000", "interestAndDebtExpense": "None", "netIncomeFromContinuingOperations": "68000000", "comprehensiveIncomeNetOfTax": "None", "ebit": "83000000", "ebitda": "256000000", "netIncome": "69000000"}, {"fiscalDateEnding": "2009-12-31", "reportedCurrency": "USD", "grossProfit": "2043000000", "totalRevenue": "5723000000", "costOfRevenue": "3680000000", "costofGoodsAndServicesSold": "3680000000", "operatingIncome": "163000000", "sellingGeneralAndAdministrative": "847000000", "researchAndDevelopment": "793000000", "operatingExpenses": "2071000000", "investmentIncomeNet": "None", "netInterestIncome": "None", "interestIncome": "None", "interestExpense": "39000000", "nonInterestIncome": "None", "otherNonOperatingIncome": "None", "depreciation": "None", "depreciationAndAmortization": "180000000", "incomeBeforeTax": "200000000", "incomeTaxExpense": "57000000", "interestAndDebtExpense": "None", "netIncomeFromContinuingOperations": "0", "comprehensiveIncomeNetOfTax": "None", "ebit": "239000000", "ebitda": "419000000", "netIncome": "142000000"}, {"fiscalDateEnding": "2009-09-30", "reportedCurrency": "USD", "grossProfit": "1808000000", "totalRevenue": "5453000000", "costOfRevenue": "3645000000", "costofGoodsAndServicesSold": "3645000000", "operatingIncome": "128000000", "sellingGeneralAndAdministrative": "718000000", "researchAndDevelopment": "768000000", "operatingExpenses": "1661000000", "investmentIncomeNet": "None", "netInterestIncome": "None", "interestIncome": "None", "interestExpense": "63000000", "nonInterestIncome": "None", "otherNonOperatingIncome": "-43000000", "depreciation": "None", "depreciationAndAmortization": "189000000", "incomeBeforeTax": "36000000", "incomeTaxExpense": "14000000", "interestAndDebtExpense": "None", "netIncomeFromContinuingOperations": "22000000", "comprehensiveIncomeNetOfTax": "None", "ebit": "-61000000", "ebitda": "128000000", "netIncome": "12000000"}, {"fiscalDateEnding": "2009-06-30", "reportedCurrency": "USD", "grossProfit": "1710000000", "totalRevenue": "5497000000", "costOfRevenue": "3787000000", "costofGoodsAndServicesSold": "3787000000", "operatingIncome": "10000000", "sellingGeneralAndAdministrative": "663000000", "researchAndDevelopment": "775000000", "operatingExpenses": "1700000000", "investmentIncomeNet": "None", "netInterestIncome": "None", "interestIncome": "None", "interestExpense": "30000000", "nonInterestIncome": "None", "otherNonOperatingIncome": "53000000", "depreciation": "None", "depreciationAndAmortization": "192000000", "incomeBeforeTax": "33000000", "incomeTaxExpense": "-2000000", "interestAndDebtExpense": "None", "netIncomeFromContinuingOperations": "35000000", "comprehensiveIncomeNetOfTax": "None", "ebit": "82000000", "ebitda": "274000000", "netIncome": "35000000"}, {"fiscalDateEnding": "2009-03-31", "reportedCurrency": "USD", "grossProfit": "1496000000", "totalRevenue": "5371000000", "costOfRevenue": "3875000000", "costofGoodsAndServicesSold": "3875000000", "operatingIncome": "-449000000", "sellingGeneralAndAdministrative": "869000000", "researchAndDevelopment": "847000000", "operatingExpenses": "1945000000", "investmentIncomeNet": "None", "netInterestIncome": "None", "interestIncome": "None", "interestExpense": "62000000", "nonInterestIncome": "None", "otherNonOperatingIncome": "None", "depreciation": "None", "depreciationAndAmortization": "190000000", "incomeBeforeTax": "-434000000", "incomeTaxExpense": "-146000000", "interestAndDebtExpense": "None", "netIncomeFromContinuingOperations": "0", "comprehensiveIncomeNetOfTax": "None", "ebit": "-422000000", "ebitda": "-232000000", "netIncome": "-231000000"}, {"fiscalDateEnding": "2008-12-31", "reportedCurrency": "USD", "grossProfit": "2122000000", "totalRevenue": "7136000000", "costOfRevenue": "5014000000", "costofGoodsAndServicesSold": "5014000000", "operatingIncome": "-1675000000", "sellingGeneralAndAdministrative": "988000000", "researchAndDevelopment": "1008000000", "operatingExpenses": "3613000000", "investmentIncomeNet": "None", "netInterestIncome": "None", "interestIncome": "None", "interestExpense": "109000000", "nonInterestIncome": "None", "otherNonOperatingIncome": "None", "depreciation": "None", "depreciationAndAmortization": "207000000", "incomeBeforeTax": "-1725000000", "incomeTaxExpense": "1932000000", "interestAndDebtExpense": "None", "netIncomeFromContinuingOperations": "0", "comprehensiveIncomeNetOfTax": "None", "ebit": "-1491000000", "ebitda": "-1284000000", "netIncome": "-3657000000"}, {"fiscalDateEnding": "2008-09-30", "reportedCurrency": "USD", "grossProfit": "1803000000", "totalRevenue": "7480000000", "costOfRevenue": "5677000000", "costofGoodsAndServicesSold": "5677000000", "operatingIncome": "-452000000", "sellingGeneralAndAdministrative": "1044000000", "researchAndDevelopment": "999000000", "operatingExpenses": "2224000000", "investmentIncomeNet": "None", "netInterestIncome": "None", "interestIncome": "None", "interestExpense": "52000000", "nonInterestIncome": "None", "otherNonOperatingIncome": "None", "depreciation": "None", "depreciationAndAmortization": "208000000", "incomeBeforeTax": "-600000000", "incomeTaxExpense": "-203000000", "interestAndDebtExpense": "None", "netIncomeFromContinuingOperations": "0", "comprehensiveIncomeNetOfTax": "None", "ebit": "-605000000", "ebitda": "-397000000", "netIncome": "-397000000"}, {"fiscalDateEnding": "2008-06-30", "reportedCurrency": "USD", "grossProfit": "2325000000", "totalRevenue": "8082000000", "costOfRevenue": "5757000000", "costofGoodsAndServicesSold": "5757000000", "operatingIncome": "5000000", "sellingGeneralAndAdministrative": "1115000000", "researchAndDevelopment": "1048000000", "operatingExpenses": "2281000000", "investmentIncomeNet": "None", "netInterestIncome": "None", "interestIncome": "None", "interestExpense": "32000000", "nonInterestIncome": "None", "otherNonOperatingIncome": "None", "depreciation": "None", "depreciationAndAmortization": "212000000", "incomeBeforeTax": "-51000000", "incomeTaxExpense": "-55000000", "interestAndDebtExpense": "None", "netIncomeFromContinuingOperations": "0", "comprehensiveIncomeNetOfTax": "None", "ebit": "16000000", "ebitda": "228000000", "netIncome": "4000000"}, {"fiscalDateEnding": "2008-03-31", "reportedCurrency": "USD", "grossProfit": "2145000000", "totalRevenue": "7448000000", "costOfRevenue": "5303000000", "costofGoodsAndServicesSold": "5303000000", "operatingIncome": "-269000000", "sellingGeneralAndAdministrative": "1183000000", "researchAndDevelopment": "1054000000", "operatingExpenses": "2340000000", "investmentIncomeNet": "None", "netInterestIncome": "None", "interestIncome": "None", "interestExpense": "78000000", "nonInterestIncome": "None", "otherNonOperatingIncome": "None", "depreciation": "None", "depreciationAndAmortization": "204000000", "incomeBeforeTax": "-261000000", "incomeTaxExpense": "-67000000", "interestAndDebtExpense": "None", "netIncomeFromContinuingOperations": "0", "comprehensiveIncomeNetOfTax": "None", "ebit": "-179000000", "ebitda": "25000000", "netIncome": "-194000000"}, {"fiscalDateEnding": "2007-12-31", "reportedCurrency": "USD", "grossProfit": "2540000000", "totalRevenue": "9646000000", "costOfRevenue": "7106000000", "costofGoodsAndServicesSold": "7106000000", "operatingIncome": "-19000000", "sellingGeneralAndAdministrative": "1273000000", "researchAndDevelopment": "1097000000", "operatingExpenses": "2490000000", "investmentIncomeNet": "None", "netInterestIncome": "None", "interestIncome": "None", "interestExpense": "97000000", "nonInterestIncome": "None", "otherNonOperatingIncome": "None", "depreciation": "None", "depreciationAndAmortization": "221000000", "incomeBeforeTax": "33000000", "incomeTaxExpense": "-78000000", "interestAndDebtExpense": "None", "netIncomeFromContinuingOperations": "0", "comprehensiveIncomeNetOfTax": "None", "ebit": "50000000", "ebitda": "271000000", "netIncome": "100000000"}, {"fiscalDateEnding": "2007-09-30", "reportedCurrency": "USD", "grossProfit": "2505000000", "totalRevenue": "8811000000", "costOfRevenue": "6306000000", "costofGoodsAndServicesSold": "6306000000", "operatingIncome": "-10000000", "sellingGeneralAndAdministrative": "1210000000", "researchAndDevelopment": "1100000000", "operatingExpenses": "2456000000", "investmentIncomeNet": "None", "netInterestIncome": "None", "interestIncome": "None", "interestExpense": "12000000", "nonInterestIncome": "None", "otherNonOperatingIncome": "None", "depreciation": "None", "depreciationAndAmortization": "236000000", "incomeBeforeTax": "8000000", "incomeTaxExpense": "-32000000", "interestAndDebtExpense": "None", "netIncomeFromContinuingOperations": "0", "comprehensiveIncomeNetOfTax": "None", "ebit": "49000000", "ebitda": "285000000", "netIncome": "60000000"}, {"fiscalDateEnding": "2007-06-30", "reportedCurrency": "USD", "grossProfit": "2453000000", "totalRevenue": "8732000000", "costOfRevenue": "6279000000", "costofGoodsAndServicesSold": "6279000000", "operatingIncome": "-158000000", "sellingGeneralAndAdministrative": "1296000000", "researchAndDevelopment": "1115000000", "operatingExpenses": "2535000000", "investmentIncomeNet": "None", "netInterestIncome": "None", "interestIncome": "None", "interestExpense": "82000000", "nonInterestIncome": "None", "otherNonOperatingIncome": "None", "depreciation": "None", "depreciationAndAmortization": "227000000", "incomeBeforeTax": "-104000000", "incomeTaxExpense": "-66000000", "interestAndDebtExpense": "None", "netIncomeFromContinuingOperations": "0", "comprehensiveIncomeNetOfTax": "None", "ebit": "-82000000", "ebitda": "145000000", "netIncome": "-28000000"}, {"fiscalDateEnding": "2007-03-31", "reportedCurrency": "USD", "grossProfit": "2454000000", "totalRevenue": "9433000000", "costOfRevenue": "6979000000", "costofGoodsAndServicesSold": "6979000000", "operatingIncome": "-366000000", "sellingGeneralAndAdministrative": "1313000000", "researchAndDevelopment": "1117000000", "operatingExpenses": "2640000000", "investmentIncomeNet": "None", "netInterestIncome": "None", "interestIncome": "None", "interestExpense": "93000000", "nonInterestIncome": "None", "otherNonOperatingIncome": "None", "depreciation": "None", "depreciationAndAmortization": "219000000", "incomeBeforeTax": "-327000000", "incomeTaxExpense": "-109000000", "interestAndDebtExpense": "None", "netIncomeFromContinuingOperations": "0", "comprehensiveIncomeNetOfTax": "None", "ebit": "-186000000", "ebitda": "33000000", "netIncome": "-181000000"}, {"fiscalDateEnding": "2006-12-31", "reportedCurrency": "USD", "grossProfit": "3068000000", "totalRevenue": "11792000000", "costOfRevenue": "8724000000", "costofGoodsAndServicesSold": "8724000000", "operatingIncome": "753000000", "sellingGeneralAndAdministrative": "1034000000", "researchAndDevelopment": "1117000000", "operatingExpenses": "2473000000", "investmentIncomeNet": "None", "netInterestIncome": "None", "interestIncome": "None", "interestExpense": "326000000", "nonInterestIncome": "None", "otherNonOperatingIncome": "None", "depreciation": "None", "depreciationAndAmortization": "155000000", "incomeBeforeTax": "684000000", "incomeTaxExpense": "155000000", "interestAndDebtExpense": "None", "netIncomeFromContinuingOperations": "0", "comprehensiveIncomeNetOfTax": "None", "ebit": "595000000", "ebitda": "750000000", "netIncome": "623000000"}, {"fiscalDateEnding": "2006-09-30", "reportedCurrency": "USD", "grossProfit": "3374000000", "totalRevenue": "10603000000", "costOfRevenue": "7229000000", "costofGoodsAndServicesSold": "7229000000", "operatingIncome": "968000000", "sellingGeneralAndAdministrative": "1174000000", "researchAndDevelopment": "1027000000", "operatingExpenses": "2314000000", "investmentIncomeNet": "None", "netInterestIncome": "None", "interestIncome": "None", "interestExpense": "81000000", "nonInterestIncome": "None", "otherNonOperatingIncome": "None", "depreciation": "None", "depreciationAndAmortization": "142000000", "incomeBeforeTax": "1155000000", "incomeTaxExpense": "428000000", "interestAndDebtExpense": "None", "netIncomeFromContinuingOperations": "0", "comprehensiveIncomeNetOfTax": "None", "ebit": "1060000000", "ebitda": "1202000000", "netIncome": "968000000"}, {"fiscalDateEnding": "2006-06-30", "reportedCurrency": "USD", "grossProfit": "3359000000", "totalRevenue": "10876000000", "costOfRevenue": "7517000000", "costofGoodsAndServicesSold": "7517000000", "operatingIncome": "1522000000", "sellingGeneralAndAdministrative": "1154000000", "researchAndDevelopment": "1016000000", "operatingExpenses": "1837000000", "investmentIncomeNet": "None", "netInterestIncome": "None", "interestIncome": "None", "interestExpense": "70000000", "nonInterestIncome": "None", "otherNonOperatingIncome": "None", "depreciation": "None", "depreciationAndAmortization": "122000000", "incomeBeforeTax": "1723000000", "incomeTaxExpense": "374000000", "interestAndDebtExpense": "None", "netIncomeFromContinuingOperations": "0", "comprehensiveIncomeNetOfTax": "None", "ebit": "1570000000", "ebitda": "1692000000", "netIncome": "1384000000"}, {"fiscalDateEnding": "2006-03-31", "reportedCurrency": "USD", "grossProfit": "3020000000", "totalRevenue": "10013000000", "costOfRevenue": "6993000000", "costofGoodsAndServicesSold": "6993000000", "operatingIncome": "894000000", "sellingGeneralAndAdministrative": "1069000000", "researchAndDevelopment": "980000000", "operatingExpenses": "2126000000", "investmentIncomeNet": "None", "netInterestIncome": "None", "interestIncome": "None", "interestExpense": "67000000", "nonInterestIncome": "None", "otherNonOperatingIncome": "None", "depreciation": "None", "depreciationAndAmortization": "139000000", "incomeBeforeTax": "1093000000", "incomeTaxExpense": "407000000", "interestAndDebtExpense": "None", "netIncomeFromContinuingOperations": "0", "comprehensiveIncomeNetOfTax": "None", "ebit": "792000000", "ebitda": "931000000", "netIncome": "686000000"}, {"fiscalDateEnding": "2005-12-31", "reportedCurrency": "USD", "grossProfit": "3202000000", "totalRevenue": "10433000000", "costOfRevenue": "7231000000", "costofGoodsAndServicesSold": "7231000000", "operatingIncome": "1749000000", "sellingGeneralAndAdministrative": "750000000", "researchAndDevelopment": "1161000000", "operatingExpenses": "1385000000", "investmentIncomeNet": "None", "netInterestIncome": "None", "interestIncome": "None", "interestExpense": "55000000", "nonInterestIncome": "None", "otherNonOperatingIncome": "None", "depreciation": "None", "depreciationAndAmortization": "160000000", "incomeBeforeTax": "1720000000", "incomeTaxExpense": "510000000", "interestAndDebtExpense": "None", "netIncomeFromContinuingOperations": "0", "comprehensiveIncomeNetOfTax": "None", "ebit": "1817000000", "ebitda": "1977000000", "netIncome": "1202000000"}, {"fiscalDateEnding": "2005-09-30", "reportedCurrency": "USD", "grossProfit": "3028000000", "totalRevenue": "9424000000", "costOfRevenue": "6396000000", "costofGoodsAndServicesSold": "6396000000", "operatingIncome": "1100000000", "sellingGeneralAndAdministrative": "919000000", "researchAndDevelopment": "857000000", "operatingExpenses": "1928000000", "investmentIncomeNet": "None", "netInterestIncome": "None", "interestIncome": "None", "interestExpense": "20000000", "nonInterestIncome": "None", "otherNonOperatingIncome": "None", "depreciation": "None", "depreciationAndAmortization": "153000000", "incomeBeforeTax": "2281000000", "incomeTaxExpense": "531000000", "interestAndDebtExpense": "None", "netIncomeFromContinuingOperations": "0", "comprehensiveIncomeNetOfTax": "None", "ebit": "1109000000", "ebitda": "1262000000", "netIncome": "1751000000"}, {"fiscalDateEnding": "2005-06-30", "reportedCurrency": "USD", "grossProfit": "2877000000", "totalRevenue": "8825000000", "costOfRevenue": "5948000000", "costofGoodsAndServicesSold": "5948000000", "operatingIncome": "982000000", "sellingGeneralAndAdministrative": "915000000", "researchAndDevelopment": "851000000", "operatingExpenses": "1895000000", "investmentIncomeNet": "None", "netInterestIncome": "None", "interestIncome": "None", "interestExpense": "4000000", "nonInterestIncome": "None", "otherNonOperatingIncome": "None", "depreciation": "None", "depreciationAndAmortization": "149000000", "incomeBeforeTax": "1432000000", "incomeTaxExpense": "485000000", "interestAndDebtExpense": "None", "netIncomeFromContinuingOperations": "0", "comprehensiveIncomeNetOfTax": "None", "ebit": "932000000", "ebitda": "1081000000", "netIncome": "933000000"}, {"fiscalDateEnding": "2005-03-31", "reportedCurrency": "USD", "grossProfit": "2670000000", "totalRevenue": "8161000000", "costOfRevenue": "5491000000", "costofGoodsAndServicesSold": "5491000000", "operatingIncome": "865000000", "sellingGeneralAndAdministrative": "923000000", "researchAndDevelopment": "811000000", "operatingExpenses": "1805000000", "investmentIncomeNet": "None", "netInterestIncome": "None", "interestIncome": "None", "interestExpense": "8000000", "nonInterestIncome": "None", "otherNonOperatingIncome": "None", "depreciation": "None", "depreciationAndAmortization": "151000000", "incomeBeforeTax": "1087000000", "incomeTaxExpense": "395000000", "interestAndDebtExpense": "None", "netIncomeFromContinuingOperations": "0", "comprehensiveIncomeNetOfTax": "None", "ebit": "714000000", "ebitda": "865000000", "netIncome": "692000000"}, {"fiscalDateEnding": "2004-12-31", "reportedCurrency": "USD", "grossProfit": "1337000000", "totalRevenue": "5438000000", "costOfRevenue": "4101000000", "costofGoodsAndServicesSold": "4101000000", "operatingIncome": "747000000", "sellingGeneralAndAdministrative": "469000000", "researchAndDevelopment": "104000000", "operatingExpenses": "610000000", "investmentIncomeNet": "None", "netInterestIncome": "None", "interestIncome": "None", "interestExpense": "19000000", "nonInterestIncome": "None", "otherNonOperatingIncome": "None", "depreciation": "None", "depreciationAndAmortization": "-386000000", "incomeBeforeTax": "809000000", "incomeTaxExpense": "-497000000", "interestAndDebtExpense": "None", "netIncomeFromContinuingOperations": "0", "comprehensiveIncomeNetOfTax": "None", "ebit": "1095000000", "ebitda": "709000000", "netIncome": "647000000"}]}