{"symbol": "PAYX", "annualReports": [{"fiscalDateEnding": "2024-05-31", "reportedCurrency": "USD", "grossProfit": "3799000000", "totalRevenue": "5278300000", "costOfRevenue": "1479300000", "costofGoodsAndServicesSold": "1479300000", "operatingIncome": "2174100000", "sellingGeneralAndAdministrative": "1624900000", "researchAndDevelopment": "None", "operatingExpenses": "1624900000", "investmentIncomeNet": "None", "netInterestIncome": "45400000", "interestIncome": "82700000", "interestExpense": "37300000", "nonInterestIncome": "None", "otherNonOperatingIncome": "None", "depreciation": "None", "depreciationAndAmortization": "176500000", "incomeBeforeTax": "2218000000", "incomeTaxExpense": "527600000", "interestAndDebtExpense": "None", "netIncomeFromContinuingOperations": "1690400000", "comprehensiveIncomeNetOfTax": "None", "ebit": "2174100000", "ebitda": "2350600000", "netIncome": "1690400000"}, {"fiscalDateEnding": "2023-05-31", "reportedCurrency": "USD", "grossProfit": "3554100000", "totalRevenue": "5007100000", "costOfRevenue": "1453000000", "costofGoodsAndServicesSold": "1453000000", "operatingIncome": "2033100000", "sellingGeneralAndAdministrative": "1521000000", "researchAndDevelopment": "None", "operatingExpenses": "1521000000", "investmentIncomeNet": "None", "netInterestIncome": "12400000", "interestIncome": "49100000", "interestExpense": "36700000", "nonInterestIncome": "None", "otherNonOperatingIncome": "None", "depreciation": "None", "depreciationAndAmortization": "176600000", "incomeBeforeTax": "2048200000", "incomeTaxExpense": "490900000", "interestAndDebtExpense": "None", "netIncomeFromContinuingOperations": "1557300000", "comprehensiveIncomeNetOfTax": "None", "ebit": "2033100000", "ebitda": "2209700000", "netIncome": "1557300000"}, {"fiscalDateEnding": "2022-05-31", "reportedCurrency": "USD", "grossProfit": "3255400000", "totalRevenue": "4611700000", "costOfRevenue": "1356300000", "costofGoodsAndServicesSold": "1356300000", "operatingIncome": "1840000000", "sellingGeneralAndAdministrative": "1415400000", "researchAndDevelopment": "None", "operatingExpenses": "1415400000", "investmentIncomeNet": "None", "netInterestIncome": "-33700000", "interestIncome": "2900000", "interestExpense": "36600000", "nonInterestIncome": "None", "otherNonOperatingIncome": "None", "depreciation": "None", "depreciationAndAmortization": "191800000", "incomeBeforeTax": "1824600000", "incomeTaxExpense": "431800000", "interestAndDebtExpense": "None", "netIncomeFromContinuingOperations": "1392800000", "comprehensiveIncomeNetOfTax": "None", "ebit": "1840000000", "ebitda": "2031800000", "netIncome": "1392800000"}, {"fiscalDateEnding": "2021-05-31", "reportedCurrency": "USD", "grossProfit": "2785600000", "totalRevenue": "4056800000", "costOfRevenue": "1271200000", "costofGoodsAndServicesSold": "1271200000", "operatingIncome": "1460700000", "sellingGeneralAndAdministrative": "1324900000", "researchAndDevelopment": "None", "operatingExpenses": "1324900000", "investmentIncomeNet": "None", "netInterestIncome": "-33500000", "interestIncome": "2300000", "interestExpense": "35800000", "nonInterestIncome": "None", "otherNonOperatingIncome": "None", "depreciation": "None", "depreciationAndAmortization": "192000000", "incomeBeforeTax": "1434200000", "incomeTaxExpense": "336700000", "interestAndDebtExpense": "None", "netIncomeFromContinuingOperations": "1097500000", "comprehensiveIncomeNetOfTax": "None", "ebit": "1460700000", "ebitda": "1652700000", "netIncome": "1097500000"}, {"fiscalDateEnding": "2020-05-31", "reportedCurrency": "USD", "grossProfit": "2759700000", "totalRevenue": "4040500000", "costOfRevenue": "1280800000", "costofGoodsAndServicesSold": "1280800000", "operatingIncome": "1460500000", "sellingGeneralAndAdministrative": "1299200000", "researchAndDevelopment": "None", "operatingExpenses": "1299200000", "investmentIncomeNet": "None", "netInterestIncome": "-26500000", "interestIncome": "12300000", "interestExpense": "38800000", "nonInterestIncome": "None", "otherNonOperatingIncome": "None", "depreciation": "None", "depreciationAndAmortization": "209700000", "incomeBeforeTax": "1437100000", "incomeTaxExpense": "339000000", "interestAndDebtExpense": "None", "netIncomeFromContinuingOperations": "1098100000", "comprehensiveIncomeNetOfTax": "None", "ebit": "1460500000", "ebitda": "1670200000", "netIncome": "1098100000"}, {"fiscalDateEnding": "2019-05-31", "reportedCurrency": "USD", "grossProfit": "2594700000", "totalRevenue": "3772500000", "costOfRevenue": "1177800000", "costofGoodsAndServicesSold": "1177800000", "operatingIncome": "1371300000", "sellingGeneralAndAdministrative": "1223400000", "researchAndDevelopment": "None", "operatingExpenses": "1223400000", "investmentIncomeNet": "None", "netInterestIncome": "-4300000", "interestIncome": "13300000", "interestExpense": "17600000", "nonInterestIncome": "None", "otherNonOperatingIncome": "None", "depreciation": "None", "depreciationAndAmortization": "181500000", "incomeBeforeTax": "1368000000", "incomeTaxExpense": "333600000", "interestAndDebtExpense": "None", "netIncomeFromContinuingOperations": "1034400000", "comprehensiveIncomeNetOfTax": "None", "ebit": "1376600000", "ebitda": "1558100000", "netIncome": "1034400000"}, {"fiscalDateEnding": "2018-05-31", "reportedCurrency": "USD", "grossProfit": "2363100000", "totalRevenue": "3380900000", "costOfRevenue": "1017800000", "costofGoodsAndServicesSold": "1017800000", "operatingIncome": "1287500000", "sellingGeneralAndAdministrative": "1075600000", "researchAndDevelopment": "0", "operatingExpenses": "1075600000", "investmentIncomeNet": "None", "netInterestIncome": "8000000", "interestIncome": "11900000", "interestExpense": "3900000", "nonInterestIncome": "None", "otherNonOperatingIncome": "None", "depreciation": "None", "depreciationAndAmortization": "138000000", "incomeBeforeTax": "1296100000", "incomeTaxExpense": "362400000", "interestAndDebtExpense": "None", "netIncomeFromContinuingOperations": "933700000", "comprehensiveIncomeNetOfTax": "None", "ebit": "1291500000", "ebitda": "1429500000", "netIncome": "933700000"}, {"fiscalDateEnding": "2017-05-31", "reportedCurrency": "USD", "grossProfit": "2231700000", "totalRevenue": "3151300000", "costOfRevenue": "919600000", "costofGoodsAndServicesSold": "919600000", "operatingIncome": "1239600000", "sellingGeneralAndAdministrative": "992100000", "researchAndDevelopment": "0", "operatingExpenses": "992100000", "investmentIncomeNet": "None", "netInterestIncome": "7400000", "interestIncome": "9900000", "interestExpense": "2500000", "nonInterestIncome": "None", "otherNonOperatingIncome": "None", "depreciation": "None", "depreciationAndAmortization": "126900000", "incomeBeforeTax": "1244800000", "incomeTaxExpense": "427500000", "interestAndDebtExpense": "None", "netIncomeFromContinuingOperations": "817300000", "comprehensiveIncomeNetOfTax": "None", "ebit": "1253900000", "ebitda": "1380800000", "netIncome": "817300000"}, {"fiscalDateEnding": "2016-05-31", "reportedCurrency": "USD", "grossProfit": "2094800000", "totalRevenue": "2951900000", "costOfRevenue": "857100000", "costofGoodsAndServicesSold": "857100000", "operatingIncome": "1146600000", "sellingGeneralAndAdministrative": "948200000", "researchAndDevelopment": "0", "operatingExpenses": "948200000", "investmentIncomeNet": "None", "netInterestIncome": "7300000", "interestIncome": "4500000", "interestExpense": "1100000", "nonInterestIncome": "None", "otherNonOperatingIncome": "None", "depreciation": "None", "depreciationAndAmortization": "115100000", "incomeBeforeTax": "1151100000", "incomeTaxExpense": "394300000", "interestAndDebtExpense": "None", "netIncomeFromContinuingOperations": "756800000", "comprehensiveIncomeNetOfTax": "None", "ebit": "1142100000", "ebitda": "1257200000", "netIncome": "756800000"}, {"fiscalDateEnding": "2015-05-31", "reportedCurrency": "USD", "grossProfit": "1931600000", "totalRevenue": "2739600000", "costOfRevenue": "808000000", "costofGoodsAndServicesSold": "808000000", "operatingIncome": "1053600000", "sellingGeneralAndAdministrative": "878000000", "researchAndDevelopment": "0", "operatingExpenses": "878000000", "investmentIncomeNet": "None", "netInterestIncome": "None", "interestIncome": "None", "interestExpense": "700000", "nonInterestIncome": "None", "otherNonOperatingIncome": "None", "depreciation": "None", "depreciationAndAmortization": "106600000", "incomeBeforeTax": "1060000000", "incomeTaxExpense": "385100000", "interestAndDebtExpense": "None", "netIncomeFromContinuingOperations": "674900000", "comprehensiveIncomeNetOfTax": "None", "ebit": "1047200000", "ebitda": "1153800000", "netIncome": "674900000"}, {"fiscalDateEnding": "2014-05-31", "reportedCurrency": "USD", "grossProfit": "1786400000", "totalRevenue": "2518900000", "costOfRevenue": "732500000", "costofGoodsAndServicesSold": "732500000", "operatingIncome": "982700000", "sellingGeneralAndAdministrative": "803700000", "researchAndDevelopment": "0", "operatingExpenses": "803700000", "investmentIncomeNet": "None", "netInterestIncome": "None", "interestIncome": "None", "interestExpense": "1100000", "nonInterestIncome": "None", "otherNonOperatingIncome": "None", "depreciation": "None", "depreciationAndAmortization": "105000000", "incomeBeforeTax": "988100000", "incomeTaxExpense": "360600000", "interestAndDebtExpense": "None", "netIncomeFromContinuingOperations": "627500000", "comprehensiveIncomeNetOfTax": "None", "ebit": "977300000", "ebitda": "1082300000", "netIncome": "627500000"}, {"fiscalDateEnding": "2013-05-31", "reportedCurrency": "USD", "grossProfit": "1654900000", "totalRevenue": "2326200000", "costOfRevenue": "671300000", "costofGoodsAndServicesSold": "671300000", "operatingIncome": "904800000", "sellingGeneralAndAdministrative": "750100000", "researchAndDevelopment": "0", "operatingExpenses": "750100000", "investmentIncomeNet": "None", "netInterestIncome": "None", "interestIncome": "None", "interestExpense": "100000", "nonInterestIncome": "None", "otherNonOperatingIncome": "6600000", "depreciation": "None", "depreciationAndAmortization": "98200000", "incomeBeforeTax": "911400000", "incomeTaxExpense": "342400000", "interestAndDebtExpense": "None", "netIncomeFromContinuingOperations": "569000000", "comprehensiveIncomeNetOfTax": "None", "ebit": "898200000", "ebitda": "996400000", "netIncome": "569000000"}, {"fiscalDateEnding": "2012-05-31", "reportedCurrency": "USD", "grossProfit": "1549000000", "totalRevenue": "2229800000", "costOfRevenue": "680800000", "costofGoodsAndServicesSold": "680800000", "operatingIncome": "853900000", "sellingGeneralAndAdministrative": "695100000", "researchAndDevelopment": "0", "operatingExpenses": "695100000", "investmentIncomeNet": "None", "netInterestIncome": "None", "interestIncome": "None", "interestExpense": "100000", "nonInterestIncome": "None", "otherNonOperatingIncome": "6400000", "depreciation": "None", "depreciationAndAmortization": "97800000", "incomeBeforeTax": "860300000", "incomeTaxExpense": "312300000", "interestAndDebtExpense": "None", "netIncomeFromContinuingOperations": "548000000", "comprehensiveIncomeNetOfTax": "None", "ebit": "847500000", "ebitda": "945300000", "netIncome": "548000000"}, {"fiscalDateEnding": "2011-05-31", "reportedCurrency": "USD", "grossProfit": "1430700000", "totalRevenue": "2084300000", "costOfRevenue": "653600000", "costofGoodsAndServicesSold": "653600000", "operatingIncome": "786400000", "sellingGeneralAndAdministrative": "644300000", "researchAndDevelopment": "0", "operatingExpenses": "644300000", "investmentIncomeNet": "None", "netInterestIncome": "None", "interestIncome": "None", "interestExpense": "0", "nonInterestIncome": "None", "otherNonOperatingIncome": "5800000", "depreciation": "None", "depreciationAndAmortization": "88700000", "incomeBeforeTax": "792200000", "incomeTaxExpense": "276900000", "interestAndDebtExpense": "None", "netIncomeFromContinuingOperations": "515300000", "comprehensiveIncomeNetOfTax": "None", "ebit": "786400000", "ebitda": "875100000", "netIncome": "515300000"}, {"fiscalDateEnding": "2010-05-31", "reportedCurrency": "USD", "grossProfit": "1347235000", "totalRevenue": "2000820000", "costOfRevenue": "653585000", "costofGoodsAndServicesSold": "653585000", "operatingIncome": "724795000", "sellingGeneralAndAdministrative": "622440000", "researchAndDevelopment": "0", "operatingExpenses": "622440000", "investmentIncomeNet": "None", "netInterestIncome": "None", "interestIncome": "None", "interestExpense": "0", "nonInterestIncome": "None", "otherNonOperatingIncome": "4513000", "depreciation": "None", "depreciationAndAmortization": "86445000", "incomeBeforeTax": "729308000", "incomeTaxExpense": "252309000", "interestAndDebtExpense": "None", "netIncomeFromContinuingOperations": "476999000", "comprehensiveIncomeNetOfTax": "None", "ebit": "729308000", "ebitda": "815753000", "netIncome": "476999000"}, {"fiscalDateEnding": "2009-05-31", "reportedCurrency": "USD", "grossProfit": "1402241000", "totalRevenue": "2082759000", "costOfRevenue": "680518000", "costofGoodsAndServicesSold": "680518000", "operatingIncome": "805200000", "sellingGeneralAndAdministrative": "597041000", "researchAndDevelopment": "None", "operatingExpenses": "597041000", "investmentIncomeNet": "None", "netInterestIncome": "None", "interestIncome": "None", "interestExpense": "0", "nonInterestIncome": "None", "otherNonOperatingIncome": "None", "depreciation": "None", "depreciationAndAmortization": "108728000", "incomeBeforeTax": "812075000", "incomeTaxExpense": "278530000", "interestAndDebtExpense": "None", "netIncomeFromContinuingOperations": "None", "comprehensiveIncomeNetOfTax": "None", "ebit": "789119000", "ebitda": "897847000", "netIncome": "533545000"}, {"fiscalDateEnding": "2008-05-31", "reportedCurrency": "USD", "grossProfit": "1405588000", "totalRevenue": "2066323000", "costOfRevenue": "660735000", "costofGoodsAndServicesSold": "660735000", "operatingIncome": "828267000", "sellingGeneralAndAdministrative": "577321000", "researchAndDevelopment": "None", "operatingExpenses": "577321000", "investmentIncomeNet": "None", "netInterestIncome": "None", "interestIncome": "None", "interestExpense": "0", "nonInterestIncome": "None", "otherNonOperatingIncome": "None", "depreciation": "None", "depreciationAndAmortization": "99647000", "incomeBeforeTax": "854815000", "incomeTaxExpense": "278670000", "interestAndDebtExpense": "None", "netIncomeFromContinuingOperations": "None", "comprehensiveIncomeNetOfTax": "None", "ebit": "835782000", "ebitda": "935429000", "netIncome": "576145000"}, {"fiscalDateEnding": "2007-05-31", "reportedCurrency": "USD", "grossProfit": "1271485000", "totalRevenue": "1886964000", "costOfRevenue": "615479000", "costofGoodsAndServicesSold": "615479000", "operatingIncome": "701548000", "sellingGeneralAndAdministrative": "569937000", "researchAndDevelopment": "None", "operatingExpenses": "569937000", "investmentIncomeNet": "None", "netInterestIncome": "None", "interestIncome": "None", "interestExpense": "0", "nonInterestIncome": "None", "otherNonOperatingIncome": "None", "depreciation": "None", "depreciationAndAmortization": "96986000", "incomeBeforeTax": "743269000", "incomeTaxExpense": "227822000", "interestAndDebtExpense": "None", "netIncomeFromContinuingOperations": "None", "comprehensiveIncomeNetOfTax": "None", "ebit": "701548000", "ebitda": "798534000", "netIncome": "515447000"}, {"fiscalDateEnding": "2006-05-31", "reportedCurrency": "USD", "grossProfit": "1114341000", "totalRevenue": "1674596000", "costOfRevenue": "560255000", "costofGoodsAndServicesSold": "560255000", "operatingIncome": "649751000", "sellingGeneralAndAdministrative": "464770000", "researchAndDevelopment": "None", "operatingExpenses": "464590000", "investmentIncomeNet": "None", "netInterestIncome": "None", "interestIncome": "None", "interestExpense": "0", "nonInterestIncome": "None", "otherNonOperatingIncome": "None", "depreciation": "None", "depreciationAndAmortization": "94414000", "incomeBeforeTax": "674766000", "incomeTaxExpense": "209852000", "interestAndDebtExpense": "None", "netIncomeFromContinuingOperations": "None", "comprehensiveIncomeNetOfTax": "None", "ebit": "649751000", "ebitda": "744165000", "netIncome": "464914000"}, {"fiscalDateEnding": "2005-05-31", "reportedCurrency": "USD", "grossProfit": "1115636000", "totalRevenue": "1445143000", "costOfRevenue": "329507000", "costofGoodsAndServicesSold": "329507000", "operatingIncome": "533775000", "sellingGeneralAndAdministrative": "581861000", "researchAndDevelopment": "None", "operatingExpenses": "581861000", "investmentIncomeNet": "None", "netInterestIncome": "None", "interestIncome": "None", "interestExpense": "0", "nonInterestIncome": "None", "otherNonOperatingIncome": "None", "depreciation": "None", "depreciationAndAmortization": "91855000", "incomeBeforeTax": "546166000", "incomeTaxExpense": "177317000", "interestAndDebtExpense": "None", "netIncomeFromContinuingOperations": "None", "comprehensiveIncomeNetOfTax": "None", "ebit": "521384000", "ebitda": "613239000", "netIncome": "368849000"}], "quarterlyReports": [{"fiscalDateEnding": "2025-02-28", "reportedCurrency": "USD", "grossProfit": "1121600000", "totalRevenue": "1509000000", "costOfRevenue": "387400000", "costofGoodsAndServicesSold": "387400000", "operatingIncome": "691800000", "sellingGeneralAndAdministrative": "429800000", "researchAndDevelopment": "None", "operatingExpenses": "429800000", "investmentIncomeNet": "None", "netInterestIncome": "-6000000", "interestIncome": "16600000", "interestExpense": "22600000", "nonInterestIncome": "None", "otherNonOperatingIncome": "None", "depreciation": "None", "depreciationAndAmortization": "43100000", "incomeBeforeTax": "685800000", "incomeTaxExpense": "166500000", "interestAndDebtExpense": "None", "netIncomeFromContinuingOperations": "519300000", "comprehensiveIncomeNetOfTax": "None", "ebit": "708400000", "ebitda": "751500000", "netIncome": "519300000"}, {"fiscalDateEnding": "2024-11-30", "reportedCurrency": "USD", "grossProfit": "937800000", "totalRevenue": "1316900000", "costOfRevenue": "379100000", "costofGoodsAndServicesSold": "379100000", "operatingIncome": "538100000", "sellingGeneralAndAdministrative": "399700000", "researchAndDevelopment": "None", "operatingExpenses": "399700000", "investmentIncomeNet": "None", "netInterestIncome": "6300000", "interestIncome": "15800000", "interestExpense": "9500000", "nonInterestIncome": "None", "otherNonOperatingIncome": "None", "depreciation": "None", "depreciationAndAmortization": "41700000", "incomeBeforeTax": "543700000", "incomeTaxExpense": "130300000", "interestAndDebtExpense": "None", "netIncomeFromContinuingOperations": "413400000", "comprehensiveIncomeNetOfTax": "None", "ebit": "553200000", "ebitda": "594900000", "netIncome": "413400000"}, {"fiscalDateEnding": "2024-08-31", "reportedCurrency": "USD", "grossProfit": "938500000", "totalRevenue": "1318500000", "costOfRevenue": "380000000", "costofGoodsAndServicesSold": "380000000", "operatingIncome": "546700000", "sellingGeneralAndAdministrative": "391800000", "researchAndDevelopment": "None", "operatingExpenses": "391800000", "investmentIncomeNet": "None", "netInterestIncome": "10300000", "interestIncome": "19900000", "interestExpense": "9600000", "nonInterestIncome": "None", "otherNonOperatingIncome": "None", "depreciation": "None", "depreciationAndAmortization": "39000000", "incomeBeforeTax": "557100000", "incomeTaxExpense": "129700000", "interestAndDebtExpense": "None", "netIncomeFromContinuingOperations": "427400000", "comprehensiveIncomeNetOfTax": "None", "ebit": "566700000", "ebitda": "605700000", "netIncome": "427400000"}, {"fiscalDateEnding": "2024-05-31", "reportedCurrency": "USD", "grossProfit": "919900000", "totalRevenue": "1295100000", "costOfRevenue": "375200000", "costofGoodsAndServicesSold": "375200000", "operatingIncome": "481800000", "sellingGeneralAndAdministrative": "438100000", "researchAndDevelopment": "None", "operatingExpenses": "438100000", "investmentIncomeNet": "None", "netInterestIncome": "12100000", "interestIncome": "21600000", "interestExpense": "9500000", "nonInterestIncome": "None", "otherNonOperatingIncome": "None", "depreciation": "None", "depreciationAndAmortization": "45600000", "incomeBeforeTax": "491800000", "incomeTaxExpense": "111900000", "interestAndDebtExpense": "None", "netIncomeFromContinuingOperations": "379900000", "comprehensiveIncomeNetOfTax": "None", "ebit": "481800000", "ebitda": "527400000", "netIncome": "379900000"}, {"fiscalDateEnding": "2024-02-29", "reportedCurrency": "USD", "grossProfit": "1059500000", "totalRevenue": "1439300000", "costOfRevenue": "379800000", "costofGoodsAndServicesSold": "379800000", "operatingIncome": "649800000", "sellingGeneralAndAdministrative": "409700000", "researchAndDevelopment": "None", "operatingExpenses": "409700000", "investmentIncomeNet": "None", "netInterestIncome": "9400000", "interestIncome": "19300000", "interestExpense": "9900000", "nonInterestIncome": "None", "otherNonOperatingIncome": "None", "depreciation": "None", "depreciationAndAmortization": "44800000", "incomeBeforeTax": "659200000", "incomeTaxExpense": "160600000", "interestAndDebtExpense": "None", "netIncomeFromContinuingOperations": "498600000", "comprehensiveIncomeNetOfTax": "None", "ebit": "649800000", "ebitda": "694600000", "netIncome": "498600000"}, {"fiscalDateEnding": "2023-11-30", "reportedCurrency": "USD", "grossProfit": "893800000", "totalRevenue": "1257900000", "costOfRevenue": "364100000", "costofGoodsAndServicesSold": "364100000", "operatingIncome": "506200000", "sellingGeneralAndAdministrative": "387600000", "researchAndDevelopment": "None", "operatingExpenses": "387700000", "investmentIncomeNet": "None", "netInterestIncome": "11800000", "interestIncome": "20300000", "interestExpense": "8500000", "nonInterestIncome": "None", "otherNonOperatingIncome": "None", "depreciation": "None", "depreciationAndAmortization": "44900000", "incomeBeforeTax": "517900000", "incomeTaxExpense": "125200000", "interestAndDebtExpense": "None", "netIncomeFromContinuingOperations": "392700000", "comprehensiveIncomeNetOfTax": "None", "ebit": "506200000", "ebitda": "551100000", "netIncome": "392700000"}, {"fiscalDateEnding": "2023-08-31", "reportedCurrency": "USD", "grossProfit": "925800000", "totalRevenue": "1286000000", "costOfRevenue": "360200000", "costofGoodsAndServicesSold": "360200000", "operatingIncome": "536300000", "sellingGeneralAndAdministrative": "389500000", "researchAndDevelopment": "None", "operatingExpenses": "389500000", "investmentIncomeNet": "None", "netInterestIncome": "12100000", "interestIncome": "21500000", "interestExpense": "9400000", "nonInterestIncome": "None", "otherNonOperatingIncome": "None", "depreciation": "None", "depreciationAndAmortization": "41200000", "incomeBeforeTax": "549100000", "incomeTaxExpense": "129900000", "interestAndDebtExpense": "None", "netIncomeFromContinuingOperations": "419200000", "comprehensiveIncomeNetOfTax": "None", "ebit": "536300000", "ebitda": "577500000", "netIncome": "419200000"}, {"fiscalDateEnding": "2023-05-31", "reportedCurrency": "USD", "grossProfit": "859800000", "totalRevenue": "1229600000", "costOfRevenue": "369800000", "costofGoodsAndServicesSold": "369800000", "operatingIncome": "453300000", "sellingGeneralAndAdministrative": "406500000", "researchAndDevelopment": "None", "operatingExpenses": "406500000", "investmentIncomeNet": "None", "netInterestIncome": "9400000", "interestIncome": "18800000", "interestExpense": "9400000", "nonInterestIncome": "None", "otherNonOperatingIncome": "None", "depreciation": "None", "depreciationAndAmortization": "44100000", "incomeBeforeTax": "463600000", "incomeTaxExpense": "113200000", "interestAndDebtExpense": "None", "netIncomeFromContinuingOperations": "350400000", "comprehensiveIncomeNetOfTax": "None", "ebit": "453300000", "ebitda": "497400000", "netIncome": "350400000"}, {"fiscalDateEnding": "2023-02-28", "reportedCurrency": "USD", "grossProfit": "1008100000", "totalRevenue": "1381000000", "costOfRevenue": "372900000", "costofGoodsAndServicesSold": "372900000", "operatingIncome": "611900000", "sellingGeneralAndAdministrative": "396200000", "researchAndDevelopment": "None", "operatingExpenses": "396200000", "investmentIncomeNet": "None", "netInterestIncome": "5800000", "interestIncome": "14800000", "interestExpense": "9000000", "nonInterestIncome": "None", "otherNonOperatingIncome": "None", "depreciation": "None", "depreciationAndAmortization": "44200000", "incomeBeforeTax": "617400000", "incomeTaxExpense": "150000000", "interestAndDebtExpense": "None", "netIncomeFromContinuingOperations": "467400000", "comprehensiveIncomeNetOfTax": "None", "ebit": "611900000", "ebitda": "656100000", "netIncome": "467400000"}, {"fiscalDateEnding": "2022-11-30", "reportedCurrency": "USD", "grossProfit": "831000000", "totalRevenue": "1190300000", "costOfRevenue": "359300000", "costofGoodsAndServicesSold": "359300000", "operatingIncome": "472300000", "sellingGeneralAndAdministrative": "358700000", "researchAndDevelopment": "None", "operatingExpenses": "358700000", "investmentIncomeNet": "None", "netInterestIncome": "900000", "interestIncome": "10100000", "interestExpense": "9200000", "nonInterestIncome": "None", "otherNonOperatingIncome": "None", "depreciation": "None", "depreciationAndAmortization": "44300000", "incomeBeforeTax": "475200000", "incomeTaxExpense": "114900000", "interestAndDebtExpense": "None", "netIncomeFromContinuingOperations": "360300000", "comprehensiveIncomeNetOfTax": "None", "ebit": "484400000", "ebitda": "528700000", "netIncome": "360300000"}, {"fiscalDateEnding": "2022-08-31", "reportedCurrency": "USD", "grossProfit": "855200000", "totalRevenue": "1206200000", "costOfRevenue": "351000000", "costofGoodsAndServicesSold": "351000000", "operatingIncome": "495600000", "sellingGeneralAndAdministrative": "359600000", "researchAndDevelopment": "None", "operatingExpenses": "359600000", "investmentIncomeNet": "None", "netInterestIncome": "-3700000", "interestIncome": "5400000", "interestExpense": "9100000", "nonInterestIncome": "None", "otherNonOperatingIncome": "None", "depreciation": "None", "depreciationAndAmortization": "44000000", "incomeBeforeTax": "492000000", "incomeTaxExpense": "112800000", "interestAndDebtExpense": "None", "netIncomeFromContinuingOperations": "379200000", "comprehensiveIncomeNetOfTax": "None", "ebit": "495600000", "ebitda": "539600000", "netIncome": "379200000"}, {"fiscalDateEnding": "2022-05-31", "reportedCurrency": "USD", "grossProfit": "784300000", "totalRevenue": "1144300000", "costOfRevenue": "360000000", "costofGoodsAndServicesSold": "360000000", "operatingIncome": "394000000", "sellingGeneralAndAdministrative": "390300000", "researchAndDevelopment": "None", "operatingExpenses": "390300000", "investmentIncomeNet": "None", "netInterestIncome": "-7300000", "interestIncome": "1800000", "interestExpense": "9100000", "nonInterestIncome": "None", "otherNonOperatingIncome": "None", "depreciation": "None", "depreciationAndAmortization": "49100000", "incomeBeforeTax": "388800000", "incomeTaxExpense": "92400000", "interestAndDebtExpense": "None", "netIncomeFromContinuingOperations": "296400000", "comprehensiveIncomeNetOfTax": "None", "ebit": "394000000", "ebitda": "443100000", "netIncome": "296400000"}, {"fiscalDateEnding": "2022-02-28", "reportedCurrency": "USD", "grossProfit": "923800000", "totalRevenue": "1276000000", "costOfRevenue": "352200000", "costofGoodsAndServicesSold": "352200000", "operatingIncome": "563300000", "sellingGeneralAndAdministrative": "361000000", "researchAndDevelopment": "None", "operatingExpenses": "361000000", "investmentIncomeNet": "None", "netInterestIncome": "-8500000", "interestIncome": "500000", "interestExpense": "9000000", "nonInterestIncome": "None", "otherNonOperatingIncome": "None", "depreciation": "None", "depreciationAndAmortization": "48400000", "incomeBeforeTax": "554300000", "incomeTaxExpense": "123600000", "interestAndDebtExpense": "None", "netIncomeFromContinuingOperations": "430700000", "comprehensiveIncomeNetOfTax": "None", "ebit": "562800000", "ebitda": "611200000", "netIncome": "430700000"}, {"fiscalDateEnding": "2021-11-30", "reportedCurrency": "USD", "grossProfit": "776900000", "totalRevenue": "1108500000", "costOfRevenue": "331600000", "costofGoodsAndServicesSold": "331600000", "operatingIncome": "440300000", "sellingGeneralAndAdministrative": "336600000", "researchAndDevelopment": "None", "operatingExpenses": "336600000", "investmentIncomeNet": "None", "netInterestIncome": "-8900000", "interestIncome": "400000", "interestExpense": "9300000", "nonInterestIncome": "None", "otherNonOperatingIncome": "None", "depreciation": "None", "depreciationAndAmortization": "48600000", "incomeBeforeTax": "437600000", "incomeTaxExpense": "105500000", "interestAndDebtExpense": "None", "netIncomeFromContinuingOperations": "332100000", "comprehensiveIncomeNetOfTax": "None", "ebit": "446900000", "ebitda": "495500000", "netIncome": "332100000"}, {"fiscalDateEnding": "2021-08-31", "reportedCurrency": "USD", "grossProfit": "770400000", "totalRevenue": "1082900000", "costOfRevenue": "312500000", "costofGoodsAndServicesSold": "312500000", "operatingIncome": "442900000", "sellingGeneralAndAdministrative": "327500000", "researchAndDevelopment": "None", "operatingExpenses": "327500000", "investmentIncomeNet": "None", "netInterestIncome": "-9000000", "interestIncome": "200000", "interestExpense": "9200000", "nonInterestIncome": "None", "otherNonOperatingIncome": "None", "depreciation": "None", "depreciationAndAmortization": "45700000", "incomeBeforeTax": "443900000", "incomeTaxExpense": "110300000", "interestAndDebtExpense": "None", "netIncomeFromContinuingOperations": "333600000", "comprehensiveIncomeNetOfTax": "None", "ebit": "442900000", "ebitda": "488600000", "netIncome": "333600000"}, {"fiscalDateEnding": "2021-05-31", "reportedCurrency": "USD", "grossProfit": "713400000", "totalRevenue": "1029200000", "costOfRevenue": "315800000", "costofGoodsAndServicesSold": "315800000", "operatingIncome": "353800000", "sellingGeneralAndAdministrative": "359600000", "researchAndDevelopment": "None", "operatingExpenses": "359600000", "investmentIncomeNet": "None", "netInterestIncome": "-8100000", "interestIncome": "900000", "interestExpense": "9000000", "nonInterestIncome": "None", "otherNonOperatingIncome": "None", "depreciation": "None", "depreciationAndAmortization": "47400000", "incomeBeforeTax": "345900000", "incomeTaxExpense": "82900000", "interestAndDebtExpense": "None", "netIncomeFromContinuingOperations": "263000000", "comprehensiveIncomeNetOfTax": "None", "ebit": "353800000", "ebitda": "401200000", "netIncome": "263000000"}, {"fiscalDateEnding": "2021-02-28", "reportedCurrency": "USD", "grossProfit": "783300000", "totalRevenue": "1111700000", "costOfRevenue": "328400000", "costofGoodsAndServicesSold": "328400000", "operatingIncome": "468600000", "sellingGeneralAndAdministrative": "314700000", "researchAndDevelopment": "None", "operatingExpenses": "314700000", "investmentIncomeNet": "None", "netInterestIncome": "-8500000", "interestIncome": "300000", "interestExpense": "8800000", "nonInterestIncome": "None", "otherNonOperatingIncome": "None", "depreciation": "None", "depreciationAndAmortization": "46400000", "incomeBeforeTax": "462600000", "incomeTaxExpense": "112100000", "interestAndDebtExpense": "None", "netIncomeFromContinuingOperations": "350500000", "comprehensiveIncomeNetOfTax": "None", "ebit": "468600000", "ebitda": "515000000", "netIncome": "350500000"}, {"fiscalDateEnding": "2020-11-30", "reportedCurrency": "USD", "grossProfit": "663800000", "totalRevenue": "983700000", "costOfRevenue": "319900000", "costofGoodsAndServicesSold": "319900000", "operatingIncome": "354300000", "sellingGeneralAndAdministrative": "309000000", "researchAndDevelopment": "None", "operatingExpenses": "309500000", "investmentIncomeNet": "None", "netInterestIncome": "-8500000", "interestIncome": "500000", "interestExpense": "9000000", "nonInterestIncome": "None", "otherNonOperatingIncome": "None", "depreciation": "None", "depreciationAndAmortization": "48600000", "incomeBeforeTax": "349600000", "incomeTaxExpense": "77200000", "interestAndDebtExpense": "None", "netIncomeFromContinuingOperations": "272400000", "comprehensiveIncomeNetOfTax": "None", "ebit": "354300000", "ebitda": "402900000", "netIncome": "272400000"}, {"fiscalDateEnding": "2020-08-31", "reportedCurrency": "USD", "grossProfit": "625100000", "totalRevenue": "932200000", "costOfRevenue": "307100000", "costofGoodsAndServicesSold": "307100000", "operatingIncome": "284000000", "sellingGeneralAndAdministrative": "341100000", "researchAndDevelopment": "None", "operatingExpenses": "341100000", "investmentIncomeNet": "None", "netInterestIncome": "-8400000", "interestIncome": "600000", "interestExpense": "9000000", "nonInterestIncome": "None", "otherNonOperatingIncome": "None", "depreciation": "None", "depreciationAndAmortization": "49600000", "incomeBeforeTax": "276100000", "incomeTaxExpense": "64500000", "interestAndDebtExpense": "None", "netIncomeFromContinuingOperations": "211600000", "comprehensiveIncomeNetOfTax": "None", "ebit": "308400000", "ebitda": "358000000", "netIncome": "211600000"}, {"fiscalDateEnding": "2020-05-31", "reportedCurrency": "USD", "grossProfit": "623400000", "totalRevenue": "915100000", "costOfRevenue": "291700000", "costofGoodsAndServicesSold": "291700000", "operatingIncome": "299600000", "sellingGeneralAndAdministrative": "323800000", "researchAndDevelopment": "None", "operatingExpenses": "323800000", "investmentIncomeNet": "None", "netInterestIncome": "-7700000", "interestIncome": "1400000", "interestExpense": "9100000", "nonInterestIncome": "None", "otherNonOperatingIncome": "None", "depreciation": "None", "depreciationAndAmortization": "51700000", "incomeBeforeTax": "291600000", "incomeTaxExpense": "70900000", "interestAndDebtExpense": "None", "netIncomeFromContinuingOperations": "220700000", "comprehensiveIncomeNetOfTax": "None", "ebit": "299600000", "ebitda": "351300000", "netIncome": "220700000"}, {"fiscalDateEnding": "2020-02-29", "reportedCurrency": "USD", "grossProfit": "802400000", "totalRevenue": "1142700000", "costOfRevenue": "340300000", "costofGoodsAndServicesSold": "340300000", "operatingIncome": "470100000", "sellingGeneralAndAdministrative": "332300000", "researchAndDevelopment": "None", "operatingExpenses": "332300000", "investmentIncomeNet": "None", "netInterestIncome": "-6200000", "interestIncome": "3100000", "interestExpense": "9300000", "nonInterestIncome": "None", "otherNonOperatingIncome": "None", "depreciation": "None", "depreciationAndAmortization": "50100000", "incomeBeforeTax": "464200000", "incomeTaxExpense": "109700000", "interestAndDebtExpense": "None", "netIncomeFromContinuingOperations": "354500000", "comprehensiveIncomeNetOfTax": "None", "ebit": "470100000", "ebitda": "520200000", "netIncome": "354500000"}, {"fiscalDateEnding": "2019-11-30", "reportedCurrency": "USD", "grossProfit": "667300000", "totalRevenue": "990700000", "costOfRevenue": "323400000", "costofGoodsAndServicesSold": "323400000", "operatingIncome": "341700000", "sellingGeneralAndAdministrative": "325600000", "researchAndDevelopment": "None", "operatingExpenses": "325600000", "investmentIncomeNet": "None", "netInterestIncome": "-6800000", "interestIncome": "3300000", "interestExpense": "10100000", "nonInterestIncome": "None", "otherNonOperatingIncome": "None", "depreciation": "None", "depreciationAndAmortization": "55000000", "incomeBeforeTax": "337000000", "incomeTaxExpense": "78300000", "interestAndDebtExpense": "None", "netIncomeFromContinuingOperations": "258700000", "comprehensiveIncomeNetOfTax": "None", "ebit": "341700000", "ebitda": "396700000", "netIncome": "258700000"}, {"fiscalDateEnding": "2019-08-31", "reportedCurrency": "USD", "grossProfit": "666600000", "totalRevenue": "992000000", "costOfRevenue": "325400000", "costofGoodsAndServicesSold": "325400000", "operatingIncome": "349100000", "sellingGeneralAndAdministrative": "317500000", "researchAndDevelopment": "None", "operatingExpenses": "317500000", "investmentIncomeNet": "None", "netInterestIncome": "-5800000", "interestIncome": "4500000", "interestExpense": "10300000", "nonInterestIncome": "None", "otherNonOperatingIncome": "None", "depreciation": "None", "depreciationAndAmortization": "52900000", "incomeBeforeTax": "344300000", "incomeTaxExpense": "80100000", "interestAndDebtExpense": "None", "netIncomeFromContinuingOperations": "264200000", "comprehensiveIncomeNetOfTax": "None", "ebit": "349100000", "ebitda": "402000000", "netIncome": "264200000"}, {"fiscalDateEnding": "2019-05-31", "reportedCurrency": "USD", "grossProfit": "658300000", "totalRevenue": "980400000", "costOfRevenue": "322100000", "costofGoodsAndServicesSold": "322100000", "operatingIncome": "314500000", "sellingGeneralAndAdministrative": "343800000", "researchAndDevelopment": "None", "operatingExpenses": "343800000", "investmentIncomeNet": "None", "netInterestIncome": "-5000000", "interestIncome": "4200000", "interestExpense": "9200000", "nonInterestIncome": "None", "otherNonOperatingIncome": "None", "depreciation": "None", "depreciationAndAmortization": "55800000", "incomeBeforeTax": "310500000", "incomeTaxExpense": "80100000", "interestAndDebtExpense": "None", "netIncomeFromContinuingOperations": "230400000", "comprehensiveIncomeNetOfTax": "None", "ebit": "319800000", "ebitda": "375600000", "netIncome": "230400000"}, {"fiscalDateEnding": "2019-02-28", "reportedCurrency": "USD", "grossProfit": "745100000", "totalRevenue": "1070400000", "costOfRevenue": "325300000", "costofGoodsAndServicesSold": "325300000", "operatingIncome": "429300000", "sellingGeneralAndAdministrative": "315800000", "researchAndDevelopment": "0", "operatingExpenses": "315800000", "investmentIncomeNet": "None", "netInterestIncome": "-3600000", "interestIncome": "3100000", "interestExpense": "6700000", "nonInterestIncome": "None", "otherNonOperatingIncome": "None", "depreciation": "None", "depreciationAndAmortization": "53000000", "incomeBeforeTax": "425600000", "incomeTaxExpense": "101000000", "interestAndDebtExpense": "None", "netIncomeFromContinuingOperations": "324600000", "comprehensiveIncomeNetOfTax": "None", "ebit": "429300000", "ebitda": "482300000", "netIncome": "324600000"}, {"fiscalDateEnding": "2018-11-30", "reportedCurrency": "USD", "grossProfit": "594000000", "totalRevenue": "858900000", "costOfRevenue": "264900000", "costofGoodsAndServicesSold": "264900000", "operatingIncome": "307200000", "sellingGeneralAndAdministrative": "286800000", "researchAndDevelopment": "0", "operatingExpenses": "286800000", "investmentIncomeNet": "None", "netInterestIncome": "None", "interestIncome": "None", "interestExpense": "800000", "nonInterestIncome": "None", "otherNonOperatingIncome": "None", "depreciation": "None", "depreciationAndAmortization": "36800000", "incomeBeforeTax": "309300000", "incomeTaxExpense": "73500000", "interestAndDebtExpense": "None", "netIncomeFromContinuingOperations": "235800000", "comprehensiveIncomeNetOfTax": "None", "ebit": "307200000", "ebitda": "344000000", "netIncome": "235800000"}, {"fiscalDateEnding": "2018-08-31", "reportedCurrency": "USD", "grossProfit": "597300000", "totalRevenue": "862800000", "costOfRevenue": "265500000", "costofGoodsAndServicesSold": "265500000", "operatingIncome": "320300000", "sellingGeneralAndAdministrative": "277000000", "researchAndDevelopment": "0", "operatingExpenses": "277000000", "investmentIncomeNet": "None", "netInterestIncome": "None", "interestIncome": "None", "interestExpense": "900000", "nonInterestIncome": "None", "otherNonOperatingIncome": "None", "depreciation": "None", "depreciationAndAmortization": "35900000", "incomeBeforeTax": "322600000", "incomeTaxExpense": "79000000", "interestAndDebtExpense": "None", "netIncomeFromContinuingOperations": "243600000", "comprehensiveIncomeNetOfTax": "None", "ebit": "320300000", "ebitda": "356200000", "netIncome": "243600000"}, {"fiscalDateEnding": "2018-05-31", "reportedCurrency": "USD", "grossProfit": "604800000", "totalRevenue": "871100000", "costOfRevenue": "266300000", "costofGoodsAndServicesSold": "266300000", "operatingIncome": "317800000", "sellingGeneralAndAdministrative": "287000000", "researchAndDevelopment": "0", "operatingExpenses": "287000000", "investmentIncomeNet": "None", "netInterestIncome": "None", "interestIncome": "None", "interestExpense": "700000", "nonInterestIncome": "None", "otherNonOperatingIncome": "None", "depreciation": "None", "depreciationAndAmortization": "35700000", "incomeBeforeTax": "320300000", "incomeTaxExpense": "91800000", "interestAndDebtExpense": "None", "netIncomeFromContinuingOperations": "228500000", "comprehensiveIncomeNetOfTax": "None", "ebit": "302100000", "ebitda": "337800000", "netIncome": "228500000"}, {"fiscalDateEnding": "2018-02-28", "reportedCurrency": "USD", "grossProfit": "595800000", "totalRevenue": "866500000", "costOfRevenue": "270700000", "costofGoodsAndServicesSold": "270700000", "operatingIncome": "292500000", "sellingGeneralAndAdministrative": "303300000", "researchAndDevelopment": "0", "operatingExpenses": "303300000", "investmentIncomeNet": "None", "netInterestIncome": "None", "interestIncome": "None", "interestExpense": "1100000", "nonInterestIncome": "None", "otherNonOperatingIncome": "None", "depreciation": "None", "depreciationAndAmortization": "36600000", "incomeBeforeTax": "294800000", "incomeTaxExpense": "34400000", "interestAndDebtExpense": "None", "netIncomeFromContinuingOperations": "260400000", "comprehensiveIncomeNetOfTax": "None", "ebit": "369000000", "ebitda": "405600000", "netIncome": "260400000"}, {"fiscalDateEnding": "2017-11-30", "reportedCurrency": "USD", "grossProfit": "577800000", "totalRevenue": "826500000", "costOfRevenue": "248700000", "costofGoodsAndServicesSold": "248700000", "operatingIncome": "332200000", "sellingGeneralAndAdministrative": "245600000", "researchAndDevelopment": "0", "operatingExpenses": "245600000", "investmentIncomeNet": "None", "netInterestIncome": "None", "interestIncome": "None", "interestExpense": "1300000", "nonInterestIncome": "None", "otherNonOperatingIncome": "None", "depreciation": "None", "depreciationAndAmortization": "33700000", "incomeBeforeTax": "333900000", "incomeTaxExpense": "116900000", "interestAndDebtExpense": "None", "netIncomeFromContinuingOperations": "217000000", "comprehensiveIncomeNetOfTax": "None", "ebit": "303100000", "ebitda": "336800000", "netIncome": "217000000"}, {"fiscalDateEnding": "2017-08-31", "reportedCurrency": "USD", "grossProfit": "584700000", "totalRevenue": "816800000", "costOfRevenue": "232100000", "costofGoodsAndServicesSold": "232100000", "operatingIncome": "345000000", "sellingGeneralAndAdministrative": "239700000", "researchAndDevelopment": "0", "operatingExpenses": "239700000", "investmentIncomeNet": "None", "netInterestIncome": "None", "interestIncome": "None", "interestExpense": "800000", "nonInterestIncome": "None", "otherNonOperatingIncome": "None", "depreciation": "None", "depreciationAndAmortization": "32000000", "incomeBeforeTax": "347100000", "incomeTaxExpense": "119300000", "interestAndDebtExpense": "None", "netIncomeFromContinuingOperations": "227800000", "comprehensiveIncomeNetOfTax": "None", "ebit": "317300000", "ebitda": "349300000", "netIncome": "227800000"}, {"fiscalDateEnding": "2017-05-31", "reportedCurrency": "USD", "grossProfit": "567200000", "totalRevenue": "798600000", "costOfRevenue": "231400000", "costofGoodsAndServicesSold": "231400000", "operatingIncome": "298900000", "sellingGeneralAndAdministrative": "268300000", "researchAndDevelopment": "0", "operatingExpenses": "268300000", "investmentIncomeNet": "None", "netInterestIncome": "None", "interestIncome": "None", "interestExpense": "600000", "nonInterestIncome": "None", "otherNonOperatingIncome": "None", "depreciation": "None", "depreciationAndAmortization": "36200000", "incomeBeforeTax": "300500000", "incomeTaxExpense": "105200000", "interestAndDebtExpense": "None", "netIncomeFromContinuingOperations": "195300000", "comprehensiveIncomeNetOfTax": "None", "ebit": "298900000", "ebitda": "335100000", "netIncome": "195300000"}, {"fiscalDateEnding": "2017-02-28", "reportedCurrency": "USD", "grossProfit": "559000000", "totalRevenue": "795800000", "costOfRevenue": "236800000", "costofGoodsAndServicesSold": "236800000", "operatingIncome": "306600000", "sellingGeneralAndAdministrative": "252400000", "researchAndDevelopment": "0", "operatingExpenses": "252400000", "investmentIncomeNet": "None", "netInterestIncome": "None", "interestIncome": "None", "interestExpense": "600000", "nonInterestIncome": "None", "otherNonOperatingIncome": "None", "depreciation": "None", "depreciationAndAmortization": "31000000", "incomeBeforeTax": "307800000", "incomeTaxExpense": "105300000", "interestAndDebtExpense": "None", "netIncomeFromContinuingOperations": "202500000", "comprehensiveIncomeNetOfTax": "None", "ebit": "306600000", "ebitda": "337600000", "netIncome": "202500000"}, {"fiscalDateEnding": "2016-11-30", "reportedCurrency": "USD", "grossProfit": "545100000", "totalRevenue": "771400000", "costOfRevenue": "226300000", "costofGoodsAndServicesSold": "226300000", "operatingIncome": "311100000", "sellingGeneralAndAdministrative": "234000000", "researchAndDevelopment": "0", "operatingExpenses": "234000000", "investmentIncomeNet": "None", "netInterestIncome": "None", "interestIncome": "None", "interestExpense": "600000", "nonInterestIncome": "None", "otherNonOperatingIncome": "None", "depreciation": "None", "depreciationAndAmortization": "30000000", "incomeBeforeTax": "312000000", "incomeTaxExpense": "109900000", "interestAndDebtExpense": "None", "netIncomeFromContinuingOperations": "202100000", "comprehensiveIncomeNetOfTax": "None", "ebit": "311100000", "ebitda": "341100000", "netIncome": "202100000"}, {"fiscalDateEnding": "2016-08-31", "reportedCurrency": "USD", "grossProfit": "560400000", "totalRevenue": "785500000", "costOfRevenue": "225100000", "costofGoodsAndServicesSold": "225100000", "operatingIncome": "323000000", "sellingGeneralAndAdministrative": "237400000", "researchAndDevelopment": "0", "operatingExpenses": "237400000", "investmentIncomeNet": "None", "netInterestIncome": "None", "interestIncome": "None", "interestExpense": "700000", "nonInterestIncome": "None", "otherNonOperatingIncome": "None", "depreciation": "None", "depreciationAndAmortization": "29700000", "incomeBeforeTax": "324500000", "incomeTaxExpense": "107100000", "interestAndDebtExpense": "None", "netIncomeFromContinuingOperations": "217400000", "comprehensiveIncomeNetOfTax": "None", "ebit": "323000000", "ebitda": "352700000", "netIncome": "217400000"}, {"fiscalDateEnding": "2016-05-31", "reportedCurrency": "USD", "grossProfit": "533600000", "totalRevenue": "753900000", "costOfRevenue": "220300000", "costofGoodsAndServicesSold": "220300000", "operatingIncome": "276300000", "sellingGeneralAndAdministrative": "257300000", "researchAndDevelopment": "0", "operatingExpenses": "257300000", "investmentIncomeNet": "None", "netInterestIncome": "None", "interestIncome": "None", "interestExpense": "400000", "nonInterestIncome": "None", "otherNonOperatingIncome": "None", "depreciation": "None", "depreciationAndAmortization": "30000000", "incomeBeforeTax": "276100000", "incomeTaxExpense": "98000000", "interestAndDebtExpense": "None", "netIncomeFromContinuingOperations": "178100000", "comprehensiveIncomeNetOfTax": "None", "ebit": "276300000", "ebitda": "306300000", "netIncome": "178100000"}, {"fiscalDateEnding": "2016-02-29", "reportedCurrency": "USD", "grossProfit": "526700000", "totalRevenue": "752600000", "costOfRevenue": "225900000", "costofGoodsAndServicesSold": "225900000", "operatingIncome": "280000000", "sellingGeneralAndAdministrative": "246700000", "researchAndDevelopment": "0", "operatingExpenses": "246700000", "investmentIncomeNet": "None", "netInterestIncome": "None", "interestIncome": "None", "interestExpense": "200000", "nonInterestIncome": "None", "otherNonOperatingIncome": "None", "depreciation": "None", "depreciationAndAmortization": "30400000", "incomeBeforeTax": "281700000", "incomeTaxExpense": "101300000", "interestAndDebtExpense": "None", "netIncomeFromContinuingOperations": "180400000", "comprehensiveIncomeNetOfTax": "None", "ebit": "280000000", "ebitda": "310400000", "netIncome": "180400000"}, {"fiscalDateEnding": "2015-11-30", "reportedCurrency": "USD", "grossProfit": "517200000", "totalRevenue": "722400000", "costOfRevenue": "205200000", "costofGoodsAndServicesSold": "205200000", "operatingIncome": "294200000", "sellingGeneralAndAdministrative": "223000000", "researchAndDevelopment": "0", "operatingExpenses": "223000000", "investmentIncomeNet": "None", "netInterestIncome": "None", "interestIncome": "None", "interestExpense": "300000", "nonInterestIncome": "None", "otherNonOperatingIncome": "None", "depreciation": "None", "depreciationAndAmortization": "27700000", "incomeBeforeTax": "295800000", "incomeTaxExpense": "106600000", "interestAndDebtExpense": "None", "netIncomeFromContinuingOperations": "189200000", "comprehensiveIncomeNetOfTax": "None", "ebit": "294200000", "ebitda": "321900000", "netIncome": "189200000"}, {"fiscalDateEnding": "2015-08-31", "reportedCurrency": "USD", "grossProfit": "517300000", "totalRevenue": "723000000", "costOfRevenue": "205700000", "costofGoodsAndServicesSold": "205700000", "operatingIncome": "296100000", "sellingGeneralAndAdministrative": "221200000", "researchAndDevelopment": "0", "operatingExpenses": "221200000", "investmentIncomeNet": "None", "netInterestIncome": "None", "interestIncome": "None", "interestExpense": "200000", "nonInterestIncome": "None", "otherNonOperatingIncome": "None", "depreciation": "None", "depreciationAndAmortization": "27000000", "incomeBeforeTax": "297500000", "incomeTaxExpense": "88400000", "interestAndDebtExpense": "None", "netIncomeFromContinuingOperations": "209100000", "comprehensiveIncomeNetOfTax": "None", "ebit": "296100000", "ebitda": "323100000", "netIncome": "209100000"}, {"fiscalDateEnding": "2015-05-31", "reportedCurrency": "USD", "grossProfit": "488600000", "totalRevenue": "692200000", "costOfRevenue": "203600000", "costofGoodsAndServicesSold": "203600000", "operatingIncome": "251600000", "sellingGeneralAndAdministrative": "237000000", "researchAndDevelopment": "0", "operatingExpenses": "237000000", "investmentIncomeNet": "None", "netInterestIncome": "None", "interestIncome": "None", "interestExpense": "2000000", "nonInterestIncome": "None", "otherNonOperatingIncome": "None", "depreciation": "None", "depreciationAndAmortization": "27500000", "incomeBeforeTax": "253600000", "incomeTaxExpense": "92400000", "interestAndDebtExpense": "None", "netIncomeFromContinuingOperations": "161200000", "comprehensiveIncomeNetOfTax": "None", "ebit": "249600000", "ebitda": "277100000", "netIncome": "161200000"}, {"fiscalDateEnding": "2015-02-28", "reportedCurrency": "USD", "grossProfit": "493300000", "totalRevenue": "704300000", "costOfRevenue": "211000000", "costofGoodsAndServicesSold": "211000000", "operatingIncome": "264300000", "sellingGeneralAndAdministrative": "229000000", "researchAndDevelopment": "0", "operatingExpenses": "229000000", "investmentIncomeNet": "None", "netInterestIncome": "None", "interestIncome": "None", "interestExpense": "100000", "nonInterestIncome": "None", "otherNonOperatingIncome": "None", "depreciation": "None", "depreciationAndAmortization": "26600000", "incomeBeforeTax": "265900000", "incomeTaxExpense": "96500000", "interestAndDebtExpense": "None", "netIncomeFromContinuingOperations": "169400000", "comprehensiveIncomeNetOfTax": "None", "ebit": "264300000", "ebitda": "290900000", "netIncome": "169400000"}, {"fiscalDateEnding": "2014-11-30", "reportedCurrency": "USD", "grossProfit": "477200000", "totalRevenue": "676300000", "costOfRevenue": "199100000", "costofGoodsAndServicesSold": "199100000", "operatingIncome": "270200000", "sellingGeneralAndAdministrative": "207000000", "researchAndDevelopment": "0", "operatingExpenses": "207000000", "investmentIncomeNet": "None", "netInterestIncome": "None", "interestIncome": "None", "interestExpense": "300000", "nonInterestIncome": "None", "otherNonOperatingIncome": "None", "depreciation": "None", "depreciationAndAmortization": "26000000", "incomeBeforeTax": "271600000", "incomeTaxExpense": "98600000", "interestAndDebtExpense": "None", "netIncomeFromContinuingOperations": "173000000", "comprehensiveIncomeNetOfTax": "None", "ebit": "270200000", "ebitda": "296200000", "netIncome": "173000000"}, {"fiscalDateEnding": "2014-08-31", "reportedCurrency": "USD", "grossProfit": "472500000", "totalRevenue": "666800000", "costOfRevenue": "194300000", "costofGoodsAndServicesSold": "194300000", "operatingIncome": "267500000", "sellingGeneralAndAdministrative": "205000000", "researchAndDevelopment": "0", "operatingExpenses": "205000000", "investmentIncomeNet": "None", "netInterestIncome": "None", "interestIncome": "None", "interestExpense": "300000", "nonInterestIncome": "None", "otherNonOperatingIncome": "None", "depreciation": "None", "depreciationAndAmortization": "26500000", "incomeBeforeTax": "268900000", "incomeTaxExpense": "97600000", "interestAndDebtExpense": "None", "netIncomeFromContinuingOperations": "171300000", "comprehensiveIncomeNetOfTax": "None", "ebit": "267500000", "ebitda": "294000000", "netIncome": "171300000"}, {"fiscalDateEnding": "2014-05-31", "reportedCurrency": "USD", "grossProfit": "441000000", "totalRevenue": "639000000", "costOfRevenue": "198000000", "costofGoodsAndServicesSold": "198000000", "operatingIncome": "228300000", "sellingGeneralAndAdministrative": "212700000", "researchAndDevelopment": "0", "operatingExpenses": "212700000", "investmentIncomeNet": "None", "netInterestIncome": "None", "interestIncome": "None", "interestExpense": "100000", "nonInterestIncome": "None", "otherNonOperatingIncome": "None", "depreciation": "None", "depreciationAndAmortization": "28300000", "incomeBeforeTax": "229700000", "incomeTaxExpense": "83800000", "interestAndDebtExpense": "None", "netIncomeFromContinuingOperations": "145900000", "comprehensiveIncomeNetOfTax": "None", "ebit": "228300000", "ebitda": "256600000", "netIncome": "145900000"}, {"fiscalDateEnding": "2014-02-28", "reportedCurrency": "USD", "grossProfit": "459400000", "totalRevenue": "636500000", "costOfRevenue": "177100000", "costofGoodsAndServicesSold": "177100000", "operatingIncome": "250700000", "sellingGeneralAndAdministrative": "208700000", "researchAndDevelopment": "0", "operatingExpenses": "208700000", "investmentIncomeNet": "None", "netInterestIncome": "None", "interestIncome": "None", "interestExpense": "200000", "nonInterestIncome": "None", "otherNonOperatingIncome": "None", "depreciation": "None", "depreciationAndAmortization": "26300000", "incomeBeforeTax": "252200000", "incomeTaxExpense": "92100000", "interestAndDebtExpense": "None", "netIncomeFromContinuingOperations": "160100000", "comprehensiveIncomeNetOfTax": "None", "ebit": "250700000", "ebitda": "277000000", "netIncome": "160100000"}, {"fiscalDateEnding": "2013-11-30", "reportedCurrency": "USD", "grossProfit": "442800000", "totalRevenue": "610500000", "costOfRevenue": "167700000", "costofGoodsAndServicesSold": "167700000", "operatingIncome": "248600000", "sellingGeneralAndAdministrative": "194200000", "researchAndDevelopment": "0", "operatingExpenses": "194200000", "investmentIncomeNet": "None", "netInterestIncome": "None", "interestIncome": "None", "interestExpense": "400000", "nonInterestIncome": "None", "otherNonOperatingIncome": "None", "depreciation": "None", "depreciationAndAmortization": "26000000", "incomeBeforeTax": "249900000", "incomeTaxExpense": "91200000", "interestAndDebtExpense": "None", "netIncomeFromContinuingOperations": "158700000", "comprehensiveIncomeNetOfTax": "None", "ebit": "248600000", "ebitda": "274600000", "netIncome": "158700000"}, {"fiscalDateEnding": "2013-08-31", "reportedCurrency": "USD", "grossProfit": "443200000", "totalRevenue": "607900000", "costOfRevenue": "164700000", "costofGoodsAndServicesSold": "164700000", "operatingIncome": "255100000", "sellingGeneralAndAdministrative": "188100000", "researchAndDevelopment": "0", "operatingExpenses": "188100000", "investmentIncomeNet": "None", "netInterestIncome": "None", "interestIncome": "None", "interestExpense": "400000", "nonInterestIncome": "None", "otherNonOperatingIncome": "None", "depreciation": "None", "depreciationAndAmortization": "24400000", "incomeBeforeTax": "256300000", "incomeTaxExpense": "93500000", "interestAndDebtExpense": "None", "netIncomeFromContinuingOperations": "162800000", "comprehensiveIncomeNetOfTax": "None", "ebit": "256700000", "ebitda": "281100000", "netIncome": "162800000"}, {"fiscalDateEnding": "2013-05-31", "reportedCurrency": "USD", "grossProfit": "414600000", "totalRevenue": "585300000", "costOfRevenue": "170700000", "costofGoodsAndServicesSold": "170700000", "operatingIncome": "211800000", "sellingGeneralAndAdministrative": "202800000", "researchAndDevelopment": "0", "operatingExpenses": "202800000", "investmentIncomeNet": "None", "netInterestIncome": "None", "interestIncome": "None", "interestExpense": "100000", "nonInterestIncome": "None", "otherNonOperatingIncome": "1400000", "depreciation": "None", "depreciationAndAmortization": "24900000", "incomeBeforeTax": "213200000", "incomeTaxExpense": "89700000", "interestAndDebtExpense": "None", "netIncomeFromContinuingOperations": "123500000", "comprehensiveIncomeNetOfTax": "None", "ebit": "211800000", "ebitda": "236700000", "netIncome": "123500000"}, {"fiscalDateEnding": "2013-02-28", "reportedCurrency": "USD", "grossProfit": "421200000", "totalRevenue": "593300000", "costOfRevenue": "172100000", "costofGoodsAndServicesSold": "172100000", "operatingIncome": "225000000", "sellingGeneralAndAdministrative": "196200000", "researchAndDevelopment": "0", "operatingExpenses": "196200000", "investmentIncomeNet": "None", "netInterestIncome": "None", "interestIncome": "None", "interestExpense": "0", "nonInterestIncome": "None", "otherNonOperatingIncome": "1400000", "depreciation": "None", "depreciationAndAmortization": "25000000", "incomeBeforeTax": "226400000", "incomeTaxExpense": "81900000", "interestAndDebtExpense": "None", "netIncomeFromContinuingOperations": "144500000", "comprehensiveIncomeNetOfTax": "None", "ebit": "223600000", "ebitda": "248600000", "netIncome": "144500000"}, {"fiscalDateEnding": "2012-11-30", "reportedCurrency": "USD", "grossProfit": "395100000", "totalRevenue": "559400000", "costOfRevenue": "164300000", "costofGoodsAndServicesSold": "164300000", "operatingIncome": "230000000", "sellingGeneralAndAdministrative": "175100000", "researchAndDevelopment": "0", "operatingExpenses": "175100000", "investmentIncomeNet": "None", "netInterestIncome": "None", "interestIncome": "None", "interestExpense": "100000", "nonInterestIncome": "None", "otherNonOperatingIncome": "1900000", "depreciation": "None", "depreciationAndAmortization": "24200000", "incomeBeforeTax": "231900000", "incomeTaxExpense": "84000000", "interestAndDebtExpense": "None", "netIncomeFromContinuingOperations": "147900000", "comprehensiveIncomeNetOfTax": "None", "ebit": "231900000", "ebitda": "256100000", "netIncome": "147900000"}, {"fiscalDateEnding": "2012-08-31", "reportedCurrency": "USD", "grossProfit": "414000000", "totalRevenue": "578200000", "costOfRevenue": "164200000", "costofGoodsAndServicesSold": "164200000", "operatingIncome": "238000000", "sellingGeneralAndAdministrative": "176000000", "researchAndDevelopment": "0", "operatingExpenses": "176000000", "investmentIncomeNet": "None", "netInterestIncome": "None", "interestIncome": "None", "interestExpense": "100000", "nonInterestIncome": "None", "otherNonOperatingIncome": "1900000", "depreciation": "None", "depreciationAndAmortization": "24100000", "incomeBeforeTax": "239900000", "incomeTaxExpense": "86800000", "interestAndDebtExpense": "None", "netIncomeFromContinuingOperations": "153100000", "comprehensiveIncomeNetOfTax": "None", "ebit": "240000000", "ebitda": "264100000", "netIncome": "153100000"}, {"fiscalDateEnding": "2012-05-31", "reportedCurrency": "USD", "grossProfit": "380000000", "totalRevenue": "551500000", "costOfRevenue": "171500000", "costofGoodsAndServicesSold": "171500000", "operatingIncome": "195900000", "sellingGeneralAndAdministrative": "184100000", "researchAndDevelopment": "0", "operatingExpenses": "184100000", "investmentIncomeNet": "None", "netInterestIncome": "None", "interestIncome": "None", "interestExpense": "100000", "nonInterestIncome": "None", "otherNonOperatingIncome": "1800000", "depreciation": "None", "depreciationAndAmortization": "24900000", "incomeBeforeTax": "197700000", "incomeTaxExpense": "74400000", "interestAndDebtExpense": "None", "netIncomeFromContinuingOperations": "123300000", "comprehensiveIncomeNetOfTax": "None", "ebit": "228700000", "ebitda": "253600000", "netIncome": "123300000"}, {"fiscalDateEnding": "2012-02-29", "reportedCurrency": "USD", "grossProfit": "381400000", "totalRevenue": "558500000", "costOfRevenue": "177100000", "costofGoodsAndServicesSold": "177100000", "operatingIncome": "210400000", "sellingGeneralAndAdministrative": "182000000", "researchAndDevelopment": "0", "operatingExpenses": "182000000", "investmentIncomeNet": "None", "netInterestIncome": "None", "interestIncome": "None", "interestExpense": "0", "nonInterestIncome": "None", "otherNonOperatingIncome": "1600000", "depreciation": "None", "depreciationAndAmortization": "24600000", "incomeBeforeTax": "212000000", "incomeTaxExpense": "76600000", "interestAndDebtExpense": "None", "netIncomeFromContinuingOperations": "135400000", "comprehensiveIncomeNetOfTax": "None", "ebit": "185800000", "ebitda": "210400000", "netIncome": "135400000"}, {"fiscalDateEnding": "2011-11-30", "reportedCurrency": "USD", "grossProfit": "369800000", "totalRevenue": "535000000", "costOfRevenue": "165200000", "costofGoodsAndServicesSold": "165200000", "operatingIncome": "217900000", "sellingGeneralAndAdministrative": "162600000", "researchAndDevelopment": "0", "operatingExpenses": "162600000", "investmentIncomeNet": "None", "netInterestIncome": "None", "interestIncome": "None", "interestExpense": "0", "nonInterestIncome": "None", "otherNonOperatingIncome": "1500000", "depreciation": "None", "depreciationAndAmortization": "24100000", "incomeBeforeTax": "219400000", "incomeTaxExpense": "79000000", "interestAndDebtExpense": "None", "netIncomeFromContinuingOperations": "140400000", "comprehensiveIncomeNetOfTax": "None", "ebit": "207200000", "ebitda": "231300000", "netIncome": "140400000"}, {"fiscalDateEnding": "2011-08-31", "reportedCurrency": "USD", "grossProfit": "385000000", "totalRevenue": "552000000", "costOfRevenue": "167000000", "costofGoodsAndServicesSold": "167000000", "operatingIncome": "229700000", "sellingGeneralAndAdministrative": "166400000", "researchAndDevelopment": "0", "operatingExpenses": "166400000", "investmentIncomeNet": "None", "netInterestIncome": "None", "interestIncome": "None", "interestExpense": "0", "nonInterestIncome": "None", "otherNonOperatingIncome": "1500000", "depreciation": "None", "depreciationAndAmortization": "24200000", "incomeBeforeTax": "231200000", "incomeTaxExpense": "82300000", "interestAndDebtExpense": "None", "netIncomeFromContinuingOperations": "148900000", "comprehensiveIncomeNetOfTax": "None", "ebit": "205500000", "ebitda": "229700000", "netIncome": "148900000"}, {"fiscalDateEnding": "2011-05-31", "reportedCurrency": "USD", "grossProfit": "354900000", "totalRevenue": "522700000", "costOfRevenue": "167800000", "costofGoodsAndServicesSold": "167800000", "operatingIncome": "182800000", "sellingGeneralAndAdministrative": "172100000", "researchAndDevelopment": "0", "operatingExpenses": "172100000", "investmentIncomeNet": "None", "netInterestIncome": "None", "interestIncome": "None", "interestExpense": "0", "nonInterestIncome": "None", "otherNonOperatingIncome": "1400000", "depreciation": "None", "depreciationAndAmortization": "24400000", "incomeBeforeTax": "184200000", "incomeTaxExpense": "65300000", "interestAndDebtExpense": "None", "netIncomeFromContinuingOperations": "118900000", "comprehensiveIncomeNetOfTax": "None", "ebit": "170500000", "ebitda": "194900000", "netIncome": "118900000"}, {"fiscalDateEnding": "2011-02-28", "reportedCurrency": "USD", "grossProfit": "353000000", "totalRevenue": "519600000", "costOfRevenue": "166600000", "costofGoodsAndServicesSold": "166600000", "operatingIncome": "198900000", "sellingGeneralAndAdministrative": "165800000", "researchAndDevelopment": "0", "operatingExpenses": "165800000", "investmentIncomeNet": "None", "netInterestIncome": "None", "interestIncome": "None", "interestExpense": "0", "nonInterestIncome": "None", "otherNonOperatingIncome": "1500000", "depreciation": "None", "depreciationAndAmortization": "22800000", "incomeBeforeTax": "200400000", "incomeTaxExpense": "69800000", "interestAndDebtExpense": "None", "netIncomeFromContinuingOperations": "130600000", "comprehensiveIncomeNetOfTax": "None", "ebit": "187200000", "ebitda": "210000000", "netIncome": "130600000"}, {"fiscalDateEnding": "2010-11-30", "reportedCurrency": "USD", "grossProfit": "353000000", "totalRevenue": "512000000", "costOfRevenue": "159000000", "costofGoodsAndServicesSold": "159000000", "operatingIncome": "203900000", "sellingGeneralAndAdministrative": "149100000", "researchAndDevelopment": "0", "operatingExpenses": "149100000", "investmentIncomeNet": "None", "netInterestIncome": "None", "interestIncome": "None", "interestExpense": "0", "nonInterestIncome": "None", "otherNonOperatingIncome": "1500000", "depreciation": "None", "depreciationAndAmortization": "20600000", "incomeBeforeTax": "205400000", "incomeTaxExpense": "71500000", "interestAndDebtExpense": "None", "netIncomeFromContinuingOperations": "133900000", "comprehensiveIncomeNetOfTax": "None", "ebit": "191900000", "ebitda": "212500000", "netIncome": "133900000"}, {"fiscalDateEnding": "2010-08-31", "reportedCurrency": "USD", "grossProfit": "358100000", "totalRevenue": "518300000", "costOfRevenue": "160200000", "costofGoodsAndServicesSold": "160200000", "operatingIncome": "200800000", "sellingGeneralAndAdministrative": "157300000", "researchAndDevelopment": "0", "operatingExpenses": "157300000", "investmentIncomeNet": "None", "netInterestIncome": "None", "interestIncome": "None", "interestExpense": "0", "nonInterestIncome": "None", "otherNonOperatingIncome": "1400000", "depreciation": "None", "depreciationAndAmortization": "20900000", "incomeBeforeTax": "202200000", "incomeTaxExpense": "70300000", "interestAndDebtExpense": "None", "netIncomeFromContinuingOperations": "131900000", "comprehensiveIncomeNetOfTax": "None", "ebit": "188700000", "ebitda": "209600000", "netIncome": "131900000"}, {"fiscalDateEnding": "2010-05-31", "reportedCurrency": "USD", "grossProfit": "319401000", "totalRevenue": "482484000", "costOfRevenue": "163083000", "costofGoodsAndServicesSold": "163083000", "operatingIncome": "173614000", "sellingGeneralAndAdministrative": "159514000", "researchAndDevelopment": "0", "operatingExpenses": "159514000", "investmentIncomeNet": "None", "netInterestIncome": "None", "interestIncome": "None", "interestExpense": "0", "nonInterestIncome": "None", "otherNonOperatingIncome": "1281000", "depreciation": "None", "depreciationAndAmortization": "21551000", "incomeBeforeTax": "174895000", "incomeTaxExpense": "59373000", "interestAndDebtExpense": "None", "netIncomeFromContinuingOperations": "115522000", "comprehensiveIncomeNetOfTax": "None", "ebit": "159887000", "ebitda": "181438000", "netIncome": "115522000"}, {"fiscalDateEnding": "2010-02-28", "reportedCurrency": "USD", "grossProfit": "329282000", "totalRevenue": "493790000", "costOfRevenue": "164508000", "costofGoodsAndServicesSold": "164508000", "operatingIncome": "168249000", "sellingGeneralAndAdministrative": "175062000", "researchAndDevelopment": "0", "operatingExpenses": "175062000", "investmentIncomeNet": "None", "netInterestIncome": "None", "interestIncome": "None", "interestExpense": "0", "nonInterestIncome": "None", "otherNonOperatingIncome": "1180000", "depreciation": "None", "depreciationAndAmortization": "21581000", "incomeBeforeTax": "169429000", "incomeTaxExpense": "57422000", "interestAndDebtExpense": "None", "netIncomeFromContinuingOperations": "112007000", "comprehensiveIncomeNetOfTax": "None", "ebit": "154219000", "ebitda": "175800000", "netIncome": "112007000"}, {"fiscalDateEnding": "2009-11-30", "reportedCurrency": "USD", "grossProfit": "320376000", "totalRevenue": "483024000", "costOfRevenue": "162648000", "costofGoodsAndServicesSold": "162648000", "operatingIncome": "193065000", "sellingGeneralAndAdministrative": "140863000", "researchAndDevelopment": "0", "operatingExpenses": "140863000", "investmentIncomeNet": "None", "netInterestIncome": "None", "interestIncome": "None", "interestExpense": "0", "nonInterestIncome": "None", "otherNonOperatingIncome": "1147000", "depreciation": "None", "depreciationAndAmortization": "21686000", "incomeBeforeTax": "194212000", "incomeTaxExpense": "68362000", "interestAndDebtExpense": "None", "netIncomeFromContinuingOperations": "125850000", "comprehensiveIncomeNetOfTax": "None", "ebit": "179514000", "ebitda": "201200000", "netIncome": "125850000"}, {"fiscalDateEnding": "2009-08-31", "reportedCurrency": "USD", "grossProfit": "323145000", "totalRevenue": "486491000", "costOfRevenue": "163346000", "costofGoodsAndServicesSold": "163346000", "operatingIncome": "189867000", "sellingGeneralAndAdministrative": "147001000", "researchAndDevelopment": "0", "operatingExpenses": "147001000", "investmentIncomeNet": "None", "netInterestIncome": "None", "interestIncome": "None", "interestExpense": "0", "nonInterestIncome": "None", "otherNonOperatingIncome": "905000", "depreciation": "None", "depreciationAndAmortization": "21627000", "incomeBeforeTax": "190772000", "incomeTaxExpense": "67152000", "interestAndDebtExpense": "None", "netIncomeFromContinuingOperations": "123620000", "comprehensiveIncomeNetOfTax": "None", "ebit": "176173000", "ebitda": "197800000", "netIncome": "123620000"}, {"fiscalDateEnding": "2009-05-31", "reportedCurrency": "USD", "grossProfit": "253607000", "totalRevenue": "420479000", "costOfRevenue": "166872000", "costofGoodsAndServicesSold": "166872000", "operatingIncome": "174314000", "sellingGeneralAndAdministrative": "154747000", "researchAndDevelopment": "0", "operatingExpenses": "154747000", "investmentIncomeNet": "None", "netInterestIncome": "None", "interestIncome": "None", "interestExpense": "0", "nonInterestIncome": "None", "otherNonOperatingIncome": "None", "depreciation": "None", "depreciationAndAmortization": "22608000", "incomeBeforeTax": "175139000", "incomeTaxExpense": "61335000", "interestAndDebtExpense": "None", "netIncomeFromContinuingOperations": "0", "comprehensiveIncomeNetOfTax": "None", "ebit": "98860000", "ebitda": "121468000", "netIncome": "113804000"}, {"fiscalDateEnding": "2009-02-28", "reportedCurrency": "USD", "grossProfit": "354078000", "totalRevenue": "528581000", "costOfRevenue": "174503000", "costofGoodsAndServicesSold": "174503000", "operatingIncome": "197401000", "sellingGeneralAndAdministrative": "156677000", "researchAndDevelopment": "0", "operatingExpenses": "156677000", "investmentIncomeNet": "None", "netInterestIncome": "None", "interestIncome": "None", "interestExpense": "0", "nonInterestIncome": "None", "otherNonOperatingIncome": "None", "depreciation": "None", "depreciationAndAmortization": "21486000", "incomeBeforeTax": "198468000", "incomeTaxExpense": "67678000", "interestAndDebtExpense": "None", "netIncomeFromContinuingOperations": "0", "comprehensiveIncomeNetOfTax": "None", "ebit": "181016000", "ebitda": "202502000", "netIncome": "130790000"}, {"fiscalDateEnding": "2008-11-30", "reportedCurrency": "USD", "grossProfit": "353485000", "totalRevenue": "524160000", "costOfRevenue": "170675000", "costofGoodsAndServicesSold": "170675000", "operatingIncome": "211900000", "sellingGeneralAndAdministrative": "141585000", "researchAndDevelopment": "0", "operatingExpenses": "141585000", "investmentIncomeNet": "None", "netInterestIncome": "None", "interestIncome": "None", "interestExpense": "0", "nonInterestIncome": "None", "otherNonOperatingIncome": "None", "depreciation": "None", "depreciationAndAmortization": "14454000", "incomeBeforeTax": "213832000", "incomeTaxExpense": "73590000", "interestAndDebtExpense": "None", "netIncomeFromContinuingOperations": "0", "comprehensiveIncomeNetOfTax": "None", "ebit": "198660000", "ebitda": "213114000", "netIncome": "140242000"}, {"fiscalDateEnding": "2008-08-31", "reportedCurrency": "USD", "grossProfit": "365617000", "totalRevenue": "534085000", "costOfRevenue": "168468000", "costofGoodsAndServicesSold": "168468000", "operatingIncome": "221585000", "sellingGeneralAndAdministrative": "144032000", "researchAndDevelopment": "0", "operatingExpenses": "144032000", "investmentIncomeNet": "None", "netInterestIncome": "None", "interestIncome": "None", "interestExpense": "0", "nonInterestIncome": "None", "otherNonOperatingIncome": "None", "depreciation": "None", "depreciationAndAmortization": "27224000", "incomeBeforeTax": "224636000", "incomeTaxExpense": "75927000", "interestAndDebtExpense": "None", "netIncomeFromContinuingOperations": "0", "comprehensiveIncomeNetOfTax": "None", "ebit": "218534000", "ebitda": "245758000", "netIncome": "148709000"}, {"fiscalDateEnding": "2008-05-31", "reportedCurrency": "USD", "grossProfit": "351255000", "totalRevenue": "519228000", "costOfRevenue": "167973000", "costofGoodsAndServicesSold": "167973000", "operatingIncome": "197804000", "sellingGeneralAndAdministrative": "153451000", "researchAndDevelopment": "0", "operatingExpenses": "153451000", "investmentIncomeNet": "None", "netInterestIncome": "None", "interestIncome": "None", "interestExpense": "0", "nonInterestIncome": "None", "otherNonOperatingIncome": "None", "depreciation": "None", "depreciationAndAmortization": "27725000", "incomeBeforeTax": "201015000", "incomeTaxExpense": "65531000", "interestAndDebtExpense": "None", "netIncomeFromContinuingOperations": "0", "comprehensiveIncomeNetOfTax": "None", "ebit": "197804000", "ebitda": "225529000", "netIncome": "135484000"}, {"fiscalDateEnding": "2008-02-29", "reportedCurrency": "USD", "grossProfit": "361177000", "totalRevenue": "532172000", "costOfRevenue": "170995000", "costofGoodsAndServicesSold": "170995000", "operatingIncome": "210399000", "sellingGeneralAndAdministrative": "150778000", "researchAndDevelopment": "0", "operatingExpenses": "150778000", "investmentIncomeNet": "None", "netInterestIncome": "None", "interestIncome": "None", "interestExpense": "0", "nonInterestIncome": "None", "otherNonOperatingIncome": "None", "depreciation": "None", "depreciationAndAmortization": "25226000", "incomeBeforeTax": "213996000", "incomeTaxExpense": "71522000", "interestAndDebtExpense": "None", "netIncomeFromContinuingOperations": "0", "comprehensiveIncomeNetOfTax": "None", "ebit": "185173000", "ebitda": "210399000", "netIncome": "142474000"}, {"fiscalDateEnding": "2007-11-30", "reportedCurrency": "USD", "grossProfit": "345341000", "totalRevenue": "507793000", "costOfRevenue": "162452000", "costofGoodsAndServicesSold": "162452000", "operatingIncome": "209476000", "sellingGeneralAndAdministrative": "135865000", "researchAndDevelopment": "0", "operatingExpenses": "135865000", "investmentIncomeNet": "None", "netInterestIncome": "None", "interestIncome": "None", "interestExpense": "0", "nonInterestIncome": "None", "otherNonOperatingIncome": "None", "depreciation": "None", "depreciationAndAmortization": "23600000", "incomeBeforeTax": "216979000", "incomeTaxExpense": "69867000", "interestAndDebtExpense": "None", "netIncomeFromContinuingOperations": "0", "comprehensiveIncomeNetOfTax": "None", "ebit": "185876000", "ebitda": "209476000", "netIncome": "147112000"}, {"fiscalDateEnding": "2007-08-31", "reportedCurrency": "USD", "grossProfit": "347815000", "totalRevenue": "507130000", "costOfRevenue": "159315000", "costofGoodsAndServicesSold": "159315000", "operatingIncome": "210588000", "sellingGeneralAndAdministrative": "137227000", "researchAndDevelopment": "0", "operatingExpenses": "137227000", "investmentIncomeNet": "None", "netInterestIncome": "None", "interestIncome": "None", "interestExpense": "0", "nonInterestIncome": "None", "otherNonOperatingIncome": "None", "depreciation": "None", "depreciationAndAmortization": "23096000", "incomeBeforeTax": "222825000", "incomeTaxExpense": "71750000", "interestAndDebtExpense": "None", "netIncomeFromContinuingOperations": "0", "comprehensiveIncomeNetOfTax": "None", "ebit": "187492000", "ebitda": "210588000", "netIncome": "151075000"}, {"fiscalDateEnding": "2007-05-31", "reportedCurrency": "USD", "grossProfit": "329366000", "totalRevenue": "487348000", "costOfRevenue": "157982000", "costofGoodsAndServicesSold": "157982000", "operatingIncome": "159882000", "sellingGeneralAndAdministrative": "169484000", "researchAndDevelopment": "0", "operatingExpenses": "169484000", "investmentIncomeNet": "None", "netInterestIncome": "None", "interestIncome": "None", "interestExpense": "0", "nonInterestIncome": "None", "otherNonOperatingIncome": "None", "depreciation": "None", "depreciationAndAmortization": "24499000", "incomeBeforeTax": "171752000", "incomeTaxExpense": "50652000", "interestAndDebtExpense": "None", "netIncomeFromContinuingOperations": "0", "comprehensiveIncomeNetOfTax": "None", "ebit": "159882000", "ebitda": "184381000", "netIncome": "121100000"}, {"fiscalDateEnding": "2007-02-28", "reportedCurrency": "USD", "grossProfit": "326744000", "totalRevenue": "485287000", "costOfRevenue": "158543000", "costofGoodsAndServicesSold": "158543000", "operatingIncome": "172984000", "sellingGeneralAndAdministrative": "153760000", "researchAndDevelopment": "0", "operatingExpenses": "153760000", "investmentIncomeNet": "None", "netInterestIncome": "None", "interestIncome": "None", "interestExpense": "0", "nonInterestIncome": "None", "otherNonOperatingIncome": "None", "depreciation": "None", "depreciationAndAmortization": "25115000", "incomeBeforeTax": "183478000", "incomeTaxExpense": "56878000", "interestAndDebtExpense": "None", "netIncomeFromContinuingOperations": "0", "comprehensiveIncomeNetOfTax": "None", "ebit": "147869000", "ebitda": "172984000", "netIncome": "126600000"}, {"fiscalDateEnding": "2006-11-30", "reportedCurrency": "USD", "grossProfit": "304085000", "totalRevenue": "454955000", "costOfRevenue": "150870000", "costofGoodsAndServicesSold": "150870000", "operatingIncome": "182328000", "sellingGeneralAndAdministrative": "121757000", "researchAndDevelopment": "0", "operatingExpenses": "121757000", "investmentIncomeNet": "None", "netInterestIncome": "None", "interestIncome": "None", "interestExpense": "0", "nonInterestIncome": "None", "otherNonOperatingIncome": "None", "depreciation": "None", "depreciationAndAmortization": "24162000", "incomeBeforeTax": "192269000", "incomeTaxExpense": "59603000", "interestAndDebtExpense": "None", "netIncomeFromContinuingOperations": "0", "comprehensiveIncomeNetOfTax": "None", "ebit": "158166000", "ebitda": "182328000", "netIncome": "132666000"}, {"fiscalDateEnding": "2006-08-31", "reportedCurrency": "USD", "grossProfit": "311290000", "totalRevenue": "459374000", "costOfRevenue": "148084000", "costofGoodsAndServicesSold": "148084000", "operatingIncome": "186354000", "sellingGeneralAndAdministrative": "124936000", "researchAndDevelopment": "0", "operatingExpenses": "124936000", "investmentIncomeNet": "None", "netInterestIncome": "None", "interestIncome": "None", "interestExpense": "0", "nonInterestIncome": "None", "otherNonOperatingIncome": "None", "depreciation": "None", "depreciationAndAmortization": "23210000", "incomeBeforeTax": "195770000", "incomeTaxExpense": "60689000", "interestAndDebtExpense": "None", "netIncomeFromContinuingOperations": "0", "comprehensiveIncomeNetOfTax": "None", "ebit": "186354000", "ebitda": "209564000", "netIncome": "135081000"}, {"fiscalDateEnding": "2006-05-31", "reportedCurrency": "USD", "grossProfit": "294482000", "totalRevenue": "440480000", "costOfRevenue": "145998000", "costofGoodsAndServicesSold": "145998000", "operatingIncome": "167726000", "sellingGeneralAndAdministrative": "126936000", "researchAndDevelopment": "0", "operatingExpenses": "126756000", "investmentIncomeNet": "None", "netInterestIncome": "None", "interestIncome": "None", "interestExpense": "0", "nonInterestIncome": "None", "otherNonOperatingIncome": "None", "depreciation": "None", "depreciationAndAmortization": "24474000", "incomeBeforeTax": "175972000", "incomeTaxExpense": "53232000", "interestAndDebtExpense": "None", "netIncomeFromContinuingOperations": "0", "comprehensiveIncomeNetOfTax": "None", "ebit": "167726000", "ebitda": "192200000", "netIncome": "122740000"}, {"fiscalDateEnding": "2006-02-28", "reportedCurrency": "USD", "grossProfit": "285100000", "totalRevenue": "430586000", "costOfRevenue": "145486000", "costofGoodsAndServicesSold": "145486000", "operatingIncome": "160600000", "sellingGeneralAndAdministrative": "124500000", "researchAndDevelopment": "0", "operatingExpenses": "124500000", "investmentIncomeNet": "None", "netInterestIncome": "None", "interestIncome": "None", "interestExpense": "0", "nonInterestIncome": "None", "otherNonOperatingIncome": "None", "depreciation": "None", "depreciationAndAmortization": "23297000", "incomeBeforeTax": "166958000", "incomeTaxExpense": "52424000", "interestAndDebtExpense": "None", "netIncomeFromContinuingOperations": "0", "comprehensiveIncomeNetOfTax": "None", "ebit": "161500000", "ebitda": "184797000", "netIncome": "114534000"}, {"fiscalDateEnding": "2005-11-30", "reportedCurrency": "USD", "grossProfit": "264465000", "totalRevenue": "399815000", "costOfRevenue": "135350000", "costofGoodsAndServicesSold": "135350000", "operatingIncome": "158605000", "sellingGeneralAndAdministrative": "105860000", "researchAndDevelopment": "0", "operatingExpenses": "105860000", "investmentIncomeNet": "None", "netInterestIncome": "None", "interestIncome": "None", "interestExpense": "0", "nonInterestIncome": "None", "otherNonOperatingIncome": "None", "depreciation": "None", "depreciationAndAmortization": "23939000", "incomeBeforeTax": "164157000", "incomeTaxExpense": "51545000", "interestAndDebtExpense": "None", "netIncomeFromContinuingOperations": "0", "comprehensiveIncomeNetOfTax": "None", "ebit": "158046000", "ebitda": "181985000", "netIncome": "112612000"}, {"fiscalDateEnding": "2005-08-31", "reportedCurrency": "USD", "grossProfit": "270294000", "totalRevenue": "403715000", "costOfRevenue": "133421000", "costofGoodsAndServicesSold": "133421000", "operatingIncome": "162820000", "sellingGeneralAndAdministrative": "107474000", "researchAndDevelopment": "0", "operatingExpenses": "107474000", "investmentIncomeNet": "None", "netInterestIncome": "None", "interestIncome": "None", "interestExpense": "0", "nonInterestIncome": "None", "otherNonOperatingIncome": "None", "depreciation": "None", "depreciationAndAmortization": "22704000", "incomeBeforeTax": "167679000", "incomeTaxExpense": "52651000", "interestAndDebtExpense": "None", "netIncomeFromContinuingOperations": "0", "comprehensiveIncomeNetOfTax": "None", "ebit": "162479000", "ebitda": "185183000", "netIncome": "115028000"}, {"fiscalDateEnding": "2005-05-31", "reportedCurrency": "USD", "grossProfit": "295824000", "totalRevenue": "379022000", "costOfRevenue": "83198000", "costofGoodsAndServicesSold": "83198000", "operatingIncome": "142827000", "sellingGeneralAndAdministrative": "152997000", "researchAndDevelopment": "0", "operatingExpenses": "152997000", "investmentIncomeNet": "None", "netInterestIncome": "None", "interestIncome": "None", "interestExpense": "0", "nonInterestIncome": "None", "otherNonOperatingIncome": "None", "depreciation": "None", "depreciationAndAmortization": "25981000", "incomeBeforeTax": "147109000", "incomeTaxExpense": "45628000", "interestAndDebtExpense": "None", "netIncomeFromContinuingOperations": "0", "comprehensiveIncomeNetOfTax": "None", "ebit": "142827000", "ebitda": "168808000", "netIncome": "101481000"}, {"fiscalDateEnding": "2005-02-28", "reportedCurrency": "USD", "grossProfit": "287826000", "totalRevenue": "373861000", "costOfRevenue": "86035000", "costofGoodsAndServicesSold": "86035000", "operatingIncome": "135382000", "sellingGeneralAndAdministrative": "152444000", "researchAndDevelopment": "0", "operatingExpenses": "152444000", "investmentIncomeNet": "None", "netInterestIncome": "None", "interestIncome": "None", "interestExpense": "0", "nonInterestIncome": "None", "otherNonOperatingIncome": "None", "depreciation": "None", "depreciationAndAmortization": "22297000", "incomeBeforeTax": "138481000", "incomeTaxExpense": "45699000", "interestAndDebtExpense": "None", "netIncomeFromContinuingOperations": "0", "comprehensiveIncomeNetOfTax": "None", "ebit": "134400000", "ebitda": "156697000", "netIncome": "92782000"}]}