{"symbol": "BEN", "annualReports": [{"fiscalDateEnding": "2024-09-30", "reportedCurrency": "USD", "grossProfit": "3983300000", "totalRevenue": "8478000000", "costOfRevenue": "4494700000", "costofGoodsAndServicesSold": "4494700000", "operatingIncome": "407600000", "sellingGeneralAndAdministrative": "2812100000", "researchAndDevelopment": "None", "operatingExpenses": "3575700000", "investmentIncomeNet": "None", "netInterestIncome": "-97200000", "interestIncome": "None", "interestExpense": "97200000", "nonInterestIncome": "None", "otherNonOperatingIncome": "None", "depreciation": "None", "depreciationAndAmortization": "389200000", "incomeBeforeTax": "823200000", "incomeTaxExpense": "215300000", "interestAndDebtExpense": "None", "netIncomeFromContinuingOperations": "607900000", "comprehensiveIncomeNetOfTax": "None", "ebit": "407600000", "ebitda": "796800000", "netIncome": "464800000"}, {"fiscalDateEnding": "2023-09-30", "reportedCurrency": "USD", "grossProfit": "4355400000", "totalRevenue": "7849400000", "costOfRevenue": "3494000000", "costofGoodsAndServicesSold": "3494000000", "operatingIncome": "1102300000", "sellingGeneralAndAdministrative": "793900000", "researchAndDevelopment": "0.18", "operatingExpenses": "3253100000", "investmentIncomeNet": "None", "netInterestIncome": "-123700000", "interestIncome": "None", "interestExpense": "123700000", "nonInterestIncome": "None", "otherNonOperatingIncome": "None", "depreciation": "None", "depreciationAndAmortization": "6483900000", "incomeBeforeTax": "1415700000", "incomeTaxExpense": "312300000", "interestAndDebtExpense": "None", "netIncomeFromContinuingOperations": "1103400000", "comprehensiveIncomeNetOfTax": "None", "ebit": "-4538400000", "ebitda": "1945500000", "netIncome": "882800000"}, {"fiscalDateEnding": "2022-09-30", "reportedCurrency": "USD", "grossProfit": "3339900000", "totalRevenue": "8275300000", "costOfRevenue": "4935400000", "costofGoodsAndServicesSold": "4935400000", "operatingIncome": "1773900000", "sellingGeneralAndAdministrative": "1284000000", "researchAndDevelopment": "0.21", "operatingExpenses": "1566000000", "investmentIncomeNet": "None", "netInterestIncome": "-98200000", "interestIncome": "55700000", "interestExpense": "98200000", "nonInterestIncome": "None", "otherNonOperatingIncome": "91100000", "depreciation": "None", "depreciationAndAmortization": "6253800000", "incomeBeforeTax": "1729400000", "incomeTaxExpense": "396200000", "interestAndDebtExpense": "None", "netIncomeFromContinuingOperations": "1333200000", "comprehensiveIncomeNetOfTax": "None", "ebit": "-3895700000", "ebitda": "2358100000", "netIncome": "1291900000"}, {"fiscalDateEnding": "2021-09-30", "reportedCurrency": "USD", "grossProfit": "3348400000", "totalRevenue": "8425500000", "costOfRevenue": "5077100000", "costofGoodsAndServicesSold": "5077100000", "operatingIncome": "1875000000", "sellingGeneralAndAdministrative": "1241400000", "researchAndDevelopment": "0.29", "operatingExpenses": "1473400000", "investmentIncomeNet": "None", "netInterestIncome": "-85400000", "interestIncome": "563400000", "interestExpense": "85400000", "nonInterestIncome": "None", "otherNonOperatingIncome": "264700000", "depreciation": "None", "depreciationAndAmortization": "6342800000", "incomeBeforeTax": "2444200000", "incomeTaxExpense": "349600000", "interestAndDebtExpense": "None", "netIncomeFromContinuingOperations": "2094600000", "comprehensiveIncomeNetOfTax": "None", "ebit": "-3502600000", "ebitda": "2840200000", "netIncome": "1831200000"}, {"fiscalDateEnding": "2020-09-30", "reportedCurrency": "USD", "grossProfit": "1989500000", "totalRevenue": "5566500000", "costOfRevenue": "3577000000", "costofGoodsAndServicesSold": "3577000000", "operatingIncome": "1048900000", "sellingGeneralAndAdministrative": "886600000", "researchAndDevelopment": "0.18", "operatingExpenses": "940600000", "investmentIncomeNet": "None", "netInterestIncome": "-19100000", "interestIncome": "37200000", "interestExpense": "33400000", "nonInterestIncome": "None", "otherNonOperatingIncome": "-31000000", "depreciation": "None", "depreciationAndAmortization": "4153200000", "incomeBeforeTax": "1017900000", "incomeTaxExpense": "230800000", "interestAndDebtExpense": "None", "netIncomeFromContinuingOperations": "787100000", "comprehensiveIncomeNetOfTax": "None", "ebit": "-2725200000", "ebitda": "1428000000", "netIncome": "798900000"}, {"fiscalDateEnding": "2019-09-30", "reportedCurrency": "USD", "grossProfit": "2370200000", "totalRevenue": "5774500000", "costOfRevenue": "3404300000", "costofGoodsAndServicesSold": "3404300000", "operatingIncome": "1557400000", "sellingGeneralAndAdministrative": "812800000", "researchAndDevelopment": "0.29", "operatingExpenses": "812800000", "investmentIncomeNet": "None", "netInterestIncome": "6300000", "interestIncome": "31000000", "interestExpense": "24700000", "nonInterestIncome": "None", "otherNonOperatingIncome": "115100000", "depreciation": "None", "depreciationAndAmortization": "93400000", "incomeBeforeTax": "1647800000", "incomeTaxExpense": "442300000", "interestAndDebtExpense": "None", "netIncomeFromContinuingOperations": "1205500000", "comprehensiveIncomeNetOfTax": "None", "ebit": "1557400000", "ebitda": "1650800000", "netIncome": "1195700000"}, {"fiscalDateEnding": "2018-09-30", "reportedCurrency": "USD", "grossProfit": "2888800000", "totalRevenue": "6319100000", "costOfRevenue": "3430300000", "costofGoodsAndServicesSold": "3430300000", "operatingIncome": "2118600000", "sellingGeneralAndAdministrative": "770200000", "researchAndDevelopment": "0.35", "operatingExpenses": "770200000", "investmentIncomeNet": "None", "netInterestIncome": "27800000", "interestIncome": "76500000", "interestExpense": "48700000", "nonInterestIncome": "None", "otherNonOperatingIncome": "145300000", "depreciation": "None", "depreciationAndAmortization": "76400000", "incomeBeforeTax": "2215200000", "incomeTaxExpense": "1472500000", "interestAndDebtExpense": "None", "netIncomeFromContinuingOperations": "742700000", "comprehensiveIncomeNetOfTax": "None", "ebit": "2118600000", "ebitda": "2195000000", "netIncome": "764400000"}, {"fiscalDateEnding": "2017-09-30", "reportedCurrency": "USD", "grossProfit": "2927600000", "totalRevenue": "6392200000", "costOfRevenue": "3464600000", "costofGoodsAndServicesSold": "3464600000", "operatingIncome": "2264300000", "sellingGeneralAndAdministrative": "663300000", "researchAndDevelopment": "0.39", "operatingExpenses": "663300000", "investmentIncomeNet": "None", "netInterestIncome": "23400000", "interestIncome": "74900000", "interestExpense": "51500000", "nonInterestIncome": "None", "otherNonOperatingIncome": "336300000", "depreciation": "None", "depreciationAndAmortization": "80300000", "incomeBeforeTax": "2549100000", "incomeTaxExpense": "759400000", "interestAndDebtExpense": "None", "netIncomeFromContinuingOperations": "1789700000", "comprehensiveIncomeNetOfTax": "None", "ebit": "2264300000", "ebitda": "2344600000", "netIncome": "1696700000"}, {"fiscalDateEnding": "2016-09-30", "reportedCurrency": "USD", "grossProfit": "3047200000", "totalRevenue": "6618000000", "costOfRevenue": "3570800000", "costofGoodsAndServicesSold": "3570800000", "operatingIncome": "2365700000", "sellingGeneralAndAdministrative": "681500000", "researchAndDevelopment": "0.37", "operatingExpenses": "681500000", "investmentIncomeNet": "None", "netInterestIncome": "-13400000", "interestIncome": "36500000", "interestExpense": "49900000", "nonInterestIncome": "None", "otherNonOperatingIncome": "184000000", "depreciation": "None", "depreciationAndAmortization": "87100000", "incomeBeforeTax": "2499800000", "incomeTaxExpense": "742100000", "interestAndDebtExpense": "None", "netIncomeFromContinuingOperations": "1757700000", "comprehensiveIncomeNetOfTax": "None", "ebit": "2365700000", "ebitda": "2452800000", "netIncome": "1726700000"}, {"fiscalDateEnding": "2015-09-30", "reportedCurrency": "USD", "grossProfit": "3733100000", "totalRevenue": "7948700000", "costOfRevenue": "4215600000", "costofGoodsAndServicesSold": "4215600000", "operatingIncome": "3027600000", "sellingGeneralAndAdministrative": "705500000", "researchAndDevelopment": "0", "operatingExpenses": "705500000", "investmentIncomeNet": "None", "netInterestIncome": "None", "interestIncome": "4900000", "interestExpense": "39600000", "nonInterestIncome": "None", "otherNonOperatingIncome": "40400000", "depreciation": "None", "depreciationAndAmortization": "97400000", "incomeBeforeTax": "3028400000", "incomeTaxExpense": "923700000", "interestAndDebtExpense": "None", "netIncomeFromContinuingOperations": "2104700000", "comprehensiveIncomeNetOfTax": "None", "ebit": "3027600000", "ebitda": "3125000000", "netIncome": "2035300000"}, {"fiscalDateEnding": "2014-09-30", "reportedCurrency": "USD", "grossProfit": "3935300000", "totalRevenue": "8491400000", "costOfRevenue": "4556100000", "costofGoodsAndServicesSold": "4556100000", "operatingIncome": "3221200000", "sellingGeneralAndAdministrative": "714100000", "researchAndDevelopment": "0", "operatingExpenses": "714100000", "investmentIncomeNet": "None", "netInterestIncome": "None", "interestIncome": "None", "interestExpense": "47400000", "nonInterestIncome": "None", "otherNonOperatingIncome": "235800000", "depreciation": "None", "depreciationAndAmortization": "94600000", "incomeBeforeTax": "3409600000", "incomeTaxExpense": "997900000", "interestAndDebtExpense": "None", "netIncomeFromContinuingOperations": "2411700000", "comprehensiveIncomeNetOfTax": "None", "ebit": "3221200000", "ebitda": "3315800000", "netIncome": "2384300000"}, {"fiscalDateEnding": "2013-09-30", "reportedCurrency": "USD", "grossProfit": "3558400000", "totalRevenue": "7985000000", "costOfRevenue": "4426600000", "costofGoodsAndServicesSold": "4426600000", "operatingIncome": "2921300000", "sellingGeneralAndAdministrative": "637100000", "researchAndDevelopment": "0", "operatingExpenses": "637100000", "investmentIncomeNet": "None", "netInterestIncome": "None", "interestIncome": "None", "interestExpense": "46900000", "nonInterestIncome": "None", "otherNonOperatingIncome": "152200000", "depreciation": "None", "depreciationAndAmortization": "93500000", "incomeBeforeTax": "3026600000", "incomeTaxExpense": "855900000", "interestAndDebtExpense": "None", "netIncomeFromContinuingOperations": "2170700000", "comprehensiveIncomeNetOfTax": "None", "ebit": "2921300000", "ebitda": "3014800000", "netIncome": "2150200000"}, {"fiscalDateEnding": "2012-09-30", "reportedCurrency": "USD", "grossProfit": "4361300000", "totalRevenue": "7101000000", "costOfRevenue": "2739700000", "costofGoodsAndServicesSold": "2739700000", "operatingIncome": "2515200000", "sellingGeneralAndAdministrative": "1533300000", "researchAndDevelopment": "182900000", "operatingExpenses": "1716200000", "investmentIncomeNet": "None", "netInterestIncome": "None", "interestIncome": "None", "interestExpense": "36700000", "nonInterestIncome": "None", "otherNonOperatingIncome": "199700000", "depreciation": "None", "depreciationAndAmortization": "212000000", "incomeBeforeTax": "2678200000", "incomeTaxExpense": "762700000", "interestAndDebtExpense": "None", "netIncomeFromContinuingOperations": "1915500000", "comprehensiveIncomeNetOfTax": "None", "ebit": "2585000000", "ebitda": "2797000000", "netIncome": "1931400000"}, {"fiscalDateEnding": "2011-09-30", "reportedCurrency": "USD", "grossProfit": "4427225000", "totalRevenue": "7140039000", "costOfRevenue": "2712814000", "costofGoodsAndServicesSold": "2712814000", "operatingIncome": "2659827000", "sellingGeneralAndAdministrative": "1463242000", "researchAndDevelopment": "173138000", "operatingExpenses": "4349194000", "investmentIncomeNet": "None", "netInterestIncome": "None", "interestIncome": "None", "interestExpense": "37400000", "nonInterestIncome": "None", "otherNonOperatingIncome": "1809000", "depreciation": "None", "depreciationAndAmortization": "243574000", "incomeBeforeTax": "2624200000", "incomeTaxExpense": "803424000", "interestAndDebtExpense": "None", "netIncomeFromContinuingOperations": "1820776000", "comprehensiveIncomeNetOfTax": "None", "ebit": "2506426000", "ebitda": "2750000000", "netIncome": "1923580000"}, {"fiscalDateEnding": "2010-09-30", "reportedCurrency": "USD", "grossProfit": "3849534000", "totalRevenue": "5852999000", "costOfRevenue": "2003465000", "costofGoodsAndServicesSold": "2003465000", "operatingIncome": "1958680000", "sellingGeneralAndAdministrative": "1376550000", "researchAndDevelopment": "0", "operatingExpenses": "3894319000", "investmentIncomeNet": "None", "netInterestIncome": "None", "interestIncome": "None", "interestExpense": "16500000", "nonInterestIncome": "None", "otherNonOperatingIncome": "127634000", "depreciation": "None", "depreciationAndAmortization": "267445000", "incomeBeforeTax": "2069808000", "incomeTaxExpense": "618312000", "interestAndDebtExpense": "None", "netIncomeFromContinuingOperations": "1451496000", "comprehensiveIncomeNetOfTax": "None", "ebit": "1810372000", "ebitda": "2077817000", "netIncome": "1445689000"}, {"fiscalDateEnding": "2009-09-30", "reportedCurrency": "USD", "grossProfit": "2842065000", "totalRevenue": "4194087000", "costOfRevenue": "1352022000", "costofGoodsAndServicesSold": "1352022000", "operatingIncome": "1202594000", "sellingGeneralAndAdministrative": "2584731000", "researchAndDevelopment": "0", "operatingExpenses": "2991493000", "investmentIncomeNet": "None", "netInterestIncome": "None", "interestIncome": "None", "interestExpense": "3771000", "nonInterestIncome": "None", "otherNonOperatingIncome": "82269000", "depreciation": "None", "depreciationAndAmortization": "181272000", "incomeBeforeTax": "1281092000", "incomeTaxExpense": "384314000", "interestAndDebtExpense": "None", "netIncomeFromContinuingOperations": "896778000", "comprehensiveIncomeNetOfTax": "None", "ebit": "1202594000", "ebitda": "1383866000", "netIncome": "896778000"}, {"fiscalDateEnding": "2008-09-30", "reportedCurrency": "USD", "grossProfit": "4095273000", "totalRevenue": "6032386000", "costOfRevenue": "1937113000", "costofGoodsAndServicesSold": "1937113000", "operatingIncome": "2099002000", "sellingGeneralAndAdministrative": "1441643000", "researchAndDevelopment": "None", "operatingExpenses": "1996271000", "investmentIncomeNet": "None", "netInterestIncome": "None", "interestIncome": "None", "interestExpense": "15758000", "nonInterestIncome": "None", "otherNonOperatingIncome": "None", "depreciation": "None", "depreciationAndAmortization": "215222000", "incomeBeforeTax": "2236589000", "incomeTaxExpense": "648376000", "interestAndDebtExpense": "None", "netIncomeFromContinuingOperations": "None", "comprehensiveIncomeNetOfTax": "None", "ebit": "2252347000", "ebitda": "2467569000", "netIncome": "1588213000"}, {"fiscalDateEnding": "2007-09-30", "reportedCurrency": "USD", "grossProfit": "6205769000", "totalRevenue": "6205769000", "costOfRevenue": "4078006000", "costofGoodsAndServicesSold": "4078006000", "operatingIncome": "2067547000", "sellingGeneralAndAdministrative": "None", "researchAndDevelopment": "317938000", "operatingExpenses": "1977591000", "investmentIncomeNet": "None", "netInterestIncome": "None", "interestIncome": "None", "interestExpense": "23220000", "nonInterestIncome": "None", "otherNonOperatingIncome": "None", "depreciation": "None", "depreciationAndAmortization": "198619000", "incomeBeforeTax": "2465301000", "incomeTaxExpense": "692363000", "interestAndDebtExpense": "None", "netIncomeFromContinuingOperations": "None", "comprehensiveIncomeNetOfTax": "None", "ebit": "2488521000", "ebitda": "2687140000", "netIncome": "1772938000"}, {"fiscalDateEnding": "2006-09-30", "reportedCurrency": "USD", "grossProfit": "3409326000", "totalRevenue": "5050726000", "costOfRevenue": "1641400000", "costofGoodsAndServicesSold": "1641400000", "operatingIncome": "1633381000", "sellingGeneralAndAdministrative": "None", "researchAndDevelopment": "302341000", "operatingExpenses": "1707544000", "investmentIncomeNet": "None", "netInterestIncome": "None", "interestIncome": "None", "interestExpense": "29221000", "nonInterestIncome": "None", "otherNonOperatingIncome": "None", "depreciation": "None", "depreciationAndAmortization": "215271000", "incomeBeforeTax": "1835566000", "incomeTaxExpense": "567998000", "interestAndDebtExpense": "None", "netIncomeFromContinuingOperations": "None", "comprehensiveIncomeNetOfTax": "None", "ebit": "3274782000", "ebitda": "3490053000", "netIncome": "1267568000"}, {"fiscalDateEnding": "2005-09-30", "reportedCurrency": "USD", "grossProfit": "2903998000", "totalRevenue": "4310098000", "costOfRevenue": "1406100000", "costofGoodsAndServicesSold": "1406100000", "operatingIncome": "1288376000", "sellingGeneralAndAdministrative": "None", "researchAndDevelopment": "286866000", "operatingExpenses": "1615585000", "investmentIncomeNet": "None", "netInterestIncome": "None", "interestIncome": "None", "interestExpense": "132500000", "nonInterestIncome": "None", "otherNonOperatingIncome": "None", "depreciation": "None", "depreciationAndAmortization": "212173000", "incomeBeforeTax": "1420855000", "incomeTaxExpense": "363224000", "interestAndDebtExpense": "None", "netIncomeFromContinuingOperations": "None", "comprehensiveIncomeNetOfTax": "None", "ebit": "2694513000", "ebitda": "2906686000", "netIncome": "1057631000"}], "quarterlyReports": [{"fiscalDateEnding": "2024-12-31", "reportedCurrency": "USD", "grossProfit": "1072500000", "totalRevenue": "2251600000", "costOfRevenue": "1179100000", "costofGoodsAndServicesSold": "1179100000", "operatingIncome": "219000000", "sellingGeneralAndAdministrative": "185200000", "researchAndDevelopment": "None", "operatingExpenses": "853500000", "investmentIncomeNet": "None", "netInterestIncome": "-23100000", "interestIncome": "None", "interestExpense": "23100000", "nonInterestIncome": "None", "otherNonOperatingIncome": "None", "depreciation": "None", "depreciationAndAmortization": "142800000", "incomeBeforeTax": "313200000", "incomeTaxExpense": "149600000", "interestAndDebtExpense": "None", "netIncomeFromContinuingOperations": "232100000", "comprehensiveIncomeNetOfTax": "None", "ebit": "336300000", "ebitda": "479100000", "netIncome": "163600000"}, {"fiscalDateEnding": "2024-09-30", "reportedCurrency": "USD", "grossProfit": "1714300000", "totalRevenue": "2211200000", "costOfRevenue": "496900000", "costofGoodsAndServicesSold": "496900000", "operatingIncome": "238500000", "sellingGeneralAndAdministrative": "720900000", "researchAndDevelopment": "None", "operatingExpenses": "1475800000", "investmentIncomeNet": "None", "netInterestIncome": "-25000000", "interestIncome": "None", "interestExpense": "25000000", "nonInterestIncome": "None", "otherNonOperatingIncome": "None", "depreciation": "None", "depreciationAndAmortization": "None", "incomeBeforeTax": "-46200000", "incomeTaxExpense": "9500000", "interestAndDebtExpense": "None", "netIncomeFromContinuingOperations": "-55700000", "comprehensiveIncomeNetOfTax": "None", "ebit": "None", "ebitda": "238500000", "netIncome": "-84700000"}, {"fiscalDateEnding": "2024-06-30", "reportedCurrency": "USD", "grossProfit": "1504500000", "totalRevenue": "2098600000", "costOfRevenue": "594100000", "costofGoodsAndServicesSold": "594100000", "operatingIncome": "245000000", "sellingGeneralAndAdministrative": "710000000", "researchAndDevelopment": "None", "operatingExpenses": "1431700000", "investmentIncomeNet": "None", "netInterestIncome": "-25700000", "interestIncome": "None", "interestExpense": "25700000", "nonInterestIncome": "None", "otherNonOperatingIncome": "None", "depreciation": "None", "depreciationAndAmortization": "113000000", "incomeBeforeTax": "300100000", "incomeTaxExpense": "68100000", "interestAndDebtExpense": "None", "netIncomeFromContinuingOperations": "232000000", "comprehensiveIncomeNetOfTax": "None", "ebit": "282900000", "ebitda": "395900000", "netIncome": "174000000"}, {"fiscalDateEnding": "2024-03-31", "reportedCurrency": "USD", "grossProfit": "1533600000", "totalRevenue": "2134300000", "costOfRevenue": "600700000", "costofGoodsAndServicesSold": "600700000", "operatingIncome": "229700000", "sellingGeneralAndAdministrative": "726800000", "researchAndDevelopment": "None", "operatingExpenses": "1303900000", "investmentIncomeNet": "None", "netInterestIncome": "-27700000", "interestIncome": "None", "interestExpense": "27700000", "nonInterestIncome": "None", "otherNonOperatingIncome": "None", "depreciation": "None", "depreciationAndAmortization": "116400000", "incomeBeforeTax": "238100000", "incomeTaxExpense": "62800000", "interestAndDebtExpense": "None", "netIncomeFromContinuingOperations": "175300000", "comprehensiveIncomeNetOfTax": "None", "ebit": "229700000", "ebitda": "346100000", "netIncome": "124200000"}, {"fiscalDateEnding": "2023-12-31", "reportedCurrency": "USD", "grossProfit": "870300000", "totalRevenue": "1991100000", "costOfRevenue": "1120800000", "costofGoodsAndServicesSold": "1120800000", "operatingIncome": "206500000", "sellingGeneralAndAdministrative": "132000000", "researchAndDevelopment": "None", "operatingExpenses": "663800000", "investmentIncomeNet": "None", "netInterestIncome": "-18800000", "interestIncome": "None", "interestExpense": "18800000", "nonInterestIncome": "None", "otherNonOperatingIncome": "None", "depreciation": "None", "depreciationAndAmortization": "111500000", "incomeBeforeTax": "331200000", "incomeTaxExpense": "79900000", "interestAndDebtExpense": "None", "netIncomeFromContinuingOperations": "256300000", "comprehensiveIncomeNetOfTax": "None", "ebit": "354900000", "ebitda": "466400000", "netIncome": "251300000"}, {"fiscalDateEnding": "2023-09-30", "reportedCurrency": "USD", "grossProfit": "1159800000", "totalRevenue": "1986100000", "costOfRevenue": "826300000", "costofGoodsAndServicesSold": "826300000", "operatingIncome": "338300000", "sellingGeneralAndAdministrative": "195600000", "researchAndDevelopment": "None", "operatingExpenses": "821500000", "investmentIncomeNet": "None", "netInterestIncome": "-24400000", "interestIncome": "None", "interestExpense": "24400000", "nonInterestIncome": "None", "otherNonOperatingIncome": "None", "depreciation": "None", "depreciationAndAmortization": "116400000", "incomeBeforeTax": "423500000", "incomeTaxExpense": "75000000", "interestAndDebtExpense": "None", "netIncomeFromContinuingOperations": "348500000", "comprehensiveIncomeNetOfTax": "None", "ebit": "389800000", "ebitda": "506200000", "netIncome": "295500000"}, {"fiscalDateEnding": "2023-06-30", "reportedCurrency": "USD", "grossProfit": "985500000", "totalRevenue": "1969000000", "costOfRevenue": "983500000", "costofGoodsAndServicesSold": "983500000", "operatingIncome": "314900000", "sellingGeneralAndAdministrative": "136500000", "researchAndDevelopment": "None", "operatingExpenses": "670600000", "investmentIncomeNet": "None", "netInterestIncome": "-34900000", "interestIncome": "3900000", "interestExpense": "34900000", "nonInterestIncome": "None", "otherNonOperatingIncome": "51200000", "depreciation": "None", "depreciationAndAmortization": "110800000", "incomeBeforeTax": "332100000", "incomeTaxExpense": "104600000", "interestAndDebtExpense": "None", "netIncomeFromContinuingOperations": "248000000", "comprehensiveIncomeNetOfTax": "None", "ebit": "360000000", "ebitda": "470800000", "netIncome": "227500000"}, {"fiscalDateEnding": "2023-03-31", "reportedCurrency": "USD", "grossProfit": "673300000", "totalRevenue": "1927200000", "costOfRevenue": "1253900000", "costofGoodsAndServicesSold": "1253900000", "operatingIncome": "255100000", "sellingGeneralAndAdministrative": "204200000", "researchAndDevelopment": "None", "operatingExpenses": "418200000", "investmentIncomeNet": "None", "netInterestIncome": "-33500000", "interestIncome": "168100000", "interestExpense": "33500000", "nonInterestIncome": "None", "otherNonOperatingIncome": "125600000", "depreciation": "None", "depreciationAndAmortization": "113800000", "incomeBeforeTax": "431000000", "incomeTaxExpense": "92900000", "interestAndDebtExpense": "None", "netIncomeFromContinuingOperations": "338100000", "comprehensiveIncomeNetOfTax": "None", "ebit": "318100000", "ebitda": "431900000", "netIncome": "338100000"}, {"fiscalDateEnding": "2022-12-31", "reportedCurrency": "USD", "grossProfit": "987900000", "totalRevenue": "1967100000", "costOfRevenue": "979200000", "costofGoodsAndServicesSold": "979200000", "operatingIncome": "194000000", "sellingGeneralAndAdministrative": "200700000", "researchAndDevelopment": "None", "operatingExpenses": "793900000", "investmentIncomeNet": "None", "netInterestIncome": "-30900000", "interestIncome": "43600000", "interestExpense": "30900000", "nonInterestIncome": "None", "otherNonOperatingIncome": "91100000", "depreciation": "None", "depreciationAndAmortization": "108300000", "incomeBeforeTax": "229100000", "incomeTaxExpense": "60300000", "interestAndDebtExpense": "None", "netIncomeFromContinuingOperations": "168800000", "comprehensiveIncomeNetOfTax": "None", "ebit": "336600000", "ebitda": "444900000", "netIncome": "165600000"}, {"fiscalDateEnding": "2022-09-30", "reportedCurrency": "USD", "grossProfit": "758200000", "totalRevenue": "1939000000", "costOfRevenue": "1180800000", "costofGoodsAndServicesSold": "1180800000", "operatingIncome": "348500000", "sellingGeneralAndAdministrative": "328200000", "researchAndDevelopment": "None", "operatingExpenses": "409700000", "investmentIncomeNet": "None", "netInterestIncome": "-27100000", "interestIncome": "93500000", "interestExpense": "27100000", "nonInterestIncome": "None", "otherNonOperatingIncome": "-6600000", "depreciation": "None", "depreciationAndAmortization": "120800000", "incomeBeforeTax": "254200000", "incomeTaxExpense": "48500000", "interestAndDebtExpense": "None", "netIncomeFromContinuingOperations": "205700000", "comprehensiveIncomeNetOfTax": "None", "ebit": "355900000", "ebitda": "476700000", "netIncome": "232700000"}, {"fiscalDateEnding": "2022-06-30", "reportedCurrency": "USD", "grossProfit": "824300000", "totalRevenue": "2031300000", "costOfRevenue": "1207000000", "costofGoodsAndServicesSold": "1207000000", "operatingIncome": "404700000", "sellingGeneralAndAdministrative": "337800000", "researchAndDevelopment": "None", "operatingExpenses": "419600000", "investmentIncomeNet": "None", "netInterestIncome": "-28900000", "interestIncome": "100700000", "interestExpense": "28900000", "nonInterestIncome": "None", "otherNonOperatingIncome": "13000000", "depreciation": "None", "depreciationAndAmortization": "107900000", "incomeBeforeTax": "313100000", "incomeTaxExpense": "89500000", "interestAndDebtExpense": "None", "netIncomeFromContinuingOperations": "223600000", "comprehensiveIncomeNetOfTax": "None", "ebit": "449600000", "ebitda": "557500000", "netIncome": "256400000"}, {"fiscalDateEnding": "2022-03-31", "reportedCurrency": "USD", "grossProfit": "846100000", "totalRevenue": "2081000000", "costOfRevenue": "1234900000", "costofGoodsAndServicesSold": "1234900000", "operatingIncome": "463000000", "sellingGeneralAndAdministrative": "322700000", "researchAndDevelopment": "None", "operatingExpenses": "383100000", "investmentIncomeNet": "None", "netInterestIncome": "-22900000", "interestIncome": "1600000", "interestExpense": "22900000", "nonInterestIncome": "None", "otherNonOperatingIncome": "27700000", "depreciation": "None", "depreciationAndAmortization": "80700000", "incomeBeforeTax": "466200000", "incomeTaxExpense": "107100000", "interestAndDebtExpense": "None", "netIncomeFromContinuingOperations": "359100000", "comprehensiveIncomeNetOfTax": "None", "ebit": "501600000", "ebitda": "582300000", "netIncome": "349600000"}, {"fiscalDateEnding": "2021-12-31", "reportedCurrency": "USD", "grossProfit": "911300000", "totalRevenue": "2224000000", "costOfRevenue": "1312700000", "costofGoodsAndServicesSold": "1312700000", "operatingIncome": "557700000", "sellingGeneralAndAdministrative": "295300000", "researchAndDevelopment": "None", "operatingExpenses": "353600000", "investmentIncomeNet": "None", "netInterestIncome": "-19300000", "interestIncome": "145900000", "interestExpense": "19300000", "nonInterestIncome": "None", "otherNonOperatingIncome": "57000000", "depreciation": "None", "depreciationAndAmortization": "80700000", "incomeBeforeTax": "695900000", "incomeTaxExpense": "151100000", "interestAndDebtExpense": "None", "netIncomeFromContinuingOperations": "544800000", "comprehensiveIncomeNetOfTax": "None", "ebit": "600800000", "ebitda": "681500000", "netIncome": "453200000"}, {"fiscalDateEnding": "2021-09-30", "reportedCurrency": "USD", "grossProfit": "912400000", "totalRevenue": "2181000000", "costOfRevenue": "1268600000", "costofGoodsAndServicesSold": "1268600000", "operatingIncome": "531500000", "sellingGeneralAndAdministrative": "323000000", "researchAndDevelopment": "None", "operatingExpenses": "380900000", "investmentIncomeNet": "None", "netInterestIncome": "-14100000", "interestIncome": "201400000", "interestExpense": "14100000", "nonInterestIncome": "None", "otherNonOperatingIncome": "67500000", "depreciation": "None", "depreciationAndAmortization": "111400000", "incomeBeforeTax": "738000000", "incomeTaxExpense": "-4800000", "interestAndDebtExpense": "None", "netIncomeFromContinuingOperations": "742800000", "comprehensiveIncomeNetOfTax": "None", "ebit": "605100000", "ebitda": "716500000", "netIncome": "665700000"}, {"fiscalDateEnding": "2021-06-30", "reportedCurrency": "USD", "grossProfit": "870500000", "totalRevenue": "2172900000", "costOfRevenue": "1302400000", "costofGoodsAndServicesSold": "1302400000", "operatingIncome": "478100000", "sellingGeneralAndAdministrative": "334400000", "researchAndDevelopment": "None", "operatingExpenses": "392400000", "investmentIncomeNet": "None", "netInterestIncome": "-24200000", "interestIncome": "79100000", "interestExpense": "25700000", "nonInterestIncome": "None", "otherNonOperatingIncome": "52900000", "depreciation": "None", "depreciationAndAmortization": "84100000", "incomeBeforeTax": "555400000", "incomeTaxExpense": "83800000", "interestAndDebtExpense": "None", "netIncomeFromContinuingOperations": "471600000", "comprehensiveIncomeNetOfTax": "None", "ebit": "521100000", "ebitda": "605200000", "netIncome": "438400000"}, {"fiscalDateEnding": "2021-03-31", "reportedCurrency": "USD", "grossProfit": "802400000", "totalRevenue": "2076500000", "costOfRevenue": "1274100000", "costofGoodsAndServicesSold": "1274100000", "operatingIncome": "456300000", "sellingGeneralAndAdministrative": "288200000", "researchAndDevelopment": "None", "operatingExpenses": "346100000", "investmentIncomeNet": "None", "netInterestIncome": "-13300000", "interestIncome": "155700000", "interestExpense": "15900000", "nonInterestIncome": "None", "otherNonOperatingIncome": "67100000", "depreciation": "None", "depreciationAndAmortization": "80900000", "incomeBeforeTax": "613500000", "incomeTaxExpense": "128100000", "interestAndDebtExpense": "None", "netIncomeFromContinuingOperations": "485400000", "comprehensiveIncomeNetOfTax": "None", "ebit": "513400000", "ebitda": "594300000", "netIncome": "381800000"}, {"fiscalDateEnding": "2020-12-31", "reportedCurrency": "USD", "grossProfit": "763100000", "totalRevenue": "1995100000", "costOfRevenue": "1232000000", "costofGoodsAndServicesSold": "1232000000", "operatingIncome": "409100000", "sellingGeneralAndAdministrative": "295800000", "researchAndDevelopment": "None", "operatingExpenses": "354000000", "investmentIncomeNet": "None", "netInterestIncome": "-27100000", "interestIncome": "137200000", "interestExpense": "29700000", "nonInterestIncome": "None", "otherNonOperatingIncome": "77200000", "depreciation": "None", "depreciationAndAmortization": "80000000", "incomeBeforeTax": "537300000", "incomeTaxExpense": "142500000", "interestAndDebtExpense": "None", "netIncomeFromContinuingOperations": "394800000", "comprehensiveIncomeNetOfTax": "None", "ebit": "460000000", "ebitda": "540000000", "netIncome": "345300000"}, {"fiscalDateEnding": "2020-09-30", "reportedCurrency": "USD", "grossProfit": "506000000", "totalRevenue": "1705000000", "costOfRevenue": "1199000000", "costofGoodsAndServicesSold": "1199000000", "operatingIncome": "103600000", "sellingGeneralAndAdministrative": "362300000", "researchAndDevelopment": "None", "operatingExpenses": "402400000", "investmentIncomeNet": "None", "netInterestIncome": "-12800000", "interestIncome": "170200000", "interestExpense": "15700000", "nonInterestIncome": "None", "otherNonOperatingIncome": "135500000", "depreciation": "None", "depreciationAndAmortization": "40100000", "incomeBeforeTax": "199600000", "incomeTaxExpense": "73100000", "interestAndDebtExpense": "None", "netIncomeFromContinuingOperations": "126500000", "comprehensiveIncomeNetOfTax": "None", "ebit": "410300000", "ebitda": "450400000", "netIncome": "78900000"}, {"fiscalDateEnding": "2020-06-30", "reportedCurrency": "USD", "grossProfit": "433000000", "totalRevenue": "1188100000", "costOfRevenue": "755100000", "costofGoodsAndServicesSold": "755100000", "operatingIncome": "253700000", "sellingGeneralAndAdministrative": "179300000", "researchAndDevelopment": "None", "operatingExpenses": "179300000", "investmentIncomeNet": "None", "netInterestIncome": "-4500000", "interestIncome": "2300000", "interestExpense": "5200000", "nonInterestIncome": "None", "otherNonOperatingIncome": "22900000", "depreciation": "None", "depreciationAndAmortization": "22200000", "incomeBeforeTax": "269800000", "incomeTaxExpense": "16100000", "interestAndDebtExpense": "None", "netIncomeFromContinuingOperations": "253700000", "comprehensiveIncomeNetOfTax": "None", "ebit": "256700000", "ebitda": "278900000", "netIncome": "290400000"}, {"fiscalDateEnding": "2020-03-31", "reportedCurrency": "USD", "grossProfit": "548700000", "totalRevenue": "1338300000", "costOfRevenue": "789600000", "costofGoodsAndServicesSold": "789600000", "operatingIncome": "356100000", "sellingGeneralAndAdministrative": "192600000", "researchAndDevelopment": "None", "operatingExpenses": "192600000", "investmentIncomeNet": "None", "netInterestIncome": "-500000", "interestIncome": "3700000", "interestExpense": "3700000", "nonInterestIncome": "None", "otherNonOperatingIncome": "-249000000", "depreciation": "None", "depreciationAndAmortization": "23400000", "incomeBeforeTax": "102900000", "incomeTaxExpense": "44100000", "interestAndDebtExpense": "None", "netIncomeFromContinuingOperations": "58800000", "comprehensiveIncomeNetOfTax": "None", "ebit": "367100000", "ebitda": "390500000", "netIncome": "79100000"}, {"fiscalDateEnding": "2019-12-31", "reportedCurrency": "USD", "grossProfit": "579400000", "totalRevenue": "1412700000", "costOfRevenue": "833300000", "costofGoodsAndServicesSold": "833300000", "operatingIncome": "392700000", "sellingGeneralAndAdministrative": "186700000", "researchAndDevelopment": "None", "operatingExpenses": "186700000", "investmentIncomeNet": "None", "netInterestIncome": "-1300000", "interestIncome": "5400000", "interestExpense": "6100000", "nonInterestIncome": "None", "otherNonOperatingIncome": "59600000", "depreciation": "None", "depreciationAndAmortization": "26800000", "incomeBeforeTax": "445600000", "incomeTaxExpense": "97500000", "interestAndDebtExpense": "None", "netIncomeFromContinuingOperations": "348100000", "comprehensiveIncomeNetOfTax": "None", "ebit": "394200000", "ebitda": "421000000", "netIncome": "350500000"}, {"fiscalDateEnding": "2019-09-30", "reportedCurrency": "USD", "grossProfit": "606800000", "totalRevenue": "1452500000", "costOfRevenue": "845700000", "costofGoodsAndServicesSold": "845700000", "operatingIncome": "391500000", "sellingGeneralAndAdministrative": "215300000", "researchAndDevelopment": "None", "operatingExpenses": "215300000", "investmentIncomeNet": "None", "netInterestIncome": "-700000", "interestIncome": "6300000", "interestExpense": "7000000", "nonInterestIncome": "None", "otherNonOperatingIncome": "11300000", "depreciation": "None", "depreciationAndAmortization": "26000000", "incomeBeforeTax": "395800000", "incomeTaxExpense": "86500000", "interestAndDebtExpense": "None", "netIncomeFromContinuingOperations": "309300000", "comprehensiveIncomeNetOfTax": "None", "ebit": "386100000", "ebitda": "412100000", "netIncome": "306400000"}, {"fiscalDateEnding": "2019-06-30", "reportedCurrency": "USD", "grossProfit": "576600000", "totalRevenue": "1476700000", "costOfRevenue": "900100000", "costofGoodsAndServicesSold": "900100000", "operatingIncome": "374900000", "sellingGeneralAndAdministrative": "201700000", "researchAndDevelopment": "None", "operatingExpenses": "201700000", "investmentIncomeNet": "None", "netInterestIncome": "1600000", "interestIncome": "7200000", "interestExpense": "5600000", "nonInterestIncome": "None", "otherNonOperatingIncome": "44200000", "depreciation": "None", "depreciationAndAmortization": "25600000", "incomeBeforeTax": "413500000", "incomeTaxExpense": "158900000", "interestAndDebtExpense": "None", "netIncomeFromContinuingOperations": "254600000", "comprehensiveIncomeNetOfTax": "None", "ebit": "389100000", "ebitda": "414700000", "netIncome": "245900000"}, {"fiscalDateEnding": "2019-03-31", "reportedCurrency": "USD", "grossProfit": "574800000", "totalRevenue": "1433800000", "costOfRevenue": "859000000", "costofGoodsAndServicesSold": "859000000", "operatingIncome": "379500000", "sellingGeneralAndAdministrative": "195300000", "researchAndDevelopment": "None", "operatingExpenses": "195300000", "investmentIncomeNet": "None", "netInterestIncome": "2800000", "interestIncome": "8500000", "interestExpense": "5700000", "nonInterestIncome": "None", "otherNonOperatingIncome": "118700000", "depreciation": "None", "depreciationAndAmortization": "21500000", "incomeBeforeTax": "492500000", "incomeTaxExpense": "110900000", "interestAndDebtExpense": "None", "netIncomeFromContinuingOperations": "381600000", "comprehensiveIncomeNetOfTax": "None", "ebit": "412500000", "ebitda": "434000000", "netIncome": "367500000"}, {"fiscalDateEnding": "2018-12-31", "reportedCurrency": "USD", "grossProfit": "612000000", "totalRevenue": "1411500000", "costOfRevenue": "799500000", "costofGoodsAndServicesSold": "799500000", "operatingIncome": "411500000", "sellingGeneralAndAdministrative": "200500000", "researchAndDevelopment": "0", "operatingExpenses": "200500000", "investmentIncomeNet": "None", "netInterestIncome": "None", "interestIncome": "None", "interestExpense": "6400000", "nonInterestIncome": "None", "otherNonOperatingIncome": "-59100000", "depreciation": "None", "depreciationAndAmortization": "20300000", "incomeBeforeTax": "346000000", "incomeTaxExpense": "86000000", "interestAndDebtExpense": "None", "netIncomeFromContinuingOperations": "260000000", "comprehensiveIncomeNetOfTax": "None", "ebit": "355500000", "ebitda": "375800000", "netIncome": "275900000"}, {"fiscalDateEnding": "2018-09-30", "reportedCurrency": "USD", "grossProfit": "692400000", "totalRevenue": "1527200000", "costOfRevenue": "834800000", "costofGoodsAndServicesSold": "834800000", "operatingIncome": "478700000", "sellingGeneralAndAdministrative": "213700000", "researchAndDevelopment": "0", "operatingExpenses": "213700000", "investmentIncomeNet": "None", "netInterestIncome": "None", "interestIncome": "None", "interestExpense": "5800000", "nonInterestIncome": "None", "otherNonOperatingIncome": "10400000", "depreciation": "None", "depreciationAndAmortization": "17700000", "incomeBeforeTax": "483300000", "incomeTaxExpense": "7000000", "interestAndDebtExpense": "None", "netIncomeFromContinuingOperations": "476300000", "comprehensiveIncomeNetOfTax": "None", "ebit": "438400000", "ebitda": "456100000", "netIncome": "502500000"}, {"fiscalDateEnding": "2018-06-30", "reportedCurrency": "USD", "grossProfit": "701300000", "totalRevenue": "1558600000", "costOfRevenue": "857300000", "costofGoodsAndServicesSold": "857300000", "operatingIncome": "503100000", "sellingGeneralAndAdministrative": "198200000", "researchAndDevelopment": "0", "operatingExpenses": "198200000", "investmentIncomeNet": "None", "netInterestIncome": "None", "interestIncome": "None", "interestExpense": "22100000", "nonInterestIncome": "None", "otherNonOperatingIncome": "-33800000", "depreciation": "None", "depreciationAndAmortization": "20400000", "incomeBeforeTax": "447200000", "incomeTaxExpense": "91800000", "interestAndDebtExpense": "None", "netIncomeFromContinuingOperations": "355400000", "comprehensiveIncomeNetOfTax": "None", "ebit": "413300000", "ebitda": "433700000", "netIncome": "402000000"}, {"fiscalDateEnding": "2018-03-31", "reportedCurrency": "USD", "grossProfit": "740800000", "totalRevenue": "1617800000", "costOfRevenue": "877000000", "costofGoodsAndServicesSold": "877000000", "operatingIncome": "555700000", "sellingGeneralAndAdministrative": "185100000", "researchAndDevelopment": "0", "operatingExpenses": "185100000", "investmentIncomeNet": "None", "netInterestIncome": "None", "interestIncome": "None", "interestExpense": "10000000", "nonInterestIncome": "None", "otherNonOperatingIncome": "87400000", "depreciation": "None", "depreciationAndAmortization": "17400000", "incomeBeforeTax": "633100000", "incomeTaxExpense": "150200000", "interestAndDebtExpense": "None", "netIncomeFromContinuingOperations": "482900000", "comprehensiveIncomeNetOfTax": "None", "ebit": "589400000", "ebitda": "606800000", "netIncome": "443200000"}, {"fiscalDateEnding": "2017-12-31", "reportedCurrency": "USD", "grossProfit": "754300000", "totalRevenue": "1615500000", "costOfRevenue": "861200000", "costofGoodsAndServicesSold": "861200000", "operatingIncome": "581100000", "sellingGeneralAndAdministrative": "173200000", "researchAndDevelopment": "0", "operatingExpenses": "173200000", "investmentIncomeNet": "None", "netInterestIncome": "None", "interestIncome": "None", "interestExpense": "10800000", "nonInterestIncome": "None", "otherNonOperatingIncome": "81300000", "depreciation": "None", "depreciationAndAmortization": "20900000", "incomeBeforeTax": "651600000", "incomeTaxExpense": "1223500000", "interestAndDebtExpense": "None", "netIncomeFromContinuingOperations": "-571900000", "comprehensiveIncomeNetOfTax": "None", "ebit": "591000000", "ebitda": "611900000", "netIncome": "-583300000"}, {"fiscalDateEnding": "2017-09-30", "reportedCurrency": "USD", "grossProfit": "745900000", "totalRevenue": "1616900000", "costOfRevenue": "871000000", "costofGoodsAndServicesSold": "871000000", "operatingIncome": "557700000", "sellingGeneralAndAdministrative": "188200000", "researchAndDevelopment": "0", "operatingExpenses": "188200000", "investmentIncomeNet": "None", "netInterestIncome": "None", "interestIncome": "None", "interestExpense": "12700000", "nonInterestIncome": "None", "otherNonOperatingIncome": "113400000", "depreciation": "None", "depreciationAndAmortization": "18000000", "incomeBeforeTax": "658400000", "incomeTaxExpense": "181900000", "interestAndDebtExpense": "None", "netIncomeFromContinuingOperations": "476500000", "comprehensiveIncomeNetOfTax": "None", "ebit": "611200000", "ebitda": "629200000", "netIncome": "425200000"}, {"fiscalDateEnding": "2017-06-30", "reportedCurrency": "USD", "grossProfit": "730000000", "totalRevenue": "1613900000", "costOfRevenue": "883900000", "costofGoodsAndServicesSold": "883900000", "operatingIncome": "564200000", "sellingGeneralAndAdministrative": "165800000", "researchAndDevelopment": "0", "operatingExpenses": "165800000", "investmentIncomeNet": "None", "netInterestIncome": "None", "interestIncome": "None", "interestExpense": "12900000", "nonInterestIncome": "None", "otherNonOperatingIncome": "92200000", "depreciation": "None", "depreciationAndAmortization": "21800000", "incomeBeforeTax": "643500000", "incomeTaxExpense": "184100000", "interestAndDebtExpense": "None", "netIncomeFromContinuingOperations": "459400000", "comprehensiveIncomeNetOfTax": "None", "ebit": "608800000", "ebitda": "630600000", "netIncome": "410600000"}, {"fiscalDateEnding": "2017-03-31", "reportedCurrency": "USD", "grossProfit": "722700000", "totalRevenue": "1600600000", "costOfRevenue": "877900000", "costofGoodsAndServicesSold": "877900000", "operatingIncome": "555500000", "sellingGeneralAndAdministrative": "166900000", "researchAndDevelopment": "0", "operatingExpenses": "166900000", "investmentIncomeNet": "None", "netInterestIncome": "None", "interestIncome": "None", "interestExpense": "12600000", "nonInterestIncome": "None", "otherNonOperatingIncome": "84600000", "depreciation": "None", "depreciationAndAmortization": "20600000", "incomeBeforeTax": "627500000", "incomeTaxExpense": "192500000", "interestAndDebtExpense": "None", "netIncomeFromContinuingOperations": "435000000", "comprehensiveIncomeNetOfTax": "None", "ebit": "580000000", "ebitda": "600600000", "netIncome": "420700000"}, {"fiscalDateEnding": "2016-12-31", "reportedCurrency": "USD", "grossProfit": "729300000", "totalRevenue": "1560800000", "costOfRevenue": "831500000", "costofGoodsAndServicesSold": "831500000", "operatingIncome": "586900000", "sellingGeneralAndAdministrative": "142400000", "researchAndDevelopment": "0", "operatingExpenses": "142400000", "investmentIncomeNet": "None", "netInterestIncome": "None", "interestIncome": "None", "interestExpense": "13300000", "nonInterestIncome": "None", "otherNonOperatingIncome": "46100000", "depreciation": "None", "depreciationAndAmortization": "19900000", "incomeBeforeTax": "619700000", "incomeTaxExpense": "200900000", "interestAndDebtExpense": "None", "netIncomeFromContinuingOperations": "418800000", "comprehensiveIncomeNetOfTax": "None", "ebit": "533400000", "ebitda": "553300000", "netIncome": "440200000"}, {"fiscalDateEnding": "2016-09-30", "reportedCurrency": "USD", "grossProfit": "758400000", "totalRevenue": "1611800000", "costOfRevenue": "853400000", "costofGoodsAndServicesSold": "853400000", "operatingIncome": "579400000", "sellingGeneralAndAdministrative": "179000000", "researchAndDevelopment": "0", "operatingExpenses": "179000000", "investmentIncomeNet": "None", "netInterestIncome": "None", "interestIncome": "None", "interestExpense": "13400000", "nonInterestIncome": "None", "otherNonOperatingIncome": "70300000", "depreciation": "None", "depreciationAndAmortization": "21300000", "incomeBeforeTax": "636300000", "incomeTaxExpense": "163300000", "interestAndDebtExpense": "None", "netIncomeFromContinuingOperations": "473000000", "comprehensiveIncomeNetOfTax": "None", "ebit": "572000000", "ebitda": "593300000", "netIncome": "472100000"}, {"fiscalDateEnding": "2016-06-30", "reportedCurrency": "USD", "grossProfit": "754000000", "totalRevenue": "1634300000", "costOfRevenue": "880300000", "costofGoodsAndServicesSold": "880300000", "operatingIncome": "595400000", "sellingGeneralAndAdministrative": "158600000", "researchAndDevelopment": "0", "operatingExpenses": "158600000", "investmentIncomeNet": "None", "netInterestIncome": "None", "interestIncome": "None", "interestExpense": "12300000", "nonInterestIncome": "None", "otherNonOperatingIncome": "65800000", "depreciation": "None", "depreciationAndAmortization": "19400000", "incomeBeforeTax": "648900000", "incomeTaxExpense": "187400000", "interestAndDebtExpense": "None", "netIncomeFromContinuingOperations": "461500000", "comprehensiveIncomeNetOfTax": "None", "ebit": "608700000", "ebitda": "628100000", "netIncome": "446400000"}, {"fiscalDateEnding": "2016-03-31", "reportedCurrency": "USD", "grossProfit": "707900000", "totalRevenue": "1613900000", "costOfRevenue": "906000000", "costofGoodsAndServicesSold": "906000000", "operatingIncome": "537300000", "sellingGeneralAndAdministrative": "170600000", "researchAndDevelopment": "0", "operatingExpenses": "170600000", "investmentIncomeNet": "None", "netInterestIncome": "None", "interestIncome": "None", "interestExpense": "12200000", "nonInterestIncome": "None", "otherNonOperatingIncome": "17400000", "depreciation": "None", "depreciationAndAmortization": "23800000", "incomeBeforeTax": "542500000", "incomeTaxExpense": "181700000", "interestAndDebtExpense": "None", "netIncomeFromContinuingOperations": "360800000", "comprehensiveIncomeNetOfTax": "None", "ebit": "531400000", "ebitda": "555200000", "netIncome": "360400000"}, {"fiscalDateEnding": "2015-12-31", "reportedCurrency": "USD", "grossProfit": "826900000", "totalRevenue": "1758000000", "costOfRevenue": "931100000", "costofGoodsAndServicesSold": "931100000", "operatingIncome": "653600000", "sellingGeneralAndAdministrative": "173300000", "researchAndDevelopment": "0", "operatingExpenses": "173300000", "investmentIncomeNet": "None", "netInterestIncome": "None", "interestIncome": "None", "interestExpense": "12000000", "nonInterestIncome": "None", "otherNonOperatingIncome": "30500000", "depreciation": "None", "depreciationAndAmortization": "22600000", "incomeBeforeTax": "672100000", "incomeTaxExpense": "209700000", "interestAndDebtExpense": "None", "netIncomeFromContinuingOperations": "462400000", "comprehensiveIncomeNetOfTax": "None", "ebit": "684100000", "ebitda": "706700000", "netIncome": "447800000"}, {"fiscalDateEnding": "2015-09-30", "reportedCurrency": "USD", "grossProfit": "910700000", "totalRevenue": "1873800000", "costOfRevenue": "963100000", "costofGoodsAndServicesSold": "963100000", "operatingIncome": "718100000", "sellingGeneralAndAdministrative": "192600000", "researchAndDevelopment": "0", "operatingExpenses": "192600000", "investmentIncomeNet": "None", "netInterestIncome": "None", "interestIncome": "None", "interestExpense": "12900000", "nonInterestIncome": "None", "otherNonOperatingIncome": "-109500000", "depreciation": "None", "depreciationAndAmortization": "24800000", "incomeBeforeTax": "595700000", "incomeTaxExpense": "214200000", "interestAndDebtExpense": "None", "netIncomeFromContinuingOperations": "381500000", "comprehensiveIncomeNetOfTax": "None", "ebit": "693300000", "ebitda": "718100000", "netIncome": "358200000"}, {"fiscalDateEnding": "2015-06-30", "reportedCurrency": "USD", "grossProfit": "943300000", "totalRevenue": "2000800000", "costOfRevenue": "1057500000", "costofGoodsAndServicesSold": "1057500000", "operatingIncome": "769800000", "sellingGeneralAndAdministrative": "173500000", "researchAndDevelopment": "0", "operatingExpenses": "173500000", "investmentIncomeNet": "None", "netInterestIncome": "None", "interestIncome": "None", "interestExpense": "13700000", "nonInterestIncome": "None", "otherNonOperatingIncome": "-4700000", "depreciation": "None", "depreciationAndAmortization": "23200000", "incomeBeforeTax": "751400000", "incomeTaxExpense": "217400000", "interestAndDebtExpense": "None", "netIncomeFromContinuingOperations": "534000000", "comprehensiveIncomeNetOfTax": "None", "ebit": "765100000", "ebitda": "788300000", "netIncome": "504200000"}, {"fiscalDateEnding": "2015-03-31", "reportedCurrency": "USD", "grossProfit": "921800000", "totalRevenue": "2009800000", "costOfRevenue": "1088000000", "costofGoodsAndServicesSold": "1088000000", "operatingIncome": "757700000", "sellingGeneralAndAdministrative": "164100000", "researchAndDevelopment": "0", "operatingExpenses": "164100000", "investmentIncomeNet": "None", "netInterestIncome": "None", "interestIncome": "None", "interestExpense": "1700000", "nonInterestIncome": "None", "otherNonOperatingIncome": "102900000", "depreciation": "None", "depreciationAndAmortization": "24500000", "incomeBeforeTax": "858900000", "incomeTaxExpense": "236000000", "interestAndDebtExpense": "None", "netIncomeFromContinuingOperations": "622900000", "comprehensiveIncomeNetOfTax": "None", "ebit": "764000000", "ebitda": "788500000", "netIncome": "606500000"}, {"fiscalDateEnding": "2014-12-31", "reportedCurrency": "USD", "grossProfit": "957300000", "totalRevenue": "2064300000", "costOfRevenue": "1107000000", "costofGoodsAndServicesSold": "1107000000", "operatingIncome": "782000000", "sellingGeneralAndAdministrative": "175300000", "researchAndDevelopment": "0", "operatingExpenses": "175300000", "investmentIncomeNet": "None", "netInterestIncome": "None", "interestIncome": "None", "interestExpense": "11300000", "nonInterestIncome": "None", "otherNonOperatingIncome": "51700000", "depreciation": "None", "depreciationAndAmortization": "24900000", "incomeBeforeTax": "822400000", "incomeTaxExpense": "256100000", "interestAndDebtExpense": "None", "netIncomeFromContinuingOperations": "566300000", "comprehensiveIncomeNetOfTax": "None", "ebit": "833700000", "ebitda": "858600000", "netIncome": "566400000"}, {"fiscalDateEnding": "2014-09-30", "reportedCurrency": "USD", "grossProfit": "1033700000", "totalRevenue": "2155500000", "costOfRevenue": "1121800000", "costofGoodsAndServicesSold": "1121800000", "operatingIncome": "835300000", "sellingGeneralAndAdministrative": "198400000", "researchAndDevelopment": "0", "operatingExpenses": "198400000", "investmentIncomeNet": "None", "netInterestIncome": "None", "interestIncome": "None", "interestExpense": "12500000", "nonInterestIncome": "None", "otherNonOperatingIncome": "63000000", "depreciation": "None", "depreciationAndAmortization": "21700000", "incomeBeforeTax": "885800000", "incomeTaxExpense": "255000000", "interestAndDebtExpense": "None", "netIncomeFromContinuingOperations": "630800000", "comprehensiveIncomeNetOfTax": "None", "ebit": "813600000", "ebitda": "835300000", "netIncome": "640600000"}, {"fiscalDateEnding": "2014-06-30", "reportedCurrency": "USD", "grossProfit": "960500000", "totalRevenue": "2130500000", "costOfRevenue": "1170000000", "costofGoodsAndServicesSold": "1170000000", "operatingIncome": "786800000", "sellingGeneralAndAdministrative": "173700000", "researchAndDevelopment": "0", "operatingExpenses": "173700000", "investmentIncomeNet": "None", "netInterestIncome": "None", "interestIncome": "None", "interestExpense": "10900000", "nonInterestIncome": "None", "otherNonOperatingIncome": "107600000", "depreciation": "None", "depreciationAndAmortization": "22100000", "incomeBeforeTax": "883500000", "incomeTaxExpense": "251400000", "interestAndDebtExpense": "None", "netIncomeFromContinuingOperations": "632100000", "comprehensiveIncomeNetOfTax": "None", "ebit": "822300000", "ebitda": "844400000", "netIncome": "578900000"}, {"fiscalDateEnding": "2014-03-31", "reportedCurrency": "USD", "grossProfit": "957300000", "totalRevenue": "2095900000", "costOfRevenue": "1138600000", "costofGoodsAndServicesSold": "1138600000", "operatingIncome": "786000000", "sellingGeneralAndAdministrative": "171300000", "researchAndDevelopment": "0", "operatingExpenses": "171300000", "investmentIncomeNet": "None", "netInterestIncome": "None", "interestIncome": "None", "interestExpense": "11400000", "nonInterestIncome": "None", "otherNonOperatingIncome": "17000000", "depreciation": "None", "depreciationAndAmortization": "25700000", "incomeBeforeTax": "791600000", "incomeTaxExpense": "238800000", "interestAndDebtExpense": "None", "netIncomeFromContinuingOperations": "552800000", "comprehensiveIncomeNetOfTax": "None", "ebit": "803000000", "ebitda": "828700000", "netIncome": "561000000"}, {"fiscalDateEnding": "2013-12-31", "reportedCurrency": "USD", "grossProfit": "983800000", "totalRevenue": "2109500000", "costOfRevenue": "1125700000", "costofGoodsAndServicesSold": "1125700000", "operatingIncome": "813100000", "sellingGeneralAndAdministrative": "170700000", "researchAndDevelopment": "0", "operatingExpenses": "170700000", "investmentIncomeNet": "None", "netInterestIncome": "None", "interestIncome": "None", "interestExpense": "12600000", "nonInterestIncome": "None", "otherNonOperatingIncome": "48200000", "depreciation": "None", "depreciationAndAmortization": "25100000", "incomeBeforeTax": "848700000", "incomeTaxExpense": "252700000", "interestAndDebtExpense": "None", "netIncomeFromContinuingOperations": "596000000", "comprehensiveIncomeNetOfTax": "None", "ebit": "861300000", "ebitda": "886400000", "netIncome": "603800000"}, {"fiscalDateEnding": "2013-09-30", "reportedCurrency": "USD", "grossProfit": "918400000", "totalRevenue": "1984800000", "costOfRevenue": "1066400000", "costofGoodsAndServicesSold": "1066400000", "operatingIncome": "735100000", "sellingGeneralAndAdministrative": "183300000", "researchAndDevelopment": "0", "operatingExpenses": "183300000", "investmentIncomeNet": "None", "netInterestIncome": "None", "interestIncome": "None", "interestExpense": "11500000", "nonInterestIncome": "None", "otherNonOperatingIncome": "-100000", "depreciation": "None", "depreciationAndAmortization": "23000000", "incomeBeforeTax": "723500000", "incomeTaxExpense": "213000000", "interestAndDebtExpense": "None", "netIncomeFromContinuingOperations": "510500000", "comprehensiveIncomeNetOfTax": "None", "ebit": "735000000", "ebitda": "758000000", "netIncome": "509000000"}, {"fiscalDateEnding": "2013-06-30", "reportedCurrency": "USD", "grossProfit": "926500000", "totalRevenue": "2084800000", "costOfRevenue": "1158300000", "costofGoodsAndServicesSold": "1158300000", "operatingIncome": "771700000", "sellingGeneralAndAdministrative": "154800000", "researchAndDevelopment": "0", "operatingExpenses": "154800000", "investmentIncomeNet": "None", "netInterestIncome": "None", "interestIncome": "None", "interestExpense": "10000000", "nonInterestIncome": "None", "otherNonOperatingIncome": "10300000", "depreciation": "None", "depreciationAndAmortization": "-44100000", "incomeBeforeTax": "772000000", "incomeTaxExpense": "209900000", "interestAndDebtExpense": "None", "netIncomeFromContinuingOperations": "562100000", "comprehensiveIncomeNetOfTax": "None", "ebit": "849800000", "ebitda": "805700000", "netIncome": "552300000"}, {"fiscalDateEnding": "2013-03-31", "reportedCurrency": "USD", "grossProfit": "877700000", "totalRevenue": "2013600000", "costOfRevenue": "1135900000", "costofGoodsAndServicesSold": "1135900000", "operatingIncome": "729400000", "sellingGeneralAndAdministrative": "148300000", "researchAndDevelopment": "0", "operatingExpenses": "148300000", "investmentIncomeNet": "None", "netInterestIncome": "None", "interestIncome": "None", "interestExpense": "10900000", "nonInterestIncome": "None", "otherNonOperatingIncome": "96500000", "depreciation": "None", "depreciationAndAmortization": "60700000", "incomeBeforeTax": "815000000", "incomeTaxExpense": "221600000", "interestAndDebtExpense": "None", "netIncomeFromContinuingOperations": "593400000", "comprehensiveIncomeNetOfTax": "None", "ebit": "791000000", "ebitda": "851700000", "netIncome": "572800000"}, {"fiscalDateEnding": "2012-12-31", "reportedCurrency": "USD", "grossProfit": "835800000", "totalRevenue": "1901800000", "costOfRevenue": "1066000000", "costofGoodsAndServicesSold": "1066000000", "operatingIncome": "685100000", "sellingGeneralAndAdministrative": "150700000", "researchAndDevelopment": "0", "operatingExpenses": "150700000", "investmentIncomeNet": "None", "netInterestIncome": "None", "interestIncome": "None", "interestExpense": "14500000", "nonInterestIncome": "None", "otherNonOperatingIncome": "45500000", "depreciation": "None", "depreciationAndAmortization": "53900000", "incomeBeforeTax": "716100000", "incomeTaxExpense": "211400000", "interestAndDebtExpense": "None", "netIncomeFromContinuingOperations": "504700000", "comprehensiveIncomeNetOfTax": "None", "ebit": "631200000", "ebitda": "685100000", "netIncome": "516100000"}, {"fiscalDateEnding": "2012-09-30", "reportedCurrency": "USD", "grossProfit": "1114600000", "totalRevenue": "1816200000", "costOfRevenue": "701600000", "costofGoodsAndServicesSold": "701600000", "operatingIncome": "622700000", "sellingGeneralAndAdministrative": "403100000", "researchAndDevelopment": "54100000", "operatingExpenses": "457200000", "investmentIncomeNet": "None", "netInterestIncome": "None", "interestIncome": "None", "interestExpense": "8413000", "nonInterestIncome": "None", "otherNonOperatingIncome": "64088000", "depreciation": "None", "depreciationAndAmortization": "49520000", "incomeBeforeTax": "678400000", "incomeTaxExpense": "174400000", "interestAndDebtExpense": "None", "netIncomeFromContinuingOperations": "504038000", "comprehensiveIncomeNetOfTax": "None", "ebit": "686829000", "ebitda": "736349000", "netIncome": "492100000"}, {"fiscalDateEnding": "2012-06-30", "reportedCurrency": "USD", "grossProfit": "1091546000", "totalRevenue": "1783584000", "costOfRevenue": "692038000", "costofGoodsAndServicesSold": "692038000", "operatingIncome": "642922000", "sellingGeneralAndAdministrative": "373101000", "researchAndDevelopment": "44079000", "operatingExpenses": "417180000", "investmentIncomeNet": "None", "netInterestIncome": "None", "interestIncome": "None", "interestExpense": "10100000", "nonInterestIncome": "None", "otherNonOperatingIncome": "-17975000", "depreciation": "None", "depreciationAndAmortization": "54130000", "incomeBeforeTax": "614858000", "incomeTaxExpense": "184906000", "interestAndDebtExpense": "None", "netIncomeFromContinuingOperations": "429952000", "comprehensiveIncomeNetOfTax": "None", "ebit": "570870000", "ebitda": "625000000", "netIncome": "455267000"}, {"fiscalDateEnding": "2012-03-31", "reportedCurrency": "USD", "grossProfit": "1083906000", "totalRevenue": "1799349000", "costOfRevenue": "715443000", "costofGoodsAndServicesSold": "715443000", "operatingIncome": "617157000", "sellingGeneralAndAdministrative": "423457000", "researchAndDevelopment": "43292000", "operatingExpenses": "466749000", "investmentIncomeNet": "None", "netInterestIncome": "None", "interestIncome": "None", "interestExpense": "9600000", "nonInterestIncome": "None", "otherNonOperatingIncome": "82411000", "depreciation": "None", "depreciationAndAmortization": "55726000", "incomeBeforeTax": "689935000", "incomeTaxExpense": "202151000", "interestAndDebtExpense": "None", "netIncomeFromContinuingOperations": "487784000", "comprehensiveIncomeNetOfTax": "None", "ebit": "653937000", "ebitda": "709663000", "netIncome": "503219000"}, {"fiscalDateEnding": "2011-12-31", "reportedCurrency": "USD", "grossProfit": "1071258000", "totalRevenue": "1701876000", "costOfRevenue": "630618000", "costofGoodsAndServicesSold": "630618000", "operatingIncome": "632380000", "sellingGeneralAndAdministrative": "397444000", "researchAndDevelopment": "41434000", "operatingExpenses": "438878000", "investmentIncomeNet": "None", "netInterestIncome": "None", "interestIncome": "None", "interestExpense": "8600000", "nonInterestIncome": "None", "otherNonOperatingIncome": "71176000", "depreciation": "None", "depreciationAndAmortization": "52624000", "incomeBeforeTax": "694991000", "incomeTaxExpense": "201265000", "interestAndDebtExpense": "None", "netIncomeFromContinuingOperations": "493726000", "comprehensiveIncomeNetOfTax": "None", "ebit": "703576000", "ebitda": "756200000", "netIncome": "480785000"}, {"fiscalDateEnding": "2011-09-30", "reportedCurrency": "USD", "grossProfit": "1167715000", "totalRevenue": "1837130000", "costOfRevenue": "669415000", "costofGoodsAndServicesSold": "669415000", "operatingIncome": "688414000", "sellingGeneralAndAdministrative": "524956000", "researchAndDevelopment": "50028000", "operatingExpenses": "479301000", "investmentIncomeNet": "None", "netInterestIncome": "None", "interestIncome": "None", "interestExpense": "15194000", "nonInterestIncome": "None", "otherNonOperatingIncome": "-116473000", "depreciation": "None", "depreciationAndAmortization": "61809000", "incomeBeforeTax": "560820000", "incomeTaxExpense": "203926000", "interestAndDebtExpense": "None", "netIncomeFromContinuingOperations": "356894000", "comprehensiveIncomeNetOfTax": "None", "ebit": "545626000", "ebitda": "607435000", "netIncome": "415976000"}, {"fiscalDateEnding": "2011-06-30", "reportedCurrency": "USD", "grossProfit": "1133722000", "totalRevenue": "1853033000", "costOfRevenue": "719311000", "costofGoodsAndServicesSold": "719311000", "operatingIncome": "682697000", "sellingGeneralAndAdministrative": "377647000", "researchAndDevelopment": "41266000", "operatingExpenses": "451025000", "investmentIncomeNet": "None", "netInterestIncome": "None", "interestIncome": "None", "interestExpense": "10056000", "nonInterestIncome": "None", "otherNonOperatingIncome": "14503000", "depreciation": "None", "depreciationAndAmortization": "58138000", "incomeBeforeTax": "687144000", "incomeTaxExpense": "208944000", "interestAndDebtExpense": "None", "netIncomeFromContinuingOperations": "478200000", "comprehensiveIncomeNetOfTax": "None", "ebit": "697200000", "ebitda": "755338000", "netIncome": "503347000"}, {"fiscalDateEnding": "2011-03-31", "reportedCurrency": "USD", "grossProfit": "1072628000", "totalRevenue": "1749563000", "costOfRevenue": "676935000", "costofGoodsAndServicesSold": "676935000", "operatingIncome": "629482000", "sellingGeneralAndAdministrative": "368966000", "researchAndDevelopment": "41477000", "operatingExpenses": "1087378000", "investmentIncomeNet": "None", "netInterestIncome": "None", "interestIncome": "None", "interestExpense": "8364000", "nonInterestIncome": "None", "otherNonOperatingIncome": "57451000", "depreciation": "None", "depreciationAndAmortization": "61149000", "incomeBeforeTax": "678569000", "incomeTaxExpense": "183004000", "interestAndDebtExpense": "None", "netIncomeFromContinuingOperations": "495565000", "comprehensiveIncomeNetOfTax": "None", "ebit": "686933000", "ebitda": "748082000", "netIncome": "503100000"}, {"fiscalDateEnding": "2010-12-31", "reportedCurrency": "USD", "grossProfit": "1053160000", "totalRevenue": "1700313000", "costOfRevenue": "647153000", "costofGoodsAndServicesSold": "647153000", "operatingIncome": "659234000", "sellingGeneralAndAdministrative": "322691000", "researchAndDevelopment": "40367000", "operatingExpenses": "1010211000", "investmentIncomeNet": "None", "netInterestIncome": "None", "interestIncome": "None", "interestExpense": "7895000", "nonInterestIncome": "None", "otherNonOperatingIncome": "46328000", "depreciation": "None", "depreciationAndAmortization": "62478000", "incomeBeforeTax": "697667000", "incomeTaxExpense": "207550000", "interestAndDebtExpense": "None", "netIncomeFromContinuingOperations": "490117000", "comprehensiveIncomeNetOfTax": "None", "ebit": "705562000", "ebitda": "768040000", "netIncome": "501157000"}, {"fiscalDateEnding": "2010-09-30", "reportedCurrency": "USD", "grossProfit": "998596000", "totalRevenue": "1528404000", "costOfRevenue": "529808000", "costofGoodsAndServicesSold": "529808000", "operatingIncome": "509004000", "sellingGeneralAndAdministrative": "356628000", "researchAndDevelopment": "0", "operatingExpenses": "489592000", "investmentIncomeNet": "None", "netInterestIncome": "None", "interestIncome": "None", "interestExpense": "9992000", "nonInterestIncome": "None", "otherNonOperatingIncome": "53359000", "depreciation": "None", "depreciationAndAmortization": "66641000", "incomeBeforeTax": "552371000", "incomeTaxExpense": "176517000", "interestAndDebtExpense": "None", "netIncomeFromContinuingOperations": "375854000", "comprehensiveIncomeNetOfTax": "None", "ebit": "562363000", "ebitda": "629004000", "netIncome": "372906000"}, {"fiscalDateEnding": "2010-06-30", "reportedCurrency": "USD", "grossProfit": "1014464000", "totalRevenue": "1534071000", "costOfRevenue": "519607000", "costofGoodsAndServicesSold": "519607000", "operatingIncome": "521564000", "sellingGeneralAndAdministrative": "356351000", "researchAndDevelopment": "0", "operatingExpenses": "1012507000", "investmentIncomeNet": "None", "netInterestIncome": "None", "interestIncome": "None", "interestExpense": "9672000", "nonInterestIncome": "None", "otherNonOperatingIncome": "-21932000", "depreciation": "None", "depreciationAndAmortization": "69610000", "incomeBeforeTax": "494796000", "incomeTaxExpense": "135113000", "interestAndDebtExpense": "None", "netIncomeFromContinuingOperations": "359683000", "comprehensiveIncomeNetOfTax": "None", "ebit": "504468000", "ebitda": "574078000", "netIncome": "360495000"}, {"fiscalDateEnding": "2010-03-31", "reportedCurrency": "USD", "grossProfit": "926090000", "totalRevenue": "1413113000", "costOfRevenue": "487023000", "costofGoodsAndServicesSold": "487023000", "operatingIncome": "461135000", "sellingGeneralAndAdministrative": "340649000", "researchAndDevelopment": "0", "operatingExpenses": "951978000", "investmentIncomeNet": "None", "netInterestIncome": "None", "interestIncome": "None", "interestExpense": "936000", "nonInterestIncome": "None", "otherNonOperatingIncome": "48157000", "depreciation": "None", "depreciationAndAmortization": "65193000", "incomeBeforeTax": "508356000", "incomeTaxExpense": "149946000", "interestAndDebtExpense": "None", "netIncomeFromContinuingOperations": "358410000", "comprehensiveIncomeNetOfTax": "None", "ebit": "509292000", "ebitda": "574485000", "netIncome": "356685000"}, {"fiscalDateEnding": "2009-12-31", "reportedCurrency": "USD", "grossProfit": "910384000", "totalRevenue": "1377411000", "costOfRevenue": "467027000", "costofGoodsAndServicesSold": "467027000", "operatingIncome": "466977000", "sellingGeneralAndAdministrative": "789949000", "researchAndDevelopment": "0", "operatingExpenses": "910434000", "investmentIncomeNet": "None", "netInterestIncome": "None", "interestIncome": "None", "interestExpense": "742000", "nonInterestIncome": "None", "otherNonOperatingIncome": "48050000", "depreciation": "None", "depreciationAndAmortization": "66001000", "incomeBeforeTax": "514285000", "incomeTaxExpense": "156736000", "interestAndDebtExpense": "None", "netIncomeFromContinuingOperations": "357549000", "comprehensiveIncomeNetOfTax": "None", "ebit": "400976000", "ebitda": "466977000", "netIncome": "355603000"}, {"fiscalDateEnding": "2009-09-30", "reportedCurrency": "USD", "grossProfit": "820643000", "totalRevenue": "1238927000", "costOfRevenue": "418284000", "costofGoodsAndServicesSold": "418284000", "operatingIncome": "384722000", "sellingGeneralAndAdministrative": "318772000", "researchAndDevelopment": "0", "operatingExpenses": "435921000", "investmentIncomeNet": "None", "netInterestIncome": "None", "interestIncome": "None", "interestExpense": "268000", "nonInterestIncome": "None", "otherNonOperatingIncome": "None", "depreciation": "None", "depreciationAndAmortization": "51275000", "incomeBeforeTax": "503536000", "incomeTaxExpense": "136180000", "interestAndDebtExpense": "None", "netIncomeFromContinuingOperations": "0", "comprehensiveIncomeNetOfTax": "None", "ebit": "503804000", "ebitda": "555079000", "netIncome": "367356000"}, {"fiscalDateEnding": "2009-06-30", "reportedCurrency": "USD", "grossProfit": "722883000", "totalRevenue": "1073558000", "costOfRevenue": "350675000", "costofGoodsAndServicesSold": "350675000", "operatingIncome": "326186000", "sellingGeneralAndAdministrative": "649821000", "researchAndDevelopment": "0", "operatingExpenses": "747372000", "investmentIncomeNet": "None", "netInterestIncome": "None", "interestIncome": "None", "interestExpense": "211000", "nonInterestIncome": "None", "otherNonOperatingIncome": "87945000", "depreciation": "None", "depreciationAndAmortization": "40854000", "incomeBeforeTax": "413920000", "incomeTaxExpense": "116204000", "interestAndDebtExpense": "None", "netIncomeFromContinuingOperations": "297716000", "comprehensiveIncomeNetOfTax": "None", "ebit": "285332000", "ebitda": "326186000", "netIncome": "297716000"}, {"fiscalDateEnding": "2009-03-31", "reportedCurrency": "USD", "grossProfit": "618738000", "totalRevenue": "912272000", "costOfRevenue": "293534000", "costofGoodsAndServicesSold": "293534000", "operatingIncome": "223322000", "sellingGeneralAndAdministrative": "302130000", "researchAndDevelopment": "0", "operatingExpenses": "395416000", "investmentIncomeNet": "None", "netInterestIncome": "None", "interestIncome": "None", "interestExpense": "2092000", "nonInterestIncome": "None", "otherNonOperatingIncome": "None", "depreciation": "None", "depreciationAndAmortization": "42463000", "incomeBeforeTax": "177965000", "incomeTaxExpense": "67159000", "interestAndDebtExpense": "None", "netIncomeFromContinuingOperations": "0", "comprehensiveIncomeNetOfTax": "None", "ebit": "223322000", "ebitda": "265785000", "netIncome": "110806000"}, {"fiscalDateEnding": "2008-12-31", "reportedCurrency": "USD", "grossProfit": "679831200", "totalRevenue": "969360200", "costOfRevenue": "289529000", "costofGoodsAndServicesSold": "289529000", "operatingIncome": "268364000", "sellingGeneralAndAdministrative": "312661000", "researchAndDevelopment": "0", "operatingExpenses": "700966000", "investmentIncomeNet": "None", "netInterestIncome": "None", "interestIncome": "None", "interestExpense": "1200000", "nonInterestIncome": "None", "otherNonOperatingIncome": "None", "depreciation": "None", "depreciationAndAmortization": "46680000", "incomeBeforeTax": "185671000", "incomeTaxExpense": "64771000", "interestAndDebtExpense": "None", "netIncomeFromContinuingOperations": "0", "comprehensiveIncomeNetOfTax": "None", "ebit": "175900000", "ebitda": "222580000", "netIncome": "120900000"}, {"fiscalDateEnding": "2008-09-30", "reportedCurrency": "USD", "grossProfit": "914928000", "totalRevenue": "1321454000", "costOfRevenue": "406526000", "costofGoodsAndServicesSold": "406526000", "operatingIncome": "411971000", "sellingGeneralAndAdministrative": "357129000", "researchAndDevelopment": "0", "operatingExpenses": "502957000", "investmentIncomeNet": "None", "netInterestIncome": "None", "interestIncome": "None", "interestExpense": "478000", "nonInterestIncome": "None", "otherNonOperatingIncome": "None", "depreciation": "None", "depreciationAndAmortization": "58405000", "incomeBeforeTax": "453749000", "incomeTaxExpense": "153260000", "interestAndDebtExpense": "None", "netIncomeFromContinuingOperations": "0", "comprehensiveIncomeNetOfTax": "None", "ebit": "393617000", "ebitda": "452022000", "netIncome": "300489000"}, {"fiscalDateEnding": "2008-06-30", "reportedCurrency": "USD", "grossProfit": "1029264000", "totalRevenue": "1521649000", "costOfRevenue": "492385000", "costofGoodsAndServicesSold": "492385000", "operatingIncome": "532215000", "sellingGeneralAndAdministrative": "364128000", "researchAndDevelopment": "0", "operatingExpenses": "497049000", "investmentIncomeNet": "None", "netInterestIncome": "None", "interestIncome": "None", "interestExpense": "3287000", "nonInterestIncome": "None", "otherNonOperatingIncome": "None", "depreciation": "None", "depreciationAndAmortization": "51709000", "incomeBeforeTax": "553892000", "incomeTaxExpense": "150580000", "interestAndDebtExpense": "None", "netIncomeFromContinuingOperations": "0", "comprehensiveIncomeNetOfTax": "None", "ebit": "557179000", "ebitda": "608888000", "netIncome": "403312000"}, {"fiscalDateEnding": "2008-03-31", "reportedCurrency": "USD", "grossProfit": "1503692000", "totalRevenue": "1503692000", "costOfRevenue": "980658000", "costofGoodsAndServicesSold": "980658000", "operatingIncome": "519087000", "sellingGeneralAndAdministrative": "0", "researchAndDevelopment": "0", "operatingExpenses": "498993000", "investmentIncomeNet": "None", "netInterestIncome": "None", "interestIncome": "None", "interestExpense": "5948000", "nonInterestIncome": "None", "otherNonOperatingIncome": "None", "depreciation": "None", "depreciationAndAmortization": "52824000", "incomeBeforeTax": "519468000", "incomeTaxExpense": "153372000", "interestAndDebtExpense": "None", "netIncomeFromContinuingOperations": "0", "comprehensiveIncomeNetOfTax": "None", "ebit": "525416000", "ebitda": "578240000", "netIncome": "366096000"}, {"fiscalDateEnding": "2007-12-31", "reportedCurrency": "USD", "grossProfit": "1685591000", "totalRevenue": "1685591000", "costOfRevenue": "1047834000", "costofGoodsAndServicesSold": "1047834000", "operatingIncome": "635729000", "sellingGeneralAndAdministrative": "0", "researchAndDevelopment": "79617000", "operatingExpenses": "497272000", "investmentIncomeNet": "None", "netInterestIncome": "None", "interestIncome": "None", "interestExpense": "6045000", "nonInterestIncome": "None", "otherNonOperatingIncome": "None", "depreciation": "None", "depreciationAndAmortization": "52284000", "incomeBeforeTax": "709480000", "incomeTaxExpense": "191164000", "interestAndDebtExpense": "None", "netIncomeFromContinuingOperations": "0", "comprehensiveIncomeNetOfTax": "None", "ebit": "715525000", "ebitda": "767809000", "netIncome": "518316000"}, {"fiscalDateEnding": "2007-09-30", "reportedCurrency": "USD", "grossProfit": "1629137000", "totalRevenue": "1629137000", "costOfRevenue": "1092181000", "costofGoodsAndServicesSold": "1092181000", "operatingIncome": "541388000", "sellingGeneralAndAdministrative": "0", "researchAndDevelopment": "89187000", "operatingExpenses": "535020000", "investmentIncomeNet": "None", "netInterestIncome": "None", "interestIncome": "None", "interestExpense": "10004000", "nonInterestIncome": "None", "otherNonOperatingIncome": "None", "depreciation": "None", "depreciationAndAmortization": "31261000", "incomeBeforeTax": "619732000", "incomeTaxExpense": "182824000", "interestAndDebtExpense": "None", "netIncomeFromContinuingOperations": "0", "comprehensiveIncomeNetOfTax": "None", "ebit": "1099772000", "ebitda": "1131033000", "netIncome": "436908000"}, {"fiscalDateEnding": "2007-06-30", "reportedCurrency": "USD", "grossProfit": "1639811000", "totalRevenue": "1639811000", "costOfRevenue": "1112027000", "costofGoodsAndServicesSold": "1112027000", "operatingIncome": "519006000", "sellingGeneralAndAdministrative": "0", "researchAndDevelopment": "79735000", "operatingExpenses": "524900000", "investmentIncomeNet": "None", "netInterestIncome": "None", "interestIncome": "None", "interestExpense": "6137000", "nonInterestIncome": "None", "otherNonOperatingIncome": "None", "depreciation": "None", "depreciationAndAmortization": "58559000", "incomeBeforeTax": "634521000", "incomeTaxExpense": "166157000", "interestAndDebtExpense": "None", "netIncomeFromContinuingOperations": "0", "comprehensiveIncomeNetOfTax": "None", "ebit": "640658000", "ebitda": "699217000", "netIncome": "468364000"}, {"fiscalDateEnding": "2007-03-31", "reportedCurrency": "USD", "grossProfit": "1509006000", "totalRevenue": "1509006000", "costOfRevenue": "1013755000", "costofGoodsAndServicesSold": "1013755000", "operatingIncome": "499083000", "sellingGeneralAndAdministrative": "0", "researchAndDevelopment": "73953000", "operatingExpenses": "475977000", "investmentIncomeNet": "None", "netInterestIncome": "None", "interestIncome": "None", "interestExpense": "5990000", "nonInterestIncome": "None", "otherNonOperatingIncome": "None", "depreciation": "None", "depreciationAndAmortization": "56260000", "incomeBeforeTax": "607705000", "incomeTaxExpense": "166839000", "interestAndDebtExpense": "None", "netIncomeFromContinuingOperations": "0", "comprehensiveIncomeNetOfTax": "None", "ebit": "613695000", "ebitda": "669955000", "netIncome": "440866000"}, {"fiscalDateEnding": "2006-12-31", "reportedCurrency": "USD", "grossProfit": "1427815000", "totalRevenue": "1427815000", "costOfRevenue": "924643000", "costofGoodsAndServicesSold": "924643000", "operatingIncome": "508070000", "sellingGeneralAndAdministrative": "0", "researchAndDevelopment": "75063000", "operatingExpenses": "441694000", "investmentIncomeNet": "None", "netInterestIncome": "None", "interestIncome": "None", "interestExpense": "7347000", "nonInterestIncome": "None", "otherNonOperatingIncome": "None", "depreciation": "None", "depreciationAndAmortization": "52539000", "incomeBeforeTax": "603343000", "incomeTaxExpense": "176543000", "interestAndDebtExpense": "None", "netIncomeFromContinuingOperations": "0", "comprehensiveIncomeNetOfTax": "None", "ebit": "986121000", "ebitda": "1038660000", "netIncome": "426800000"}, {"fiscalDateEnding": "2006-09-30", "reportedCurrency": "USD", "grossProfit": "1297229000", "totalRevenue": "1297229000", "costOfRevenue": "854701000", "costofGoodsAndServicesSold": "854701000", "operatingIncome": "427052000", "sellingGeneralAndAdministrative": "0", "researchAndDevelopment": "80464000", "operatingExpenses": "452816000", "investmentIncomeNet": "None", "netInterestIncome": "None", "interestIncome": "None", "interestExpense": "9650000", "nonInterestIncome": "None", "otherNonOperatingIncome": "None", "depreciation": "None", "depreciationAndAmortization": "54427000", "incomeBeforeTax": "492753000", "incomeTaxExpense": "111084000", "interestAndDebtExpense": "None", "netIncomeFromContinuingOperations": "0", "comprehensiveIncomeNetOfTax": "None", "ebit": "844413000", "ebitda": "898840000", "netIncome": "381669000"}, {"fiscalDateEnding": "2006-06-30", "reportedCurrency": "USD", "grossProfit": "1317275000", "totalRevenue": "1317275000", "costOfRevenue": "847810000", "costofGoodsAndServicesSold": "847810000", "operatingIncome": "451986000", "sellingGeneralAndAdministrative": "0", "researchAndDevelopment": "74082000", "operatingExpenses": "434562000", "investmentIncomeNet": "None", "netInterestIncome": "None", "interestIncome": "None", "interestExpense": "9664000", "nonInterestIncome": "None", "otherNonOperatingIncome": "None", "depreciation": "None", "depreciationAndAmortization": "52903000", "incomeBeforeTax": "489223000", "incomeTaxExpense": "117809000", "interestAndDebtExpense": "None", "netIncomeFromContinuingOperations": "0", "comprehensiveIncomeNetOfTax": "None", "ebit": "882713000", "ebitda": "935616000", "netIncome": "371414000"}, {"fiscalDateEnding": "2006-03-31", "reportedCurrency": "USD", "grossProfit": "1254770000", "totalRevenue": "1254770000", "costOfRevenue": "817897000", "costofGoodsAndServicesSold": "817897000", "operatingIncome": "349757000", "sellingGeneralAndAdministrative": "0", "researchAndDevelopment": "73900000", "operatingExpenses": "491777000", "investmentIncomeNet": "None", "netInterestIncome": "None", "interestIncome": "None", "interestExpense": "8298000", "nonInterestIncome": "None", "otherNonOperatingIncome": "None", "depreciation": "None", "depreciationAndAmortization": "54174000", "incomeBeforeTax": "415012000", "incomeTaxExpense": "218496000", "interestAndDebtExpense": "None", "netIncomeFromContinuingOperations": "0", "comprehensiveIncomeNetOfTax": "None", "ebit": "762993000", "ebitda": "817167000", "netIncome": "196516000"}, {"fiscalDateEnding": "2005-12-31", "reportedCurrency": "USD", "grossProfit": "1181452000", "totalRevenue": "1181452000", "costOfRevenue": "760084000", "costofGoodsAndServicesSold": "760084000", "operatingIncome": "404586000", "sellingGeneralAndAdministrative": "0", "researchAndDevelopment": "73895000", "operatingExpenses": "396789000", "investmentIncomeNet": "None", "netInterestIncome": "None", "interestIncome": "None", "interestExpense": "12345000", "nonInterestIncome": "None", "otherNonOperatingIncome": "None", "depreciation": "None", "depreciationAndAmortization": "53767000", "incomeBeforeTax": "438578000", "incomeTaxExpense": "120609000", "interestAndDebtExpense": "None", "netIncomeFromContinuingOperations": "0", "comprehensiveIncomeNetOfTax": "None", "ebit": "784663000", "ebitda": "838430000", "netIncome": "317969000"}, {"fiscalDateEnding": "2005-09-30", "reportedCurrency": "USD", "grossProfit": "1163161000", "totalRevenue": "1163161000", "costOfRevenue": "763386000", "costofGoodsAndServicesSold": "763386000", "operatingIncome": "368532000", "sellingGeneralAndAdministrative": "0", "researchAndDevelopment": "77000000", "operatingExpenses": "406947000", "investmentIncomeNet": "None", "netInterestIncome": "None", "interestIncome": "None", "interestExpense": "9707000", "nonInterestIncome": "None", "otherNonOperatingIncome": "None", "depreciation": "None", "depreciationAndAmortization": "65449000", "incomeBeforeTax": "419429000", "incomeTaxExpense": "84934000", "interestAndDebtExpense": "None", "netIncomeFromContinuingOperations": "0", "comprehensiveIncomeNetOfTax": "None", "ebit": "756214000", "ebitda": "821663000", "netIncome": "334495000"}, {"fiscalDateEnding": "2005-06-30", "reportedCurrency": "USD", "grossProfit": "1109734000", "totalRevenue": "1109734000", "costOfRevenue": "754943000", "costofGoodsAndServicesSold": "754943000", "operatingIncome": "346479000", "sellingGeneralAndAdministrative": "0", "researchAndDevelopment": "73253000", "operatingExpenses": "403598000", "investmentIncomeNet": "None", "netInterestIncome": "None", "interestIncome": "None", "interestExpense": "10955000", "nonInterestIncome": "None", "otherNonOperatingIncome": "None", "depreciation": "None", "depreciationAndAmortization": "48342000", "incomeBeforeTax": "363713000", "incomeTaxExpense": "101840000", "interestAndDebtExpense": "None", "netIncomeFromContinuingOperations": "0", "comprehensiveIncomeNetOfTax": "None", "ebit": "706136000", "ebitda": "754478000", "netIncome": "261873000"}, {"fiscalDateEnding": "2005-03-31", "reportedCurrency": "USD", "grossProfit": "1051181000", "totalRevenue": "1051181000", "costOfRevenue": "718774000", "costofGoodsAndServicesSold": "718774000", "operatingIncome": "273281000", "sellingGeneralAndAdministrative": "0", "researchAndDevelopment": "69808000", "operatingExpenses": "430524000", "investmentIncomeNet": "None", "netInterestIncome": "None", "interestIncome": "None", "interestExpense": "8418000", "nonInterestIncome": "None", "otherNonOperatingIncome": "None", "depreciation": "None", "depreciationAndAmortization": "49678000", "incomeBeforeTax": "302064000", "incomeTaxExpense": "80790000", "interestAndDebtExpense": "None", "netIncomeFromContinuingOperations": "0", "comprehensiveIncomeNetOfTax": "None", "ebit": "620657000", "ebitda": "670335000", "netIncome": "221274000"}, {"fiscalDateEnding": "2004-12-31", "reportedCurrency": "USD", "grossProfit": "986022000", "totalRevenue": "986022000", "costOfRevenue": "670320000", "costofGoodsAndServicesSold": "670320000", "operatingIncome": "300084000", "sellingGeneralAndAdministrative": "0", "researchAndDevelopment": "66805000", "operatingExpenses": "374516000", "investmentIncomeNet": "None", "netInterestIncome": "None", "interestIncome": "None", "interestExpense": "8388000", "nonInterestIncome": "None", "otherNonOperatingIncome": "None", "depreciation": "None", "depreciationAndAmortization": "48704000", "incomeBeforeTax": "335649000", "incomeTaxExpense": "95660000", "interestAndDebtExpense": "None", "netIncomeFromContinuingOperations": "0", "comprehensiveIncomeNetOfTax": "None", "ebit": "611506000", "ebitda": "660210000", "netIncome": "239989000"}]}