{"symbol": "TAP", "annualReports": [{"fiscalDateEnding": "2024-12-31", "reportedCurrency": "USD", "grossProfit": "4533400000", "totalRevenue": "11627000000", "costOfRevenue": "7093600000", "costofGoodsAndServicesSold": "7093600000", "operatingIncome": "1753200000", "sellingGeneralAndAdministrative": "2717500000", "researchAndDevelopment": "None", "operatingExpenses": "2780200000", "investmentIncomeNet": "None", "netInterestIncome": "-247300000", "interestIncome": "35400000", "interestExpense": "282700000", "nonInterestIncome": "None", "otherNonOperatingIncome": "None", "depreciation": "None", "depreciationAndAmortization": "-32500000", "incomeBeforeTax": "1503000000", "incomeTaxExpense": "345300000", "interestAndDebtExpense": "None", "netIncomeFromContinuingOperations": "1157700000", "comprehensiveIncomeNetOfTax": "None", "ebit": "1785700000", "ebitda": "1753200000", "netIncome": "1122400000"}, {"fiscalDateEnding": "2023-12-31", "reportedCurrency": "USD", "grossProfit": "4368800000", "totalRevenue": "11702100000", "costOfRevenue": "7333300000", "costofGoodsAndServicesSold": "7333300000", "operatingIncome": "1438200000", "sellingGeneralAndAdministrative": "2779900000", "researchAndDevelopment": "None", "operatingExpenses": "2930600000", "investmentIncomeNet": "None", "netInterestIncome": "-220200000", "interestIncome": "25400000", "interestExpense": "234000000", "nonInterestIncome": "None", "otherNonOperatingIncome": "None", "depreciation": "None", "depreciationAndAmortization": "682800000", "incomeBeforeTax": "1252500000", "incomeTaxExpense": "296100000", "interestAndDebtExpense": "None", "netIncomeFromContinuingOperations": "261100000", "comprehensiveIncomeNetOfTax": "None", "ebit": "1481300000", "ebitda": "2164100000", "netIncome": "948900000"}, {"fiscalDateEnding": "2022-12-31", "reportedCurrency": "USD", "grossProfit": "3655200000", "totalRevenue": "10701000000", "costOfRevenue": "7045800000", "costofGoodsAndServicesSold": "7045800000", "operatingIncome": "1842800000", "sellingGeneralAndAdministrative": "1618800000", "researchAndDevelopment": "None", "operatingExpenses": "2657400000", "investmentIncomeNet": "None", "netInterestIncome": "-246300000", "interestIncome": "4300000", "interestExpense": "250600000", "nonInterestIncome": "None", "otherNonOperatingIncome": "30600000", "depreciation": "None", "depreciationAndAmortization": "684800000", "incomeBeforeTax": "-62500000", "incomeTaxExpense": "124000000", "interestAndDebtExpense": "None", "netIncomeFromContinuingOperations": "-186500000", "comprehensiveIncomeNetOfTax": "None", "ebit": "1129600000", "ebitda": "1814400000", "netIncome": "-186500000"}, {"fiscalDateEnding": "2021-12-31", "reportedCurrency": "USD", "grossProfit": "4053400000", "totalRevenue": "10279700000", "costOfRevenue": "6226300000", "costofGoodsAndServicesSold": "6226300000", "operatingIncome": "1454400000", "sellingGeneralAndAdministrative": "1454500000", "researchAndDevelopment": "None", "operatingExpenses": "2554500000", "investmentIncomeNet": "None", "netInterestIncome": "-258300000", "interestIncome": "265700000", "interestExpense": "260300000", "nonInterestIncome": "None", "otherNonOperatingIncome": "44900000", "depreciation": "None", "depreciationAndAmortization": "786100000", "incomeBeforeTax": "1239000000", "incomeTaxExpense": "230500000", "interestAndDebtExpense": "None", "netIncomeFromContinuingOperations": "1008500000", "comprehensiveIncomeNetOfTax": "None", "ebit": "1500600000", "ebitda": "2286700000", "netIncome": "1005700000"}, {"fiscalDateEnding": "2020-12-31", "reportedCurrency": "USD", "grossProfit": "3768300000", "totalRevenue": "9654000000", "costOfRevenue": "5885700000", "costofGoodsAndServicesSold": "5885700000", "operatingIncome": "1368100000", "sellingGeneralAndAdministrative": "1537000000", "researchAndDevelopment": "None", "operatingExpenses": "2437000000", "investmentIncomeNet": "None", "netInterestIncome": "-271300000", "interestIncome": "3300000", "interestExpense": "274600000", "nonInterestIncome": "None", "otherNonOperatingIncome": "39600000", "depreciation": "None", "depreciationAndAmortization": "922000000", "incomeBeforeTax": "-643900000", "incomeTaxExpense": "301800000", "interestAndDebtExpense": "None", "netIncomeFromContinuingOperations": "-945700000", "comprehensiveIncomeNetOfTax": "None", "ebit": "-358000001", "ebitda": "563999999", "netIncome": "-945700000"}, {"fiscalDateEnding": "2019-12-31", "reportedCurrency": "USD", "grossProfit": "4201200000", "totalRevenue": "10579400000", "costOfRevenue": "6378200000", "costofGoodsAndServicesSold": "6378200000", "operatingIncome": "2182000000", "sellingGeneralAndAdministrative": "1528000000", "researchAndDevelopment": "None", "operatingExpenses": "2728000000", "investmentIncomeNet": "None", "netInterestIncome": "-272700000", "interestIncome": "8200000", "interestExpense": "280900000", "nonInterestIncome": "None", "otherNonOperatingIncome": "-3600000", "depreciation": "None", "depreciationAndAmortization": "859000000", "incomeBeforeTax": "479900000", "incomeTaxExpense": "233700000", "interestAndDebtExpense": "None", "netIncomeFromContinuingOperations": "246200000", "comprehensiveIncomeNetOfTax": "None", "ebit": "781300000", "ebitda": "1640300000", "netIncome": "241700000"}, {"fiscalDateEnding": "2018-12-31", "reportedCurrency": "USD", "grossProfit": "4184800000", "totalRevenue": "10769600000", "costOfRevenue": "6584800000", "costofGoodsAndServicesSold": "6584800000", "operatingIncome": "1631800000", "sellingGeneralAndAdministrative": "1602700000", "researchAndDevelopment": "0", "operatingExpenses": "2802700000", "investmentIncomeNet": "None", "netInterestIncome": "-298200000", "interestIncome": "8000000", "interestExpense": "306200000", "nonInterestIncome": "None", "otherNonOperatingIncome": "34200000", "depreciation": "None", "depreciationAndAmortization": "857500000", "incomeBeforeTax": "1359800000", "incomeTaxExpense": "225200000", "interestAndDebtExpense": "None", "netIncomeFromContinuingOperations": "1134600000", "comprehensiveIncomeNetOfTax": "None", "ebit": "1673700000", "ebitda": "2531200000", "netIncome": "1116500000"}, {"fiscalDateEnding": "2017-12-31", "reportedCurrency": "USD", "grossProfit": "4785600000", "totalRevenue": "11002800000", "costOfRevenue": "6217200000", "costofGoodsAndServicesSold": "6217200000", "operatingIncome": "1725100000", "sellingGeneralAndAdministrative": "1732400000", "researchAndDevelopment": "0", "operatingExpenses": "3032400000", "investmentIncomeNet": "None", "netInterestIncome": "-343300000", "interestIncome": "6000000", "interestExpense": "349300000", "nonInterestIncome": "None", "otherNonOperatingIncome": "5900000", "depreciation": "None", "depreciationAndAmortization": "812800000", "incomeBeforeTax": "1381700000", "incomeTaxExpense": "-53200000", "interestAndDebtExpense": "None", "netIncomeFromContinuingOperations": "1434900000", "comprehensiveIncomeNetOfTax": "None", "ebit": "1728800000", "ebitda": "2541600000", "netIncome": "1414200000"}, {"fiscalDateEnding": "2016-12-31", "reportedCurrency": "USD", "grossProfit": "1881900000", "totalRevenue": "4885000000", "costOfRevenue": "3003100000", "costofGoodsAndServicesSold": "3003100000", "operatingIncome": "3309400000", "sellingGeneralAndAdministrative": "953200000", "researchAndDevelopment": "0", "operatingExpenses": "1597300000", "investmentIncomeNet": "None", "netInterestIncome": "-307800000", "interestIncome": "27200000", "interestExpense": "271600000", "nonInterestIncome": "None", "otherNonOperatingIncome": "-2500000", "depreciation": "None", "depreciationAndAmortization": "388400000", "incomeBeforeTax": "3035300000", "incomeTaxExpense": "1050700000", "interestAndDebtExpense": "None", "netIncomeFromContinuingOperations": "1984600000", "comprehensiveIncomeNetOfTax": "None", "ebit": "-2677500000", "ebitda": "-2289100000", "netIncome": "1975900000"}, {"fiscalDateEnding": "2015-12-31", "reportedCurrency": "USD", "grossProfit": "1404000000", "totalRevenue": "3567500000", "costOfRevenue": "2163500000", "costofGoodsAndServicesSold": "2163500000", "operatingIncome": "521800000", "sellingGeneralAndAdministrative": "650200000", "researchAndDevelopment": "0", "operatingExpenses": "1051800000", "investmentIncomeNet": "None", "netInterestIncome": "None", "interestIncome": "105700000", "interestExpense": "120300000", "nonInterestIncome": "None", "otherNonOperatingIncome": "9200000", "depreciation": "None", "depreciationAndAmortization": "314400000", "incomeBeforeTax": "410700000", "incomeTaxExpense": "51800000", "interestAndDebtExpense": "None", "netIncomeFromContinuingOperations": "358900000", "comprehensiveIncomeNetOfTax": "None", "ebit": "543899999", "ebitda": "858299999", "netIncome": "359500000"}, {"fiscalDateEnding": "2014-12-31", "reportedCurrency": "USD", "grossProfit": "1653000000", "totalRevenue": "4146300000", "costOfRevenue": "2493300000", "costofGoodsAndServicesSold": "2493300000", "operatingIncome": "726500000", "sellingGeneralAndAdministrative": "690000000", "researchAndDevelopment": "0", "operatingExpenses": "1163900000", "investmentIncomeNet": "None", "netInterestIncome": "None", "interestIncome": "None", "interestExpense": "145000000", "nonInterestIncome": "None", "otherNonOperatingIncome": "4800000", "depreciation": "None", "depreciationAndAmortization": "313000000", "incomeBeforeTax": "586300000", "incomeTaxExpense": "69000000", "interestAndDebtExpense": "None", "netIncomeFromContinuingOperations": "517300000", "comprehensiveIncomeNetOfTax": "None", "ebit": "740600000", "ebitda": "1053600000", "netIncome": "514000000"}, {"fiscalDateEnding": "2013-12-31", "reportedCurrency": "USD", "grossProfit": "1660500000", "totalRevenue": "4206100000", "costOfRevenue": "2545600000", "costofGoodsAndServicesSold": "2545600000", "operatingIncome": "805700000", "sellingGeneralAndAdministrative": "746800000", "researchAndDevelopment": "0", "operatingExpenses": "1193800000", "investmentIncomeNet": "None", "netInterestIncome": "None", "interestIncome": "None", "interestExpense": "183800000", "nonInterestIncome": "None", "otherNonOperatingIncome": "None", "depreciation": "None", "depreciationAndAmortization": "320500000", "incomeBeforeTax": "654500000", "incomeTaxExpense": "84000000", "interestAndDebtExpense": "None", "netIncomeFromContinuingOperations": "None", "comprehensiveIncomeNetOfTax": "None", "ebit": "480100000", "ebitda": "800600000", "netIncome": "567300000"}, {"fiscalDateEnding": "2012-12-31", "reportedCurrency": "USD", "grossProfit": "1564000000", "totalRevenue": "3916500000", "costOfRevenue": "2352500000", "costofGoodsAndServicesSold": "2352500000", "operatingIncome": "867400000", "sellingGeneralAndAdministrative": "702600000", "researchAndDevelopment": "0", "operatingExpenses": "1126100000", "investmentIncomeNet": "None", "netInterestIncome": "None", "interestIncome": "None", "interestExpense": "196300000", "nonInterestIncome": "None", "otherNonOperatingIncome": "-79000000", "depreciation": "None", "depreciationAndAmortization": "272700000", "incomeBeforeTax": "592100000", "incomeTaxExpense": "154500000", "interestAndDebtExpense": "None", "netIncomeFromContinuingOperations": "437600000", "comprehensiveIncomeNetOfTax": "None", "ebit": "755600000", "ebitda": "1028300000", "netIncome": "443000000"}, {"fiscalDateEnding": "2011-12-31", "reportedCurrency": "USD", "grossProfit": "1466600000", "totalRevenue": "3515700000", "costOfRevenue": "2049100000", "costofGoodsAndServicesSold": "2049100000", "operatingIncome": "893200000", "sellingGeneralAndAdministrative": "1019000000", "researchAndDevelopment": "0", "operatingExpenses": "1019000000", "investmentIncomeNet": "None", "netInterestIncome": "None", "interestIncome": "None", "interestExpense": "108000000", "nonInterestIncome": "None", "otherNonOperatingIncome": "None", "depreciation": "None", "depreciationAndAmortization": "217100000", "incomeBeforeTax": "774200000", "incomeTaxExpense": "99400000", "interestAndDebtExpense": "None", "netIncomeFromContinuingOperations": "None", "comprehensiveIncomeNetOfTax": "None", "ebit": "891300000", "ebitda": "1108400000", "netIncome": "676300000"}, {"fiscalDateEnding": "2010-12-31", "reportedCurrency": "USD", "grossProfit": "1442200000", "totalRevenue": "3254400000", "costOfRevenue": "1812200000", "costofGoodsAndServicesSold": "1812200000", "operatingIncome": "864500000", "sellingGeneralAndAdministrative": "1013000000", "researchAndDevelopment": "0", "operatingExpenses": "1012500000", "investmentIncomeNet": "None", "netInterestIncome": "None", "interestIncome": "None", "interestExpense": "99400000", "nonInterestIncome": "None", "otherNonOperatingIncome": "54700000", "depreciation": "None", "depreciationAndAmortization": "202300000", "incomeBeforeTax": "809000000", "incomeTaxExpense": "138700000", "interestAndDebtExpense": "None", "netIncomeFromContinuingOperations": "670300000", "comprehensiveIncomeNetOfTax": "None", "ebit": "906900000", "ebitda": "1109200000", "netIncome": "707700000"}, {"fiscalDateEnding": "2009-12-31", "reportedCurrency": "USD", "grossProfit": "1305500000", "totalRevenue": "3032400000", "costOfRevenue": "1726900000", "costofGoodsAndServicesSold": "1726900000", "operatingIncome": "754000000", "sellingGeneralAndAdministrative": "901000000", "researchAndDevelopment": "0", "operatingExpenses": "900800000", "investmentIncomeNet": "None", "netInterestIncome": "None", "interestIncome": "None", "interestExpense": "96600000", "nonInterestIncome": "None", "otherNonOperatingIncome": "None", "depreciation": "None", "depreciationAndAmortization": "187400000", "incomeBeforeTax": "717500000", "incomeTaxExpense": "-14700000", "interestAndDebtExpense": "None", "netIncomeFromContinuingOperations": "None", "comprehensiveIncomeNetOfTax": "None", "ebit": "808300000", "ebitda": "995700000", "netIncome": "720400000"}, {"fiscalDateEnding": "2008-12-31", "reportedCurrency": "USD", "grossProfit": "1933500000", "totalRevenue": "4774300000", "costOfRevenue": "2840800000", "costofGoodsAndServicesSold": "2840800000", "operatingIncome": "622000000", "sellingGeneralAndAdministrative": "1333000000", "researchAndDevelopment": "None", "operatingExpenses": "1333200000", "investmentIncomeNet": "None", "netInterestIncome": "None", "interestIncome": "None", "interestExpense": "103300000", "nonInterestIncome": "None", "otherNonOperatingIncome": "None", "depreciation": "None", "depreciationAndAmortization": "273400000", "incomeBeforeTax": "515200000", "incomeTaxExpense": "102900000", "interestAndDebtExpense": "None", "netIncomeFromContinuingOperations": "None", "comprehensiveIncomeNetOfTax": "None", "ebit": "618500000", "ebitda": "891900000", "netIncome": "388000000"}, {"fiscalDateEnding": "2007-12-31", "reportedCurrency": "USD", "grossProfit": "2487671000", "totalRevenue": "6190592000", "costOfRevenue": "3702921000", "costofGoodsAndServicesSold": "3702921000", "operatingIncome": "641069000", "sellingGeneralAndAdministrative": "1734000000", "researchAndDevelopment": "None", "operatingExpenses": "1734408000", "investmentIncomeNet": "None", "netInterestIncome": "None", "interestIncome": "None", "interestExpense": "126462000", "nonInterestIncome": "None", "otherNonOperatingIncome": "None", "depreciation": "None", "depreciationAndAmortization": "345843000", "incomeBeforeTax": "534378000", "incomeTaxExpense": "4186000", "interestAndDebtExpense": "None", "netIncomeFromContinuingOperations": "None", "comprehensiveIncomeNetOfTax": "None", "ebit": "660840000", "ebitda": "1006683000", "netIncome": "497192000"}, {"fiscalDateEnding": "2006-12-31", "reportedCurrency": "USD", "grossProfit": "2363904000", "totalRevenue": "5844985000", "costOfRevenue": "3481081000", "costofGoodsAndServicesSold": "3481081000", "operatingIncome": "581095000", "sellingGeneralAndAdministrative": "1705405000", "researchAndDevelopment": "None", "operatingExpenses": "1705405000", "investmentIncomeNet": "None", "netInterestIncome": "None", "interestIncome": "None", "interestExpense": "143070000", "nonInterestIncome": "None", "otherNonOperatingIncome": "None", "depreciation": "None", "depreciationAndAmortization": "438354000", "incomeBeforeTax": "472050000", "incomeTaxExpense": "82405000", "interestAndDebtExpense": "None", "netIncomeFromContinuingOperations": "None", "comprehensiveIncomeNetOfTax": "None", "ebit": "615120000", "ebitda": "1053474000", "netIncome": "361031000"}, {"fiscalDateEnding": "2005-12-31", "reportedCurrency": "USD", "grossProfit": "2199957000", "totalRevenue": "5506906000", "costOfRevenue": "3306949000", "costofGoodsAndServicesSold": "3306949000", "operatingIncome": "422049000", "sellingGeneralAndAdministrative": "1633000000", "researchAndDevelopment": "None", "operatingExpenses": "1632516000", "investmentIncomeNet": "None", "netInterestIncome": "None", "interestIncome": "None", "interestExpense": "131106000", "nonInterestIncome": "None", "otherNonOperatingIncome": "None", "depreciation": "None", "depreciationAndAmortization": "392814000", "incomeBeforeTax": "295201000", "incomeTaxExpense": "50264000", "interestAndDebtExpense": "None", "netIncomeFromContinuingOperations": "None", "comprehensiveIncomeNetOfTax": "None", "ebit": "426307000", "ebitda": "819121000", "netIncome": "134944000"}], "quarterlyReports": [{"fiscalDateEnding": "2024-12-31", "reportedCurrency": "USD", "grossProfit": "1037500000", "totalRevenue": "2735600000", "costOfRevenue": "1698100000", "costofGoodsAndServicesSold": "1698100000", "operatingIncome": "388100000", "sellingGeneralAndAdministrative": "649700000", "researchAndDevelopment": "None", "operatingExpenses": "649400000", "investmentIncomeNet": "None", "netInterestIncome": "-54600000", "interestIncome": "None", "interestExpense": "54600000", "nonInterestIncome": "None", "otherNonOperatingIncome": "None", "depreciation": "None", "depreciationAndAmortization": "247300000", "incomeBeforeTax": "346300000", "incomeTaxExpense": "52600000", "interestAndDebtExpense": "None", "netIncomeFromContinuingOperations": "293700000", "comprehensiveIncomeNetOfTax": "None", "ebit": "357600000", "ebitda": "604900000", "netIncome": "287800000"}, {"fiscalDateEnding": "2024-09-30", "reportedCurrency": "USD", "grossProfit": "1202500000", "totalRevenue": "3042700000", "costOfRevenue": "1840200000", "costofGoodsAndServicesSold": "1840200000", "operatingIncome": "451200000", "sellingGeneralAndAdministrative": "684700000", "researchAndDevelopment": "None", "operatingExpenses": "751300000", "investmentIncomeNet": "None", "netInterestIncome": "-93100000", "interestIncome": "None", "interestExpense": "93100000", "nonInterestIncome": "None", "otherNonOperatingIncome": "None", "depreciation": "None", "depreciationAndAmortization": "175400000", "incomeBeforeTax": "331400000", "incomeTaxExpense": "-482800000", "interestAndDebtExpense": "None", "netIncomeFromContinuingOperations": "228800000", "comprehensiveIncomeNetOfTax": "None", "ebit": "517800000", "ebitda": "693200000", "netIncome": "199800000"}, {"fiscalDateEnding": "2024-06-30", "reportedCurrency": "USD", "grossProfit": "1258900000", "totalRevenue": "3252300000", "costOfRevenue": "1993400000", "costofGoodsAndServicesSold": "1993400000", "operatingIncome": "582600000", "sellingGeneralAndAdministrative": "721200000", "researchAndDevelopment": "None", "operatingExpenses": "676300000", "investmentIncomeNet": "None", "netInterestIncome": "-51200000", "interestIncome": "None", "interestExpense": "50300000", "nonInterestIncome": "None", "otherNonOperatingIncome": "None", "depreciation": "None", "depreciationAndAmortization": "167700000", "incomeBeforeTax": "559900000", "incomeTaxExpense": "134600000", "interestAndDebtExpense": "None", "netIncomeFromContinuingOperations": "425300000", "comprehensiveIncomeNetOfTax": "None", "ebit": "608700000", "ebitda": "776400000", "netIncome": "427000000"}, {"fiscalDateEnding": "2024-03-31", "reportedCurrency": "USD", "grossProfit": "963500000", "totalRevenue": "2596400000", "costOfRevenue": "1632900000", "costofGoodsAndServicesSold": "1632900000", "operatingIncome": "314300000", "sellingGeneralAndAdministrative": "647200000", "researchAndDevelopment": "None", "operatingExpenses": "654600000", "investmentIncomeNet": "None", "netInterestIncome": "-48400000", "interestIncome": "None", "interestExpense": "47600000", "nonInterestIncome": "None", "otherNonOperatingIncome": "None", "depreciation": "None", "depreciationAndAmortization": "169000000", "incomeBeforeTax": "265400000", "incomeTaxExpense": "55500000", "interestAndDebtExpense": "None", "netIncomeFromContinuingOperations": "209900000", "comprehensiveIncomeNetOfTax": "None", "ebit": "316300000", "ebitda": "485300000", "netIncome": "207800000"}, {"fiscalDateEnding": "2023-12-31", "reportedCurrency": "USD", "grossProfit": "1033000000", "totalRevenue": "2790800000", "costOfRevenue": "1757800000", "costofGoodsAndServicesSold": "1757800000", "operatingIncome": "165500000", "sellingGeneralAndAdministrative": "416800000", "researchAndDevelopment": "None", "operatingExpenses": "-2625300000", "investmentIncomeNet": "None", "netInterestIncome": "-46100000", "interestIncome": "None", "interestExpense": "45200000", "nonInterestIncome": "None", "otherNonOperatingIncome": "None", "depreciation": "None", "depreciationAndAmortization": "174200000", "incomeBeforeTax": "165500000", "incomeTaxExpense": "62200000", "interestAndDebtExpense": "None", "netIncomeFromContinuingOperations": "105500000", "comprehensiveIncomeNetOfTax": "None", "ebit": "352300000", "ebitda": "526500000", "netIncome": "103300000"}, {"fiscalDateEnding": "2023-09-30", "reportedCurrency": "USD", "grossProfit": "1346200000", "totalRevenue": "3298400000", "costOfRevenue": "1952200000", "costofGoodsAndServicesSold": "1952200000", "operatingIncome": "592200000", "sellingGeneralAndAdministrative": "744300000", "researchAndDevelopment": "None", "operatingExpenses": "759500000", "investmentIncomeNet": "None", "netInterestIncome": "-48800000", "interestIncome": "48800000", "interestExpense": "48000000", "nonInterestIncome": "None", "otherNonOperatingIncome": "None", "depreciation": "None", "depreciationAndAmortization": "168700000", "incomeBeforeTax": "544000000", "incomeTaxExpense": "112400000", "interestAndDebtExpense": "None", "netIncomeFromContinuingOperations": "431600000", "comprehensiveIncomeNetOfTax": "None", "ebit": "601900000", "ebitda": "770600000", "netIncome": "430700000"}, {"fiscalDateEnding": "2023-06-30", "reportedCurrency": "USD", "grossProfit": "1218900000", "totalRevenue": "3266600000", "costOfRevenue": "2047700000", "costofGoodsAndServicesSold": "2047700000", "operatingIncome": "488500000", "sellingGeneralAndAdministrative": "732300000", "researchAndDevelopment": "None", "operatingExpenses": "734700000", "investmentIncomeNet": "None", "netInterestIncome": "-54600000", "interestIncome": "54600000", "interestExpense": "53600000", "nonInterestIncome": "None", "otherNonOperatingIncome": "4600000", "depreciation": "None", "depreciationAndAmortization": "168400000", "incomeBeforeTax": "441100000", "incomeTaxExpense": "95000000", "interestAndDebtExpense": "None", "netIncomeFromContinuingOperations": "346100000", "comprehensiveIncomeNetOfTax": "None", "ebit": "486600000", "ebitda": "655000000", "netIncome": "342400000"}, {"fiscalDateEnding": "2023-03-31", "reportedCurrency": "USD", "grossProfit": "770700000", "totalRevenue": "2346300000", "costOfRevenue": "1575600000", "costofGoodsAndServicesSold": "1575600000", "operatingIncome": "158200000", "sellingGeneralAndAdministrative": "612400000", "researchAndDevelopment": "None", "operatingExpenses": "615000000", "investmentIncomeNet": "None", "netInterestIncome": "-59100000", "interestIncome": "59100000", "interestExpense": "56600000", "nonInterestIncome": "None", "otherNonOperatingIncome": "200000", "depreciation": "None", "depreciationAndAmortization": "171500000", "incomeBeforeTax": "101900000", "incomeTaxExpense": "28700000", "interestAndDebtExpense": "None", "netIncomeFromContinuingOperations": "73200000", "comprehensiveIncomeNetOfTax": "None", "ebit": "158300000", "ebitda": "329800000", "netIncome": "72500000"}, {"fiscalDateEnding": "2022-12-31", "reportedCurrency": "USD", "grossProfit": "923700000", "totalRevenue": "2629500000", "costOfRevenue": "1705800000", "costofGoodsAndServicesSold": "1705800000", "operatingIncome": "1008300000", "sellingGeneralAndAdministrative": "424500000", "researchAndDevelopment": "None", "operatingExpenses": "591200000", "investmentIncomeNet": "None", "netInterestIncome": "-57700000", "interestIncome": "57700000", "interestExpense": "61000000", "nonInterestIncome": "None", "otherNonOperatingIncome": "45100000", "depreciation": "None", "depreciationAndAmortization": "169200000", "incomeBeforeTax": "-564100000", "incomeTaxExpense": "25700000", "interestAndDebtExpense": "None", "netIncomeFromContinuingOperations": "-589800000", "comprehensiveIncomeNetOfTax": "None", "ebit": "-507699999", "ebitda": "-338499999", "netIncome": "-589800000"}, {"fiscalDateEnding": "2022-09-30", "reportedCurrency": "USD", "grossProfit": "983700000", "totalRevenue": "2935200000", "costOfRevenue": "1951500000", "costofGoodsAndServicesSold": "1951500000", "operatingIncome": "330100000", "sellingGeneralAndAdministrative": "660000000", "researchAndDevelopment": "None", "operatingExpenses": "653600000", "investmentIncomeNet": "None", "netInterestIncome": "-58700000", "interestIncome": "58700000", "interestExpense": "58700000", "nonInterestIncome": "None", "otherNonOperatingIncome": "-13200000", "depreciation": "None", "depreciationAndAmortization": "515600000", "incomeBeforeTax": "273000000", "incomeTaxExpense": "54900000", "interestAndDebtExpense": "None", "netIncomeFromContinuingOperations": "218100000", "comprehensiveIncomeNetOfTax": "None", "ebit": "330000000", "ebitda": "500200000", "netIncome": "216400000"}, {"fiscalDateEnding": "2022-06-30", "reportedCurrency": "USD", "grossProfit": "820000000", "totalRevenue": "2921700000", "costOfRevenue": "2101700000", "costofGoodsAndServicesSold": "2101700000", "operatingIncome": "114500000", "sellingGeneralAndAdministrative": "707600000", "researchAndDevelopment": "None", "operatingExpenses": "707600000", "investmentIncomeNet": "None", "netInterestIncome": "-66600000", "interestIncome": "66600000", "interestExpense": "66600000", "nonInterestIncome": "None", "otherNonOperatingIncome": "-3300000", "depreciation": "None", "depreciationAndAmortization": "171700000", "incomeBeforeTax": "54900000", "incomeTaxExpense": "7000000", "interestAndDebtExpense": "None", "netIncomeFromContinuingOperations": "47900000", "comprehensiveIncomeNetOfTax": "None", "ebit": "122700000", "ebitda": "294400000", "netIncome": "47300000"}, {"fiscalDateEnding": "2022-03-31", "reportedCurrency": "USD", "grossProfit": "927800000", "totalRevenue": "2214600000", "costOfRevenue": "1286800000", "costofGoodsAndServicesSold": "1286800000", "operatingIncome": "224400000", "sellingGeneralAndAdministrative": "675700000", "researchAndDevelopment": "None", "operatingExpenses": "675700000", "investmentIncomeNet": "None", "netInterestIncome": "-63300000", "interestIncome": "63300000", "interestExpense": "63300000", "nonInterestIncome": "None", "otherNonOperatingIncome": "2000000", "depreciation": "None", "depreciationAndAmortization": "173700000", "incomeBeforeTax": "173700000", "incomeTaxExpense": "36400000", "interestAndDebtExpense": "None", "netIncomeFromContinuingOperations": "137300000", "comprehensiveIncomeNetOfTax": "None", "ebit": "265000000", "ebitda": "438700000", "netIncome": "151500000"}, {"fiscalDateEnding": "2021-12-31", "reportedCurrency": "USD", "grossProfit": "857300000", "totalRevenue": "2619200000", "costOfRevenue": "1761900000", "costofGoodsAndServicesSold": "1761900000", "operatingIncome": "165000000", "sellingGeneralAndAdministrative": "434900000", "researchAndDevelopment": "None", "operatingExpenses": "665100000", "investmentIncomeNet": "None", "netInterestIncome": "-61800000", "interestIncome": "61800000", "interestExpense": "61800000", "nonInterestIncome": "None", "otherNonOperatingIncome": "47200000", "depreciation": "None", "depreciationAndAmortization": "181900000", "incomeBeforeTax": "109500000", "incomeTaxExpense": "27100000", "interestAndDebtExpense": "None", "netIncomeFromContinuingOperations": "82400000", "comprehensiveIncomeNetOfTax": "None", "ebit": "171300000", "ebitda": "353200000", "netIncome": "80000000"}, {"fiscalDateEnding": "2021-09-30", "reportedCurrency": "USD", "grossProfit": "1193600000", "totalRevenue": "2822700000", "costOfRevenue": "1629100000", "costofGoodsAndServicesSold": "1629100000", "operatingIncome": "531400000", "sellingGeneralAndAdministrative": "664000000", "researchAndDevelopment": "None", "operatingExpenses": "664800000", "investmentIncomeNet": "None", "netInterestIncome": "-63300000", "interestIncome": "63300000", "interestExpense": "63300000", "nonInterestIncome": "None", "otherNonOperatingIncome": "-400000", "depreciation": "None", "depreciationAndAmortization": "200300000", "incomeBeforeTax": "480600000", "incomeTaxExpense": "26800000", "interestAndDebtExpense": "None", "netIncomeFromContinuingOperations": "453800000", "comprehensiveIncomeNetOfTax": "None", "ebit": "541700000", "ebitda": "742000000", "netIncome": "453000000"}, {"fiscalDateEnding": "2021-06-30", "reportedCurrency": "USD", "grossProfit": "1271500000", "totalRevenue": "2939400000", "costOfRevenue": "1667900000", "costofGoodsAndServicesSold": "1667900000", "operatingIncome": "580800000", "sellingGeneralAndAdministrative": "681000000", "researchAndDevelopment": "None", "operatingExpenses": "681700000", "investmentIncomeNet": "None", "netInterestIncome": "-67900000", "interestIncome": "67900000", "interestExpense": "68300000", "nonInterestIncome": "None", "otherNonOperatingIncome": "-3300000", "depreciation": "None", "depreciationAndAmortization": "201600000", "incomeBeforeTax": "522600000", "incomeTaxExpense": "132300000", "interestAndDebtExpense": "None", "netIncomeFromContinuingOperations": "390300000", "comprehensiveIncomeNetOfTax": "None", "ebit": "602800000", "ebitda": "804400000", "netIncome": "388600000"}, {"fiscalDateEnding": "2021-03-31", "reportedCurrency": "USD", "grossProfit": "731000000", "totalRevenue": "1898400000", "costOfRevenue": "1167400000", "costofGoodsAndServicesSold": "1167400000", "operatingIncome": "177200000", "sellingGeneralAndAdministrative": "542000000", "researchAndDevelopment": "None", "operatingExpenses": "542900000", "investmentIncomeNet": "None", "netInterestIncome": "-65300000", "interestIncome": "65300000", "interestExpense": "67400000", "nonInterestIncome": "None", "otherNonOperatingIncome": "1400000", "depreciation": "None", "depreciationAndAmortization": "202300000", "incomeBeforeTax": "126300000", "incomeTaxExpense": "44300000", "interestAndDebtExpense": "None", "netIncomeFromContinuingOperations": "82000000", "comprehensiveIncomeNetOfTax": "None", "ebit": "201100000", "ebitda": "403400000", "netIncome": "84100000"}, {"fiscalDateEnding": "2020-12-31", "reportedCurrency": "USD", "grossProfit": "895200000", "totalRevenue": "2294300000", "costOfRevenue": "1399100000", "costofGoodsAndServicesSold": "1399100000", "operatingIncome": "-1282700000", "sellingGeneralAndAdministrative": "251700000", "researchAndDevelopment": "None", "operatingExpenses": "648300000", "investmentIncomeNet": "None", "netInterestIncome": "-64800000", "interestIncome": "62000000", "interestExpense": "67000000", "nonInterestIncome": "None", "otherNonOperatingIncome": "36200000", "depreciation": "None", "depreciationAndAmortization": "207100000", "incomeBeforeTax": "-1337300000", "incomeTaxExpense": "36600000", "interestAndDebtExpense": "None", "netIncomeFromContinuingOperations": "-1373900000", "comprehensiveIncomeNetOfTax": "None", "ebit": "-1270300000", "ebitda": "-1063200000", "netIncome": "-1369800000"}, {"fiscalDateEnding": "2020-09-30", "reportedCurrency": "USD", "grossProfit": "1202500000", "totalRevenue": "2753500000", "costOfRevenue": "1551000000", "costofGoodsAndServicesSold": "1551000000", "operatingIncome": "508300000", "sellingGeneralAndAdministrative": "634500000", "researchAndDevelopment": "None", "operatingExpenses": "634500000", "investmentIncomeNet": "None", "netInterestIncome": "-67900000", "interestIncome": "67900000", "interestExpense": "69900000", "nonInterestIncome": "None", "otherNonOperatingIncome": "2400000", "depreciation": "None", "depreciationAndAmortization": "220700000", "incomeBeforeTax": "450400000", "incomeTaxExpense": "104000000", "interestAndDebtExpense": "None", "netIncomeFromContinuingOperations": "346400000", "comprehensiveIncomeNetOfTax": "None", "ebit": "575600000", "ebitda": "796300000", "netIncome": "342800000"}, {"fiscalDateEnding": "2020-06-30", "reportedCurrency": "USD", "grossProfit": "1046800000", "totalRevenue": "2503400000", "costOfRevenue": "1456600000", "costofGoodsAndServicesSold": "1456600000", "operatingIncome": "458000000", "sellingGeneralAndAdministrative": "524500000", "researchAndDevelopment": "None", "operatingExpenses": "524500000", "investmentIncomeNet": "None", "netInterestIncome": "-69700000", "interestIncome": "69700000", "interestExpense": "71800000", "nonInterestIncome": "None", "otherNonOperatingIncome": "5800000", "depreciation": "None", "depreciationAndAmortization": "237700000", "incomeBeforeTax": "401700000", "incomeTaxExpense": "204500000", "interestAndDebtExpense": "None", "netIncomeFromContinuingOperations": "197200000", "comprehensiveIncomeNetOfTax": "None", "ebit": "529900000", "ebitda": "767600000", "netIncome": "195000000"}, {"fiscalDateEnding": "2020-03-31", "reportedCurrency": "USD", "grossProfit": "623800000", "totalRevenue": "2102800000", "costOfRevenue": "1479000000", "costofGoodsAndServicesSold": "1479000000", "operatingIncome": "-92500000", "sellingGeneralAndAdministrative": "629700000", "researchAndDevelopment": "None", "operatingExpenses": "629700000", "investmentIncomeNet": "None", "netInterestIncome": "-68900000", "interestIncome": "67200000", "interestExpense": "73900000", "nonInterestIncome": "None", "otherNonOperatingIncome": "-4800000", "depreciation": "None", "depreciationAndAmortization": "256500000", "incomeBeforeTax": "-158700000", "incomeTaxExpense": "-43300000", "interestAndDebtExpense": "None", "netIncomeFromContinuingOperations": "-115400000", "comprehensiveIncomeNetOfTax": "None", "ebit": "1600000", "ebitda": "258100000", "netIncome": "-117000000"}, {"fiscalDateEnding": "2019-12-31", "reportedCurrency": "USD", "grossProfit": "966200000", "totalRevenue": "2486200000", "costOfRevenue": "1520000000", "costofGoodsAndServicesSold": "1520000000", "operatingIncome": "310900000", "sellingGeneralAndAdministrative": "587100000", "researchAndDevelopment": "None", "operatingExpenses": "612900000", "investmentIncomeNet": "None", "netInterestIncome": "-68200000", "interestIncome": "102900000", "interestExpense": "90900000", "nonInterestIncome": "None", "otherNonOperatingIncome": "-2900000", "depreciation": "None", "depreciationAndAmortization": "217600000", "incomeBeforeTax": "206600000", "incomeTaxExpense": "40400000", "interestAndDebtExpense": "None", "netIncomeFromContinuingOperations": "166200000", "comprehensiveIncomeNetOfTax": "None", "ebit": "-726800000", "ebitda": "-509200000", "netIncome": "163700000"}, {"fiscalDateEnding": "2019-09-30", "reportedCurrency": "USD", "grossProfit": "1156200000", "totalRevenue": "2841600000", "costOfRevenue": "1685400000", "costofGoodsAndServicesSold": "1685400000", "operatingIncome": "-237300000", "sellingGeneralAndAdministrative": "690200000", "researchAndDevelopment": "None", "operatingExpenses": "690200000", "investmentIncomeNet": "None", "netInterestIncome": "-65600000", "interestIncome": "77000000", "interestExpense": "65600000", "nonInterestIncome": "None", "otherNonOperatingIncome": "-13700000", "depreciation": "None", "depreciationAndAmortization": "211700000", "incomeBeforeTax": "-308600000", "incomeTaxExpense": "90700000", "interestAndDebtExpense": "None", "netIncomeFromContinuingOperations": "-399300000", "comprehensiveIncomeNetOfTax": "None", "ebit": "474000000", "ebitda": "685700000", "netIncome": "-402800000"}, {"fiscalDateEnding": "2019-06-30", "reportedCurrency": "USD", "grossProfit": "1188500000", "totalRevenue": "2948300000", "costOfRevenue": "1759800000", "costofGoodsAndServicesSold": "1759800000", "operatingIncome": "468700000", "sellingGeneralAndAdministrative": "769700000", "researchAndDevelopment": "None", "operatingExpenses": "769700000", "investmentIncomeNet": "None", "netInterestIncome": "-65600000", "interestIncome": "80600000", "interestExpense": "65600000", "nonInterestIncome": "None", "otherNonOperatingIncome": "-10900000", "depreciation": "None", "depreciationAndAmortization": "216800000", "incomeBeforeTax": "400600000", "incomeTaxExpense": "70400000", "interestAndDebtExpense": "None", "netIncomeFromContinuingOperations": "330200000", "comprehensiveIncomeNetOfTax": "None", "ebit": "427200000", "ebitda": "644000000", "netIncome": "329400000"}, {"fiscalDateEnding": "2019-03-31", "reportedCurrency": "USD", "grossProfit": "890300000", "totalRevenue": "2303300000", "costOfRevenue": "1413000000", "costofGoodsAndServicesSold": "1413000000", "operatingIncome": "222100000", "sellingGeneralAndAdministrative": "655200000", "researchAndDevelopment": "None", "operatingExpenses": "655200000", "investmentIncomeNet": "None", "netInterestIncome": "-73300000", "interestIncome": "50400000", "interestExpense": "73300000", "nonInterestIncome": "None", "otherNonOperatingIncome": "23900000", "depreciation": "None", "depreciationAndAmortization": "212900000", "incomeBeforeTax": "181300000", "incomeTaxExpense": "32200000", "interestAndDebtExpense": "None", "netIncomeFromContinuingOperations": "149100000", "comprehensiveIncomeNetOfTax": "None", "ebit": "243700000", "ebitda": "456600000", "netIncome": "151400000"}, {"fiscalDateEnding": "2018-12-31", "reportedCurrency": "USD", "grossProfit": "822700000", "totalRevenue": "2418700000", "costOfRevenue": "1596000000", "costofGoodsAndServicesSold": "1596000000", "operatingIncome": "141700000", "sellingGeneralAndAdministrative": "537000000", "researchAndDevelopment": "0", "operatingExpenses": "663000000", "investmentIncomeNet": "None", "netInterestIncome": "None", "interestIncome": "None", "interestExpense": "70900000", "nonInterestIncome": "None", "otherNonOperatingIncome": "34200000", "depreciation": "None", "depreciationAndAmortization": "213300000", "incomeBeforeTax": "69300000", "incomeTaxExpense": "-6400000", "interestAndDebtExpense": "None", "netIncomeFromContinuingOperations": "75700000", "comprehensiveIncomeNetOfTax": "None", "ebit": "140200000", "ebitda": "353500000", "netIncome": "76000000"}, {"fiscalDateEnding": "2018-09-30", "reportedCurrency": "USD", "grossProfit": "1220200000", "totalRevenue": "2934200000", "costOfRevenue": "1714000000", "costofGoodsAndServicesSold": "1714000000", "operatingIncome": "469700000", "sellingGeneralAndAdministrative": "713900000", "researchAndDevelopment": "0", "operatingExpenses": "713900000", "investmentIncomeNet": "None", "netInterestIncome": "None", "interestIncome": "None", "interestExpense": "67400000", "nonInterestIncome": "None", "otherNonOperatingIncome": "None", "depreciation": "None", "depreciationAndAmortization": "214600000", "incomeBeforeTax": "410100000", "incomeTaxExpense": "64500000", "interestAndDebtExpense": "None", "netIncomeFromContinuingOperations": "345600000", "comprehensiveIncomeNetOfTax": "None", "ebit": "513900000", "ebitda": "728500000", "netIncome": "338300000"}, {"fiscalDateEnding": "2018-06-30", "reportedCurrency": "USD", "grossProfit": "1346100000", "totalRevenue": "3085200000", "costOfRevenue": "1739100000", "costofGoodsAndServicesSold": "1739100000", "operatingIncome": "590900000", "sellingGeneralAndAdministrative": "744700000", "researchAndDevelopment": "0", "operatingExpenses": "744700000", "investmentIncomeNet": "None", "netInterestIncome": "None", "interestIncome": "None", "interestExpense": "76700000", "nonInterestIncome": "None", "otherNonOperatingIncome": "None", "depreciation": "None", "depreciationAndAmortization": "215900000", "incomeBeforeTax": "523000000", "incomeTaxExpense": "92200000", "interestAndDebtExpense": "None", "netIncomeFromContinuingOperations": "430800000", "comprehensiveIncomeNetOfTax": "None", "ebit": "599000000", "ebitda": "814900000", "netIncome": "424100000"}, {"fiscalDateEnding": "2018-03-31", "reportedCurrency": "USD", "grossProfit": "795800000", "totalRevenue": "2331500000", "costOfRevenue": "1535700000", "costofGoodsAndServicesSold": "1535700000", "operatingIncome": "429500000", "sellingGeneralAndAdministrative": "681100000", "researchAndDevelopment": "0", "operatingExpenses": "681100000", "investmentIncomeNet": "None", "netInterestIncome": "None", "interestIncome": "None", "interestExpense": "83200000", "nonInterestIncome": "None", "otherNonOperatingIncome": "None", "depreciation": "None", "depreciationAndAmortization": "213700000", "incomeBeforeTax": "357400000", "incomeTaxExpense": "74900000", "interestAndDebtExpense": "None", "netIncomeFromContinuingOperations": "282500000", "comprehensiveIncomeNetOfTax": "None", "ebit": "439800000", "ebitda": "653500000", "netIncome": "278100000"}, {"fiscalDateEnding": "2017-12-31", "reportedCurrency": "USD", "grossProfit": "1064900000", "totalRevenue": "2579600000", "costOfRevenue": "1514700000", "costofGoodsAndServicesSold": "1514700000", "operatingIncome": "285300000", "sellingGeneralAndAdministrative": "524100000", "researchAndDevelopment": "0", "operatingExpenses": "775900000", "investmentIncomeNet": "None", "netInterestIncome": "None", "interestIncome": "None", "interestExpense": "84900000", "nonInterestIncome": "None", "otherNonOperatingIncome": "6500000", "depreciation": "None", "depreciationAndAmortization": "208500000", "incomeBeforeTax": "200900000", "incomeTaxExpense": "-391700000", "interestAndDebtExpense": "None", "netIncomeFromContinuingOperations": "613400000", "comprehensiveIncomeNetOfTax": "None", "ebit": "285800000", "ebitda": "494300000", "netIncome": "588800000"}, {"fiscalDateEnding": "2017-09-30", "reportedCurrency": "USD", "grossProfit": "1293600000", "totalRevenue": "2883200000", "costOfRevenue": "1589600000", "costofGoodsAndServicesSold": "1589600000", "operatingIncome": "506700000", "sellingGeneralAndAdministrative": "782800000", "researchAndDevelopment": "0", "operatingExpenses": "782800000", "investmentIncomeNet": "None", "netInterestIncome": "None", "interestIncome": "None", "interestExpense": "72600000", "nonInterestIncome": "None", "otherNonOperatingIncome": "-2500000", "depreciation": "None", "depreciationAndAmortization": "208300000", "incomeBeforeTax": "431600000", "incomeTaxExpense": "145300000", "interestAndDebtExpense": "None", "netIncomeFromContinuingOperations": "286300000", "comprehensiveIncomeNetOfTax": "None", "ebit": "502100000", "ebitda": "710400000", "netIncome": "280000000"}, {"fiscalDateEnding": "2017-06-30", "reportedCurrency": "USD", "grossProfit": "1335200000", "totalRevenue": "3091300000", "costOfRevenue": "1756100000", "costofGoodsAndServicesSold": "1756100000", "operatingIncome": "537500000", "sellingGeneralAndAdministrative": "781200000", "researchAndDevelopment": "0", "operatingExpenses": "781200000", "investmentIncomeNet": "None", "netInterestIncome": "None", "interestIncome": "None", "interestExpense": "89200000", "nonInterestIncome": "None", "otherNonOperatingIncome": "1500000", "depreciation": "None", "depreciationAndAmortization": "198900000", "incomeBeforeTax": "449800000", "incomeTaxExpense": "123000000", "interestAndDebtExpense": "None", "netIncomeFromContinuingOperations": "326800000", "comprehensiveIncomeNetOfTax": "None", "ebit": "574800000", "ebitda": "773700000", "netIncome": "323300000"}, {"fiscalDateEnding": "2017-03-31", "reportedCurrency": "USD", "grossProfit": "1075800000", "totalRevenue": "2448700000", "costOfRevenue": "1372900000", "costofGoodsAndServicesSold": "1372900000", "operatingIncome": "369200000", "sellingGeneralAndAdministrative": "702800000", "researchAndDevelopment": "0", "operatingExpenses": "702800000", "investmentIncomeNet": "None", "netInterestIncome": "None", "interestIncome": "None", "interestExpense": "96600000", "nonInterestIncome": "None", "otherNonOperatingIncome": "400000", "depreciation": "None", "depreciationAndAmortization": "197100000", "incomeBeforeTax": "273000000", "incomeTaxExpense": "64600000", "interestAndDebtExpense": "None", "netIncomeFromContinuingOperations": "208400000", "comprehensiveIncomeNetOfTax": "None", "ebit": "402300000", "ebitda": "599400000", "netIncome": "201300000"}, {"fiscalDateEnding": "2016-12-31", "reportedCurrency": "USD", "grossProfit": "808400000", "totalRevenue": "2294000000", "costOfRevenue": "1485600000", "costofGoodsAndServicesSold": "1485600000", "operatingIncome": "2509100000", "sellingGeneralAndAdministrative": "109800000", "researchAndDevelopment": "0", "operatingExpenses": "753900000", "investmentIncomeNet": "None", "netInterestIncome": "None", "interestIncome": "None", "interestExpense": "111100000", "nonInterestIncome": "None", "otherNonOperatingIncome": "42400000", "depreciation": "None", "depreciationAndAmortization": "184100000", "incomeBeforeTax": "2434300000", "incomeTaxExpense": "993200000", "interestAndDebtExpense": "None", "netIncomeFromContinuingOperations": "1445000000", "comprehensiveIncomeNetOfTax": "None", "ebit": "2467700000", "ebitda": "2651800000", "netIncome": "1438400000"}, {"fiscalDateEnding": "2016-09-30", "reportedCurrency": "USD", "grossProfit": "406300000", "totalRevenue": "947600000", "costOfRevenue": "541300000", "costofGoodsAndServicesSold": "541300000", "operatingIncome": "289200000", "sellingGeneralAndAdministrative": "278900000", "researchAndDevelopment": "0", "operatingExpenses": "278900000", "investmentIncomeNet": "None", "netInterestIncome": "None", "interestIncome": "None", "interestExpense": "91400000", "nonInterestIncome": "None", "otherNonOperatingIncome": "800000", "depreciation": "None", "depreciationAndAmortization": "66600000", "incomeBeforeTax": "223400000", "incomeTaxExpense": "19600000", "interestAndDebtExpense": "None", "netIncomeFromContinuingOperations": "203800000", "comprehensiveIncomeNetOfTax": "None", "ebit": "144600000", "ebitda": "211200000", "netIncome": "202500000"}, {"fiscalDateEnding": "2016-06-30", "reportedCurrency": "USD", "grossProfit": "424000000", "totalRevenue": "986200000", "costOfRevenue": "562200000", "costofGoodsAndServicesSold": "562200000", "operatingIncome": "267800000", "sellingGeneralAndAdministrative": "313600000", "researchAndDevelopment": "0", "operatingExpenses": "313600000", "investmentIncomeNet": "None", "netInterestIncome": "None", "interestIncome": "None", "interestExpense": "60700000", "nonInterestIncome": "None", "otherNonOperatingIncome": "-30400000", "depreciation": "None", "depreciationAndAmortization": "70200000", "incomeBeforeTax": "196900000", "incomeTaxExpense": "21200000", "interestAndDebtExpense": "None", "netIncomeFromContinuingOperations": "175700000", "comprehensiveIncomeNetOfTax": "None", "ebit": "110400000", "ebitda": "180600000", "netIncome": "172300000"}, {"fiscalDateEnding": "2016-03-31", "reportedCurrency": "USD", "grossProfit": "243200000", "totalRevenue": "657200000", "costOfRevenue": "414000000", "costofGoodsAndServicesSold": "414000000", "operatingIncome": "243300000", "sellingGeneralAndAdministrative": "250900000", "researchAndDevelopment": "0", "operatingExpenses": "250900000", "investmentIncomeNet": "None", "netInterestIncome": "None", "interestIncome": "None", "interestExpense": "65700000", "nonInterestIncome": "None", "otherNonOperatingIncome": "-15300000", "depreciation": "None", "depreciationAndAmortization": "67500000", "incomeBeforeTax": "180700000", "incomeTaxExpense": "20600000", "interestAndDebtExpense": "None", "netIncomeFromContinuingOperations": "160100000", "comprehensiveIncomeNetOfTax": "None", "ebit": "4300000", "ebitda": "71800000", "netIncome": "158800000"}, {"fiscalDateEnding": "2015-12-31", "reportedCurrency": "USD", "grossProfit": "301500000", "totalRevenue": "844400000", "costOfRevenue": "542900000", "costofGoodsAndServicesSold": "542900000", "operatingIncome": "74100000", "sellingGeneralAndAdministrative": "138900000", "researchAndDevelopment": "0", "operatingExpenses": "262700000", "investmentIncomeNet": "None", "netInterestIncome": "None", "interestIncome": "None", "interestExpense": "27600000", "nonInterestIncome": "None", "otherNonOperatingIncome": "1800000", "depreciation": "None", "depreciationAndAmortization": "72500000", "incomeBeforeTax": "42200000", "incomeTaxExpense": "7900000", "interestAndDebtExpense": "None", "netIncomeFromContinuingOperations": "34300000", "comprehensiveIncomeNetOfTax": "None", "ebit": "8200000", "ebitda": "80700000", "netIncome": "32800000"}, {"fiscalDateEnding": "2015-09-30", "reportedCurrency": "USD", "grossProfit": "431500000", "totalRevenue": "1017400000", "costOfRevenue": "585900000", "costofGoodsAndServicesSold": "585900000", "operatingIncome": "8100000", "sellingGeneralAndAdministrative": "265200000", "researchAndDevelopment": "0", "operatingExpenses": "265200000", "investmentIncomeNet": "None", "netInterestIncome": "None", "interestIncome": "None", "interestExpense": "26800000", "nonInterestIncome": "None", "otherNonOperatingIncome": "3700000", "depreciation": "None", "depreciationAndAmortization": "83000000", "incomeBeforeTax": "-15000000", "incomeTaxExpense": "-27300000", "interestAndDebtExpense": "None", "netIncomeFromContinuingOperations": "12300000", "comprehensiveIncomeNetOfTax": "None", "ebit": "148900000", "ebitda": "231900000", "netIncome": "16600000"}, {"fiscalDateEnding": "2015-06-30", "reportedCurrency": "USD", "grossProfit": "425800000", "totalRevenue": "1005700000", "costOfRevenue": "579900000", "costofGoodsAndServicesSold": "579900000", "operatingIncome": "314300000", "sellingGeneralAndAdministrative": "283300000", "researchAndDevelopment": "0", "operatingExpenses": "283300000", "investmentIncomeNet": "None", "netInterestIncome": "None", "interestIncome": "None", "interestExpense": "30600000", "nonInterestIncome": "None", "otherNonOperatingIncome": "6300000", "depreciation": "None", "depreciationAndAmortization": "81400000", "incomeBeforeTax": "290000000", "incomeTaxExpense": "58400000", "interestAndDebtExpense": "None", "netIncomeFromContinuingOperations": "231600000", "comprehensiveIncomeNetOfTax": "None", "ebit": "125900000", "ebitda": "207300000", "netIncome": "229000000"}, {"fiscalDateEnding": "2015-03-31", "reportedCurrency": "USD", "grossProfit": "245200000", "totalRevenue": "700000000", "costOfRevenue": "454800000", "costofGoodsAndServicesSold": "454800000", "operatingIncome": "125300000", "sellingGeneralAndAdministrative": "240600000", "researchAndDevelopment": "0", "operatingExpenses": "240600000", "investmentIncomeNet": "None", "netInterestIncome": "None", "interestIncome": "None", "interestExpense": "29200000", "nonInterestIncome": "None", "otherNonOperatingIncome": "-2600000", "depreciation": "None", "depreciationAndAmortization": "77500000", "incomeBeforeTax": "93500000", "incomeTaxExpense": "12800000", "interestAndDebtExpense": "None", "netIncomeFromContinuingOperations": "80700000", "comprehensiveIncomeNetOfTax": "None", "ebit": "-7200000", "ebitda": "70300000", "netIncome": "81100000"}, {"fiscalDateEnding": "2014-12-31", "reportedCurrency": "USD", "grossProfit": "353600000", "totalRevenue": "973800000", "costOfRevenue": "620200000", "costofGoodsAndServicesSold": "620200000", "operatingIncome": "154400000", "sellingGeneralAndAdministrative": "191300000", "researchAndDevelopment": "0", "operatingExpenses": "282600000", "investmentIncomeNet": "None", "netInterestIncome": "None", "interestIncome": "None", "interestExpense": "33600000", "nonInterestIncome": "None", "otherNonOperatingIncome": "8300000", "depreciation": "None", "depreciationAndAmortization": "80000000", "incomeBeforeTax": "120600000", "incomeTaxExpense": "27100000", "interestAndDebtExpense": "None", "netIncomeFromContinuingOperations": "93500000", "comprehensiveIncomeNetOfTax": "None", "ebit": "80800000", "ebitda": "160800000", "netIncome": "94100000"}, {"fiscalDateEnding": "2014-09-30", "reportedCurrency": "USD", "grossProfit": "501400000", "totalRevenue": "1168000000", "costOfRevenue": "666600000", "costofGoodsAndServicesSold": "666600000", "operatingIncome": "3100000", "sellingGeneralAndAdministrative": "289600000", "researchAndDevelopment": "0", "operatingExpenses": "289600000", "investmentIncomeNet": "None", "netInterestIncome": "None", "interestIncome": "None", "interestExpense": "31300000", "nonInterestIncome": "None", "otherNonOperatingIncome": "-5000000", "depreciation": "None", "depreciationAndAmortization": "74600000", "incomeBeforeTax": "-33200000", "incomeTaxExpense": "700000", "interestAndDebtExpense": "None", "netIncomeFromContinuingOperations": "-33900000", "comprehensiveIncomeNetOfTax": "None", "ebit": "211800000", "ebitda": "286400000", "netIncome": "-34400000"}, {"fiscalDateEnding": "2014-06-30", "reportedCurrency": "USD", "grossProfit": "505200000", "totalRevenue": "1188500000", "costOfRevenue": "683300000", "costofGoodsAndServicesSold": "683300000", "operatingIncome": "364800000", "sellingGeneralAndAdministrative": "327800000", "researchAndDevelopment": "0", "operatingExpenses": "327800000", "investmentIncomeNet": "None", "netInterestIncome": "None", "interestIncome": "None", "interestExpense": "36200000", "nonInterestIncome": "None", "otherNonOperatingIncome": "700000", "depreciation": "None", "depreciationAndAmortization": "77200000", "incomeBeforeTax": "329300000", "incomeTaxExpense": "36400000", "interestAndDebtExpense": "None", "netIncomeFromContinuingOperations": "292900000", "comprehensiveIncomeNetOfTax": "None", "ebit": "177400000", "ebitda": "254600000", "netIncome": "290900000"}, {"fiscalDateEnding": "2014-03-31", "reportedCurrency": "USD", "grossProfit": "292800000", "totalRevenue": "816000000", "costOfRevenue": "523200000", "costofGoodsAndServicesSold": "523200000", "operatingIncome": "204200000", "sellingGeneralAndAdministrative": "263900000", "researchAndDevelopment": "0", "operatingExpenses": "263900000", "investmentIncomeNet": "None", "netInterestIncome": "None", "interestIncome": "None", "interestExpense": "35400000", "nonInterestIncome": "None", "otherNonOperatingIncome": "800000", "depreciation": "None", "depreciationAndAmortization": "81200000", "incomeBeforeTax": "169600000", "incomeTaxExpense": "4800000", "interestAndDebtExpense": "None", "netIncomeFromContinuingOperations": "164800000", "comprehensiveIncomeNetOfTax": "None", "ebit": "28900000", "ebitda": "110100000", "netIncome": "163400000"}, {"fiscalDateEnding": "2013-12-31", "reportedCurrency": "USD", "grossProfit": "384000000", "totalRevenue": "1028400000", "costOfRevenue": "644400000", "costofGoodsAndServicesSold": "644400000", "operatingIncome": "154100000", "sellingGeneralAndAdministrative": "162100000", "researchAndDevelopment": "0", "operatingExpenses": "296400000", "investmentIncomeNet": "None", "netInterestIncome": "None", "interestIncome": "None", "interestExpense": "36200000", "nonInterestIncome": "None", "otherNonOperatingIncome": "None", "depreciation": "None", "depreciationAndAmortization": "82400000", "incomeBeforeTax": "145300000", "incomeTaxExpense": "13700000", "interestAndDebtExpense": "None", "netIncomeFromContinuingOperations": "0", "comprehensiveIncomeNetOfTax": "None", "ebit": "99500000", "ebitda": "181900000", "netIncome": "131500000"}, {"fiscalDateEnding": "2013-09-30", "reportedCurrency": "USD", "grossProfit": "501200000", "totalRevenue": "1171200000", "costOfRevenue": "670000000", "costofGoodsAndServicesSold": "670000000", "operatingIncome": "178700000", "sellingGeneralAndAdministrative": "286400000", "researchAndDevelopment": "0", "operatingExpenses": "307800000", "investmentIncomeNet": "None", "netInterestIncome": "None", "interestIncome": "None", "interestExpense": "17800000", "nonInterestIncome": "None", "otherNonOperatingIncome": "-5500000", "depreciation": "None", "depreciationAndAmortization": "77200000", "incomeBeforeTax": "155400000", "incomeTaxExpense": "32700000", "interestAndDebtExpense": "None", "netIncomeFromContinuingOperations": "122700000", "comprehensiveIncomeNetOfTax": "None", "ebit": "214800000", "ebitda": "292000000", "netIncome": "121800000"}, {"fiscalDateEnding": "2013-06-30", "reportedCurrency": "USD", "grossProfit": "493900000", "totalRevenue": "1178000000", "costOfRevenue": "684100000", "costofGoodsAndServicesSold": "684100000", "operatingIncome": "360900000", "sellingGeneralAndAdministrative": "317400000", "researchAndDevelopment": "0", "operatingExpenses": "304300000", "investmentIncomeNet": "None", "netInterestIncome": "None", "interestIncome": "None", "interestExpense": "41200000", "nonInterestIncome": "None", "otherNonOperatingIncome": "-7300000", "depreciation": "None", "depreciationAndAmortization": "80700000", "incomeBeforeTax": "312400000", "incomeTaxExpense": "34100000", "interestAndDebtExpense": "None", "netIncomeFromContinuingOperations": "278300000", "comprehensiveIncomeNetOfTax": "None", "ebit": "174400000", "ebitda": "255100000", "netIncome": "278400000"}, {"fiscalDateEnding": "2013-03-31", "reportedCurrency": "USD", "grossProfit": "281400000", "totalRevenue": "828500000", "costOfRevenue": "547100000", "costofGoodsAndServicesSold": "547100000", "operatingIncome": "112000000", "sellingGeneralAndAdministrative": "290900000", "researchAndDevelopment": "0", "operatingExpenses": "285300000", "investmentIncomeNet": "None", "netInterestIncome": "None", "interestIncome": "None", "interestExpense": "74900000", "nonInterestIncome": "None", "otherNonOperatingIncome": "4300000", "depreciation": "None", "depreciationAndAmortization": "80200000", "incomeBeforeTax": "41400000", "incomeTaxExpense": "3500000", "interestAndDebtExpense": "None", "netIncomeFromContinuingOperations": "37900000", "comprehensiveIncomeNetOfTax": "None", "ebit": "-10700000", "ebitda": "69500000", "netIncome": "35600000"}, {"fiscalDateEnding": "2012-12-31", "reportedCurrency": "USD", "grossProfit": "383600000", "totalRevenue": "1030200000", "costOfRevenue": "646600000", "costofGoodsAndServicesSold": "646600000", "operatingIncome": "162700000", "sellingGeneralAndAdministrative": "624100000", "researchAndDevelopment": "0", "operatingExpenses": "272500000", "investmentIncomeNet": "None", "netInterestIncome": "None", "interestIncome": "None", "interestExpense": "35200000", "nonInterestIncome": "None", "otherNonOperatingIncome": "None", "depreciation": "None", "depreciationAndAmortization": "80700000", "incomeBeforeTax": "128500000", "incomeTaxExpense": "68800000", "interestAndDebtExpense": "None", "netIncomeFromContinuingOperations": "0", "comprehensiveIncomeNetOfTax": "None", "ebit": "461600000", "ebitda": "542300000", "netIncome": "60000000"}, {"fiscalDateEnding": "2012-09-30", "reportedCurrency": "USD", "grossProfit": "508500000", "totalRevenue": "1195500000", "costOfRevenue": "687000000", "costofGoodsAndServicesSold": "687000000", "operatingIncome": "304000000", "sellingGeneralAndAdministrative": "295500000", "researchAndDevelopment": "0", "operatingExpenses": "300600000", "investmentIncomeNet": "None", "netInterestIncome": "None", "interestIncome": "None", "interestExpense": "54400000", "nonInterestIncome": "None", "otherNonOperatingIncome": "None", "depreciation": "None", "depreciationAndAmortization": "80200000", "incomeBeforeTax": "243200000", "incomeTaxExpense": "42500000", "interestAndDebtExpense": "None", "netIncomeFromContinuingOperations": "0", "comprehensiveIncomeNetOfTax": "None", "ebit": "207900000", "ebitda": "288100000", "netIncome": "198400000"}, {"fiscalDateEnding": "2012-06-30", "reportedCurrency": "USD", "grossProfit": "419300000", "totalRevenue": "999400000", "costOfRevenue": "580100000", "costofGoodsAndServicesSold": "580100000", "operatingIncome": "278900000", "sellingGeneralAndAdministrative": "304800000", "researchAndDevelopment": "0", "operatingExpenses": "304800000", "investmentIncomeNet": "None", "netInterestIncome": "None", "interestIncome": "None", "interestExpense": "84600000", "nonInterestIncome": "None", "otherNonOperatingIncome": "None", "depreciation": "None", "depreciationAndAmortization": "58400000", "incomeBeforeTax": "123800000", "incomeTaxExpense": "25900000", "interestAndDebtExpense": "None", "netIncomeFromContinuingOperations": "0", "comprehensiveIncomeNetOfTax": "None", "ebit": "114500000", "ebitda": "172900000", "netIncome": "105100000"}, {"fiscalDateEnding": "2012-03-31", "reportedCurrency": "USD", "grossProfit": "252600000", "totalRevenue": "691400000", "costOfRevenue": "438800000", "costofGoodsAndServicesSold": "438800000", "operatingIncome": "121800000", "sellingGeneralAndAdministrative": "248200000", "researchAndDevelopment": "0", "operatingExpenses": "248200000", "investmentIncomeNet": "None", "netInterestIncome": "None", "interestIncome": "None", "interestExpense": "23800000", "nonInterestIncome": "None", "otherNonOperatingIncome": "None", "depreciation": "None", "depreciationAndAmortization": "53400000", "incomeBeforeTax": "96600000", "incomeTaxExpense": "17300000", "interestAndDebtExpense": "None", "netIncomeFromContinuingOperations": "0", "comprehensiveIncomeNetOfTax": "None", "ebit": "123300000", "ebitda": "176700000", "netIncome": "79500000"}, {"fiscalDateEnding": "2011-12-31", "reportedCurrency": "USD", "grossProfit": "389800000", "totalRevenue": "937300000", "costOfRevenue": "547500000", "costofGoodsAndServicesSold": "547500000", "operatingIncome": "214200000", "sellingGeneralAndAdministrative": "259900000", "researchAndDevelopment": "0", "operatingExpenses": "259900000", "investmentIncomeNet": "None", "netInterestIncome": "None", "interestIncome": "None", "interestExpense": "26200000", "nonInterestIncome": "None", "otherNonOperatingIncome": "None", "depreciation": "None", "depreciationAndAmortization": "55800000", "incomeBeforeTax": "181800000", "incomeTaxExpense": "9000000", "interestAndDebtExpense": "None", "netIncomeFromContinuingOperations": "0", "comprehensiveIncomeNetOfTax": "None", "ebit": "575200000", "ebitda": "631000000", "netIncome": "173200000"}, {"fiscalDateEnding": "2011-09-30", "reportedCurrency": "USD", "grossProfit": "403900000", "totalRevenue": "954400000", "costOfRevenue": "550500000", "costofGoodsAndServicesSold": "550500000", "operatingIncome": "255000000", "sellingGeneralAndAdministrative": "247900000", "researchAndDevelopment": "0", "operatingExpenses": "248200000", "investmentIncomeNet": "None", "netInterestIncome": "None", "interestIncome": "None", "interestExpense": "27300000", "nonInterestIncome": "None", "otherNonOperatingIncome": "-2300000", "depreciation": "None", "depreciationAndAmortization": "54200000", "incomeBeforeTax": "225400000", "incomeTaxExpense": "31100000", "interestAndDebtExpense": "None", "netIncomeFromContinuingOperations": "194300000", "comprehensiveIncomeNetOfTax": "None", "ebit": "255100000", "ebitda": "309300000", "netIncome": "197400000"}, {"fiscalDateEnding": "2011-06-30", "reportedCurrency": "USD", "grossProfit": "409700000", "totalRevenue": "933600000", "costOfRevenue": "523900000", "costofGoodsAndServicesSold": "523900000", "operatingIncome": "298000000", "sellingGeneralAndAdministrative": "272500000", "researchAndDevelopment": "0", "operatingExpenses": "272500000", "investmentIncomeNet": "None", "netInterestIncome": "None", "interestIncome": "None", "interestExpense": "27700000", "nonInterestIncome": "None", "otherNonOperatingIncome": "-1800000", "depreciation": "None", "depreciationAndAmortization": "56100000", "incomeBeforeTax": "268500000", "incomeTaxExpense": "43200000", "interestAndDebtExpense": "None", "netIncomeFromContinuingOperations": "225300000", "comprehensiveIncomeNetOfTax": "None", "ebit": "137200000", "ebitda": "193300000", "netIncome": "222800000"}, {"fiscalDateEnding": "2011-03-31", "reportedCurrency": "USD", "grossProfit": "263200000", "totalRevenue": "690400000", "costOfRevenue": "427200000", "costofGoodsAndServicesSold": "427200000", "operatingIncome": "126000000", "sellingGeneralAndAdministrative": "238400000", "researchAndDevelopment": "0", "operatingExpenses": "238400000", "investmentIncomeNet": "None", "netInterestIncome": "None", "interestIncome": "None", "interestExpense": "26800000", "nonInterestIncome": "None", "otherNonOperatingIncome": "-700000", "depreciation": "None", "depreciationAndAmortization": "51000000", "incomeBeforeTax": "98500000", "incomeTaxExpense": "16100000", "interestAndDebtExpense": "None", "netIncomeFromContinuingOperations": "82400000", "comprehensiveIncomeNetOfTax": "None", "ebit": "24800000", "ebitda": "75800000", "netIncome": "82900000"}, {"fiscalDateEnding": "2010-12-31", "reportedCurrency": "USD", "grossProfit": "359500000", "totalRevenue": "835100000", "costOfRevenue": "475600000", "costofGoodsAndServicesSold": "475600000", "operatingIncome": "161000000", "sellingGeneralAndAdministrative": "265000000", "researchAndDevelopment": "0", "operatingExpenses": "264900000", "investmentIncomeNet": "None", "netInterestIncome": "None", "interestIncome": "None", "interestExpense": "36500000", "nonInterestIncome": "None", "otherNonOperatingIncome": "None", "depreciation": "None", "depreciationAndAmortization": "68500000", "incomeBeforeTax": "124800000", "incomeTaxExpense": "14100000", "interestAndDebtExpense": "None", "netIncomeFromContinuingOperations": "0", "comprehensiveIncomeNetOfTax": "None", "ebit": "161300000", "ebitda": "229800000", "netIncome": "109800000"}, {"fiscalDateEnding": "2010-09-30", "reportedCurrency": "USD", "grossProfit": "417600000", "totalRevenue": "875000000", "costOfRevenue": "457400000", "costofGoodsAndServicesSold": "457400000", "operatingIncome": "300900000", "sellingGeneralAndAdministrative": "248900000", "researchAndDevelopment": "0", "operatingExpenses": "248900000", "investmentIncomeNet": "None", "netInterestIncome": "None", "interestIncome": "None", "interestExpense": "23900000", "nonInterestIncome": "None", "otherNonOperatingIncome": "None", "depreciation": "None", "depreciationAndAmortization": "41800000", "incomeBeforeTax": "318600000", "incomeTaxExpense": "60700000", "interestAndDebtExpense": "None", "netIncomeFromContinuingOperations": "0", "comprehensiveIncomeNetOfTax": "None", "ebit": "304000000", "ebitda": "345800000", "netIncome": "256100000"}, {"fiscalDateEnding": "2010-06-30", "reportedCurrency": "USD", "grossProfit": "408500000", "totalRevenue": "883300000", "costOfRevenue": "474800000", "costofGoodsAndServicesSold": "474800000", "operatingIncome": "295100000", "sellingGeneralAndAdministrative": "261200000", "researchAndDevelopment": "0", "operatingExpenses": "261200000", "investmentIncomeNet": "None", "netInterestIncome": "None", "interestIncome": "None", "interestExpense": "25400000", "nonInterestIncome": "None", "otherNonOperatingIncome": "None", "depreciation": "None", "depreciationAndAmortization": "45000000", "incomeBeforeTax": "291100000", "incomeTaxExpense": "52200000", "interestAndDebtExpense": "None", "netIncomeFromContinuingOperations": "0", "comprehensiveIncomeNetOfTax": "None", "ebit": "310900000", "ebitda": "355900000", "netIncome": "237200000"}, {"fiscalDateEnding": "2010-03-31", "reportedCurrency": "USD", "grossProfit": "256600000", "totalRevenue": "661000000", "costOfRevenue": "404400000", "costofGoodsAndServicesSold": "404400000", "operatingIncome": "107500000", "sellingGeneralAndAdministrative": "237500000", "researchAndDevelopment": "0", "operatingExpenses": "237500000", "investmentIncomeNet": "None", "netInterestIncome": "None", "interestIncome": "None", "interestExpense": "24400000", "nonInterestIncome": "None", "otherNonOperatingIncome": "None", "depreciation": "None", "depreciationAndAmortization": "47000000", "incomeBeforeTax": "74500000", "incomeTaxExpense": "11700000", "interestAndDebtExpense": "None", "netIncomeFromContinuingOperations": "0", "comprehensiveIncomeNetOfTax": "None", "ebit": "110100000", "ebitda": "157100000", "netIncome": "104600000"}, {"fiscalDateEnding": "2009-12-31", "reportedCurrency": "USD", "grossProfit": "345200000", "totalRevenue": "820800000", "costOfRevenue": "475600000", "costofGoodsAndServicesSold": "475600000", "operatingIncome": "136200000", "sellingGeneralAndAdministrative": "247500000", "researchAndDevelopment": "0", "operatingExpenses": "247500000", "investmentIncomeNet": "None", "netInterestIncome": "None", "interestIncome": "None", "interestExpense": "34300000", "nonInterestIncome": "None", "otherNonOperatingIncome": "None", "depreciation": "None", "depreciationAndAmortization": "52100000", "incomeBeforeTax": "132900000", "incomeTaxExpense": "-86000000", "interestAndDebtExpense": "None", "netIncomeFromContinuingOperations": "0", "comprehensiveIncomeNetOfTax": "None", "ebit": "167200000", "ebitda": "219300000", "netIncome": "222100000"}, {"fiscalDateEnding": "2009-09-30", "reportedCurrency": "USD", "grossProfit": "381100000", "totalRevenue": "853700000", "costOfRevenue": "472600000", "costofGoodsAndServicesSold": "472600000", "operatingIncome": "237300000", "sellingGeneralAndAdministrative": "240700000", "researchAndDevelopment": "0", "operatingExpenses": "240700000", "investmentIncomeNet": "None", "netInterestIncome": "None", "interestIncome": "None", "interestExpense": "22500000", "nonInterestIncome": "None", "otherNonOperatingIncome": "None", "depreciation": "None", "depreciationAndAmortization": "46500000", "incomeBeforeTax": "270700000", "incomeTaxExpense": "25300000", "interestAndDebtExpense": "None", "netIncomeFromContinuingOperations": "0", "comprehensiveIncomeNetOfTax": "None", "ebit": "88800000", "ebitda": "135300000", "netIncome": "235300000"}, {"fiscalDateEnding": "2009-06-30", "reportedCurrency": "USD", "grossProfit": "366300000", "totalRevenue": "798900000", "costOfRevenue": "432600000", "costofGoodsAndServicesSold": "432600000", "operatingIncome": "263300000", "sellingGeneralAndAdministrative": "230000000", "researchAndDevelopment": "0", "operatingExpenses": "230000000", "investmentIncomeNet": "None", "netInterestIncome": "None", "interestIncome": "None", "interestExpense": "19900000", "nonInterestIncome": "None", "otherNonOperatingIncome": "None", "depreciation": "None", "depreciationAndAmortization": "44400000", "incomeBeforeTax": "235100000", "incomeTaxExpense": "47300000", "interestAndDebtExpense": "None", "netIncomeFromContinuingOperations": "0", "comprehensiveIncomeNetOfTax": "None", "ebit": "255000000", "ebitda": "299400000", "netIncome": "187300000"}, {"fiscalDateEnding": "2009-03-31", "reportedCurrency": "USD", "grossProfit": "212900000", "totalRevenue": "559000000", "costOfRevenue": "346100000", "costofGoodsAndServicesSold": "346100000", "operatingIncome": "117200000", "sellingGeneralAndAdministrative": "182600000", "researchAndDevelopment": "0", "operatingExpenses": "182600000", "investmentIncomeNet": "None", "netInterestIncome": "None", "interestIncome": "None", "interestExpense": "19900000", "nonInterestIncome": "None", "otherNonOperatingIncome": "None", "depreciation": "None", "depreciationAndAmortization": "44400000", "incomeBeforeTax": "78800000", "incomeTaxExpense": "-1300000", "interestAndDebtExpense": "None", "netIncomeFromContinuingOperations": "0", "comprehensiveIncomeNetOfTax": "None", "ebit": "98700000", "ebitda": "143100000", "netIncome": "75700000"}, {"fiscalDateEnding": "2008-12-31", "reportedCurrency": "USD", "grossProfit": "291200000", "totalRevenue": "739100000", "costOfRevenue": "447900000", "costofGoodsAndServicesSold": "447900000", "operatingIncome": "145900000", "sellingGeneralAndAdministrative": "196800000", "researchAndDevelopment": "0", "operatingExpenses": "196600000", "investmentIncomeNet": "None", "netInterestIncome": "None", "interestIncome": "None", "interestExpense": "34700000", "nonInterestIncome": "None", "otherNonOperatingIncome": "None", "depreciation": "None", "depreciationAndAmortization": "49000000", "incomeBeforeTax": "113700000", "incomeTaxExpense": "22400000", "interestAndDebtExpense": "None", "netIncomeFromContinuingOperations": "0", "comprehensiveIncomeNetOfTax": "None", "ebit": "148400000", "ebitda": "197400000", "netIncome": "96700000"}, {"fiscalDateEnding": "2008-09-30", "reportedCurrency": "USD", "grossProfit": "396700000", "totalRevenue": "921100000", "costOfRevenue": "524400000", "costofGoodsAndServicesSold": "524400000", "operatingIncome": "241600000", "sellingGeneralAndAdministrative": "236800000", "researchAndDevelopment": "0", "operatingExpenses": "236800000", "investmentIncomeNet": "None", "netInterestIncome": "None", "interestIncome": "None", "interestExpense": "21600000", "nonInterestIncome": "None", "otherNonOperatingIncome": "None", "depreciation": "None", "depreciationAndAmortization": "57200000", "incomeBeforeTax": "227700000", "incomeTaxExpense": "57000000", "interestAndDebtExpense": "None", "netIncomeFromContinuingOperations": "0", "comprehensiveIncomeNetOfTax": "None", "ebit": "209200000", "ebitda": "266400000", "netIncome": "173200000"}, {"fiscalDateEnding": "2008-06-30", "reportedCurrency": "USD", "grossProfit": "723800000", "totalRevenue": "1757400000", "costOfRevenue": "1033600000", "costofGoodsAndServicesSold": "1033600000", "operatingIncome": "156700000", "sellingGeneralAndAdministrative": "463200000", "researchAndDevelopment": "0", "operatingExpenses": "463200000", "investmentIncomeNet": "None", "netInterestIncome": "None", "interestIncome": "None", "interestExpense": "23100000", "nonInterestIncome": "None", "otherNonOperatingIncome": "None", "depreciation": "None", "depreciationAndAmortization": "84900000", "incomeBeforeTax": "127600000", "incomeTaxExpense": "28900000", "interestAndDebtExpense": "None", "netIncomeFromContinuingOperations": "0", "comprehensiveIncomeNetOfTax": "None", "ebit": "150700000", "ebitda": "235600000", "netIncome": "80900000"}, {"fiscalDateEnding": "2008-03-31", "reportedCurrency": "USD", "grossProfit": "521600000", "totalRevenue": "1356600000", "costOfRevenue": "835000000", "costofGoodsAndServicesSold": "835000000", "operatingIncome": "77700000", "sellingGeneralAndAdministrative": "436600000", "researchAndDevelopment": "0", "operatingExpenses": "436600000", "investmentIncomeNet": "None", "netInterestIncome": "None", "interestIncome": "None", "interestExpense": "23900000", "nonInterestIncome": "None", "otherNonOperatingIncome": "None", "depreciation": "None", "depreciationAndAmortization": "82300000", "incomeBeforeTax": "46000000", "incomeTaxExpense": "-5500000", "interestAndDebtExpense": "None", "netIncomeFromContinuingOperations": "0", "comprehensiveIncomeNetOfTax": "None", "ebit": "69900000", "ebitda": "152200000", "netIncome": "37100000"}, {"fiscalDateEnding": "2007-12-31", "reportedCurrency": "USD", "grossProfit": "621748000", "totalRevenue": "1600306000", "costOfRevenue": "978558000", "costofGoodsAndServicesSold": "978558000", "operatingIncome": "178835000", "sellingGeneralAndAdministrative": "419700000", "researchAndDevelopment": "0", "operatingExpenses": "419666000", "investmentIncomeNet": "None", "netInterestIncome": "None", "interestIncome": "None", "interestExpense": "50948000", "nonInterestIncome": "None", "otherNonOperatingIncome": "None", "depreciation": "None", "depreciationAndAmortization": "90947000", "incomeBeforeTax": "154024000", "incomeTaxExpense": "-23858000", "interestAndDebtExpense": "None", "netIncomeFromContinuingOperations": "0", "comprehensiveIncomeNetOfTax": "None", "ebit": "204972000", "ebitda": "295919000", "netIncome": "173150000"}, {"fiscalDateEnding": "2007-09-30", "reportedCurrency": "USD", "grossProfit": "698104000", "totalRevenue": "1685408000", "costOfRevenue": "987304000", "costofGoodsAndServicesSold": "987304000", "operatingIncome": "181717000", "sellingGeneralAndAdministrative": "461050000", "researchAndDevelopment": "0", "operatingExpenses": "461050000", "investmentIncomeNet": "None", "netInterestIncome": "None", "interestIncome": "None", "interestExpense": "24229000", "nonInterestIncome": "None", "otherNonOperatingIncome": "None", "depreciation": "None", "depreciationAndAmortization": "87456000", "incomeBeforeTax": "134929000", "incomeTaxExpense": "-5692000", "interestAndDebtExpense": "None", "netIncomeFromContinuingOperations": "0", "comprehensiveIncomeNetOfTax": "None", "ebit": "159144000", "ebitda": "246600000", "netIncome": "134672000"}, {"fiscalDateEnding": "2007-06-30", "reportedCurrency": "USD", "grossProfit": "709370000", "totalRevenue": "1676267000", "costOfRevenue": "966897000", "costofGoodsAndServicesSold": "966897000", "operatingIncome": "227097000", "sellingGeneralAndAdministrative": "456900000", "researchAndDevelopment": "0", "operatingExpenses": "456894000", "investmentIncomeNet": "None", "netInterestIncome": "None", "interestIncome": "None", "interestExpense": "24967000", "nonInterestIncome": "None", "otherNonOperatingIncome": "None", "depreciation": "None", "depreciationAndAmortization": "84041000", "incomeBeforeTax": "217072000", "incomeTaxExpense": "28423000", "interestAndDebtExpense": "None", "netIncomeFromContinuingOperations": "0", "comprehensiveIncomeNetOfTax": "None", "ebit": "241959000", "ebitda": "326000000", "netIncome": "184963000"}, {"fiscalDateEnding": "2007-03-31", "reportedCurrency": "USD", "grossProfit": "458449000", "totalRevenue": "1228611000", "costOfRevenue": "770162000", "costofGoodsAndServicesSold": "770162000", "operatingIncome": "53420000", "sellingGeneralAndAdministrative": "396800000", "researchAndDevelopment": "0", "operatingExpenses": "396798000", "investmentIncomeNet": "None", "netInterestIncome": "None", "interestIncome": "None", "interestExpense": "26318000", "nonInterestIncome": "None", "otherNonOperatingIncome": "None", "depreciation": "None", "depreciationAndAmortization": "83399000", "incomeBeforeTax": "28353000", "incomeTaxExpense": "5313000", "interestAndDebtExpense": "None", "netIncomeFromContinuingOperations": "0", "comprehensiveIncomeNetOfTax": "None", "ebit": "54601000", "ebitda": "138000000", "netIncome": "4407000"}, {"fiscalDateEnding": "2006-12-31", "reportedCurrency": "USD", "grossProfit": "604158000", "totalRevenue": "1531290000", "costOfRevenue": "927132000", "costofGoodsAndServicesSold": "927132000", "operatingIncome": "173718000", "sellingGeneralAndAdministrative": "434160000", "researchAndDevelopment": "0", "operatingExpenses": "434160000", "investmentIncomeNet": "None", "netInterestIncome": "None", "interestIncome": "None", "interestExpense": "45953000", "nonInterestIncome": "None", "otherNonOperatingIncome": "None", "depreciation": "None", "depreciationAndAmortization": "99898000", "incomeBeforeTax": "152565000", "incomeTaxExpense": "37180000", "interestAndDebtExpense": "None", "netIncomeFromContinuingOperations": "0", "comprehensiveIncomeNetOfTax": "None", "ebit": "198518000", "ebitda": "298416000", "netIncome": "99247000"}, {"fiscalDateEnding": "2006-09-30", "reportedCurrency": "USD", "grossProfit": "669519000", "totalRevenue": "1576824000", "costOfRevenue": "907305000", "costofGoodsAndServicesSold": "907305000", "operatingIncome": "206960000", "sellingGeneralAndAdministrative": "434100000", "researchAndDevelopment": "0", "operatingExpenses": "434106000", "investmentIncomeNet": "None", "netInterestIncome": "None", "interestIncome": "None", "interestExpense": "28268000", "nonInterestIncome": "None", "otherNonOperatingIncome": "None", "depreciation": "None", "depreciationAndAmortization": "110242000", "incomeBeforeTax": "185113000", "incomeTaxExpense": "57628000", "interestAndDebtExpense": "None", "netIncomeFromContinuingOperations": "0", "comprehensiveIncomeNetOfTax": "None", "ebit": "213381000", "ebitda": "323623000", "netIncome": "135794000"}, {"fiscalDateEnding": "2006-06-30", "reportedCurrency": "USD", "grossProfit": "663049000", "totalRevenue": "1583025000", "costOfRevenue": "919976000", "costofGoodsAndServicesSold": "919976000", "operatingIncome": "188928000", "sellingGeneralAndAdministrative": "448300000", "researchAndDevelopment": "0", "operatingExpenses": "448281000", "investmentIncomeNet": "None", "netInterestIncome": "None", "interestIncome": "None", "interestExpense": "36894000", "nonInterestIncome": "None", "otherNonOperatingIncome": "None", "depreciation": "None", "depreciationAndAmortization": "116990000", "incomeBeforeTax": "157079000", "incomeTaxExpense": "-4965000", "interestAndDebtExpense": "None", "netIncomeFromContinuingOperations": "0", "comprehensiveIncomeNetOfTax": "None", "ebit": "193973000", "ebitda": "310963000", "netIncome": "156227000"}, {"fiscalDateEnding": "2006-03-31", "reportedCurrency": "USD", "grossProfit": "427178000", "totalRevenue": "1153846000", "costOfRevenue": "726668000", "costofGoodsAndServicesSold": "726668000", "operatingIncome": "11489000", "sellingGeneralAndAdministrative": "388900000", "researchAndDevelopment": "0", "operatingExpenses": "388858000", "investmentIncomeNet": "None", "netInterestIncome": "None", "interestIncome": "None", "interestExpense": "31955000", "nonInterestIncome": "None", "otherNonOperatingIncome": "None", "depreciation": "None", "depreciationAndAmortization": "111224000", "incomeBeforeTax": "-22707000", "incomeTaxExpense": "-7438000", "interestAndDebtExpense": "None", "netIncomeFromContinuingOperations": "0", "comprehensiveIncomeNetOfTax": "None", "ebit": "9248000", "ebitda": "120472000", "netIncome": "-30237000"}, {"fiscalDateEnding": "2005-12-31", "reportedCurrency": "USD", "grossProfit": "503410000", "totalRevenue": "1234586000", "costOfRevenue": "731176000", "costofGoodsAndServicesSold": "731176000", "operatingIncome": "172541000", "sellingGeneralAndAdministrative": "418200000", "researchAndDevelopment": "0", "operatingExpenses": "347343000", "investmentIncomeNet": "None", "netInterestIncome": "None", "interestIncome": "None", "interestExpense": "29001000", "nonInterestIncome": "None", "otherNonOperatingIncome": "None", "depreciation": "None", "depreciationAndAmortization": "95584000", "incomeBeforeTax": "157191000", "incomeTaxExpense": "21167000", "interestAndDebtExpense": "None", "netIncomeFromContinuingOperations": "0", "comprehensiveIncomeNetOfTax": "None", "ebit": "186192000", "ebitda": "281776000", "netIncome": "22384000"}, {"fiscalDateEnding": "2005-09-30", "reportedCurrency": "USD", "grossProfit": "661436000", "totalRevenue": "1596862000", "costOfRevenue": "935426000", "costofGoodsAndServicesSold": "935426000", "operatingIncome": "162482000", "sellingGeneralAndAdministrative": "430500000", "researchAndDevelopment": "0", "operatingExpenses": "465461000", "investmentIncomeNet": "None", "netInterestIncome": "None", "interestIncome": "None", "interestExpense": "40232000", "nonInterestIncome": "None", "otherNonOperatingIncome": "None", "depreciation": "None", "depreciationAndAmortization": "108221000", "incomeBeforeTax": "115845000", "incomeTaxExpense": "7372000", "interestAndDebtExpense": "None", "netIncomeFromContinuingOperations": "0", "comprehensiveIncomeNetOfTax": "None", "ebit": "165974000", "ebitda": "274195000", "netIncome": "108198000"}, {"fiscalDateEnding": "2005-06-30", "reportedCurrency": "USD", "grossProfit": "671080000", "totalRevenue": "1611313000", "costOfRevenue": "940233000", "costofGoodsAndServicesSold": "940233000", "operatingIncome": "107716000", "sellingGeneralAndAdministrative": "446400000", "researchAndDevelopment": "0", "operatingExpenses": "475691000", "investmentIncomeNet": "None", "netInterestIncome": "None", "interestIncome": "None", "interestExpense": "27701000", "nonInterestIncome": "None", "otherNonOperatingIncome": "None", "depreciation": "None", "depreciationAndAmortization": "105748000", "incomeBeforeTax": "70556000", "incomeTaxExpense": "37418000", "interestAndDebtExpense": "None", "netIncomeFromContinuingOperations": "0", "comprehensiveIncomeNetOfTax": "None", "ebit": "160148000", "ebitda": "265896000", "netIncome": "38546000"}, {"fiscalDateEnding": "2005-03-31", "reportedCurrency": "USD", "grossProfit": "364031000", "totalRevenue": "1064145000", "costOfRevenue": "700114000", "costofGoodsAndServicesSold": "700114000", "operatingIncome": "-20690000", "sellingGeneralAndAdministrative": "337400000", "researchAndDevelopment": "0", "operatingExpenses": "344021000", "investmentIncomeNet": "None", "netInterestIncome": "None", "interestIncome": "None", "interestExpense": "25403000", "nonInterestIncome": "None", "otherNonOperatingIncome": "None", "depreciation": "None", "depreciationAndAmortization": "83261000", "incomeBeforeTax": "-48391000", "incomeTaxExpense": "-3339000", "interestAndDebtExpense": "None", "netIncomeFromContinuingOperations": "0", "comprehensiveIncomeNetOfTax": "None", "ebit": "-25447000", "ebitda": "57814000", "netIncome": "-46538000"}, {"fiscalDateEnding": "2004-12-31", "reportedCurrency": "USD", "grossProfit": "388763000", "totalRevenue": "1127305000", "costOfRevenue": "738542000", "costofGoodsAndServicesSold": "738542000", "operatingIncome": "90923000", "sellingGeneralAndAdministrative": "305400000", "researchAndDevelopment": "0", "operatingExpenses": "297840000", "investmentIncomeNet": "None", "netInterestIncome": "None", "interestIncome": "None", "interestExpense": "72441000", "nonInterestIncome": "None", "otherNonOperatingIncome": "None", "depreciation": "None", "depreciationAndAmortization": "66148000", "incomeBeforeTax": "85628000", "incomeTaxExpense": "25570000", "interestAndDebtExpense": "None", "netIncomeFromContinuingOperations": "0", "comprehensiveIncomeNetOfTax": "None", "ebit": "90923000", "ebitda": "157071000", "netIncome": "55718000"}]}