{"symbol": "WRB", "annualReports": [{"fiscalDateEnding": "2024-12-31", "reportedCurrency": "USD", "grossProfit": "13638752000", "totalRevenue": "13691128000", "costOfRevenue": "52376000", "costofGoodsAndServicesSold": "52376000", "operatingIncome": "2264493000", "sellingGeneralAndAdministrative": "None", "researchAndDevelopment": "None", "operatingExpenses": "11426635000", "investmentIncomeNet": "None", "netInterestIncome": "-126907000", "interestIncome": "None", "interestExpense": "126907000", "nonInterestIncome": "None", "otherNonOperatingIncome": "None", "depreciation": "None", "depreciationAndAmortization": "-170638000", "incomeBeforeTax": "2264493000", "incomeTaxExpense": "509916000", "interestAndDebtExpense": "None", "netIncomeFromContinuingOperations": "1754577000", "comprehensiveIncomeNetOfTax": "None", "ebit": "2391400000", "ebitda": "2220762000", "netIncome": "1756115000"}, {"fiscalDateEnding": "2023-12-31", "reportedCurrency": "USD", "grossProfit": "8779002000", "totalRevenue": "12142938000", "costOfRevenue": "3363936000", "costofGoodsAndServicesSold": "3363936000", "operatingIncome": "1754403000", "sellingGeneralAndAdministrative": "None", "researchAndDevelopment": "None", "operatingExpenses": "7024599000", "investmentIncomeNet": "None", "netInterestIncome": "-127481000", "interestIncome": "None", "interestExpense": "127459000", "nonInterestIncome": "None", "otherNonOperatingIncome": "None", "depreciation": "None", "depreciationAndAmortization": "-20861000", "incomeBeforeTax": "1754403000", "incomeTaxExpense": "370557000", "interestAndDebtExpense": "None", "netIncomeFromContinuingOperations": "1366867000", "comprehensiveIncomeNetOfTax": "None", "ebit": "1881862000", "ebitda": "1861001000", "netIncome": "1381359000"}, {"fiscalDateEnding": "2022-12-31", "reportedCurrency": "USD", "grossProfit": "8255924000", "totalRevenue": "11217429000", "costOfRevenue": "2961505000", "costofGoodsAndServicesSold": "2961505000", "operatingIncome": "1846163000", "sellingGeneralAndAdministrative": "1774802000", "researchAndDevelopment": "None", "operatingExpenses": "3505624000", "investmentIncomeNet": "None", "netInterestIncome": "-130374000", "interestIncome": "130374000", "interestExpense": "130374000", "nonInterestIncome": "None", "otherNonOperatingIncome": "None", "depreciation": "None", "depreciationAndAmortization": "55872000", "incomeBeforeTax": "1719681000", "incomeTaxExpense": "334727000", "interestAndDebtExpense": "None", "netIncomeFromContinuingOperations": "1384954000", "comprehensiveIncomeNetOfTax": "None", "ebit": "1850055000", "ebitda": "1905927000", "netIncome": "1381062000"}, {"fiscalDateEnding": "2021-12-31", "reportedCurrency": "USD", "grossProfit": "6881921000", "totalRevenue": "9481191000", "costOfRevenue": "2599270000", "costofGoodsAndServicesSold": "2599270000", "operatingIncome": "781052000", "sellingGeneralAndAdministrative": "130054000", "researchAndDevelopment": "None", "operatingExpenses": "3085625000", "investmentIncomeNet": "None", "netInterestIncome": "-147180000", "interestIncome": "147180000", "interestExpense": "147180000", "nonInterestIncome": "None", "otherNonOperatingIncome": "None", "depreciation": "None", "depreciationAndAmortization": "129681999", "incomeBeforeTax": "1282905000", "incomeTaxExpense": "251890000", "interestAndDebtExpense": "None", "netIncomeFromContinuingOperations": "1031015000", "comprehensiveIncomeNetOfTax": "None", "ebit": "1430085001", "ebitda": "1559767000", "netIncome": "1022490000"}, {"fiscalDateEnding": "2020-12-31", "reportedCurrency": "USD", "grossProfit": "5708170000", "totalRevenue": "8098562000", "costOfRevenue": "2390392000", "costofGoodsAndServicesSold": "2390392000", "operatingIncome": "310003000", "sellingGeneralAndAdministrative": "130015000", "researchAndDevelopment": "None", "operatingExpenses": "2766077000", "investmentIncomeNet": "None", "netInterestIncome": "-150537000", "interestIncome": "150537000", "interestExpense": "150537000", "nonInterestIncome": "None", "otherNonOperatingIncome": "None", "depreciation": "None", "depreciationAndAmortization": "135065000", "incomeBeforeTax": "704802000", "incomeTaxExpense": "171817000", "interestAndDebtExpense": "None", "netIncomeFromContinuingOperations": "532985000", "comprehensiveIncomeNetOfTax": "None", "ebit": "855339000", "ebitda": "990404000", "netIncome": "530670000"}, {"fiscalDateEnding": "2019-12-31", "reportedCurrency": "USD", "grossProfit": "5570829000", "totalRevenue": "7932911000", "costOfRevenue": "2362082000", "costofGoodsAndServicesSold": "2362082000", "operatingIncome": "440968000", "sellingGeneralAndAdministrative": "145424000", "researchAndDevelopment": "None", "operatingExpenses": "2795466000", "investmentIncomeNet": "None", "netInterestIncome": "-153409000", "interestIncome": "122694000", "interestExpense": "153409000", "nonInterestIncome": "None", "otherNonOperatingIncome": "None", "depreciation": "None", "depreciationAndAmortization": "113387000", "incomeBeforeTax": "852920000", "incomeTaxExpense": "168935000", "interestAndDebtExpense": "None", "netIncomeFromContinuingOperations": "683985000", "comprehensiveIncomeNetOfTax": "None", "ebit": "440968000", "ebitda": "554355000", "netIncome": "681944000"}, {"fiscalDateEnding": "2018-12-31", "reportedCurrency": "USD", "grossProfit": "5335497000", "totalRevenue": "7718718000", "costOfRevenue": "2383221000", "costofGoodsAndServicesSold": "2383221000", "operatingIncome": "960962000", "sellingGeneralAndAdministrative": "118357000", "researchAndDevelopment": "None", "operatingExpenses": "-6757756000", "investmentIncomeNet": "None", "netInterestIncome": "-157185000", "interestIncome": "130118000", "interestExpense": "157185000", "nonInterestIncome": "None", "otherNonOperatingIncome": "None", "depreciation": "None", "depreciationAndAmortization": "131108000", "incomeBeforeTax": "812094000", "incomeTaxExpense": "163028000", "interestAndDebtExpense": "None", "netIncomeFromContinuingOperations": "649066000", "comprehensiveIncomeNetOfTax": "None", "ebit": "960962000", "ebitda": "1092070000", "netIncome": "640749000"}, {"fiscalDateEnding": "2017-12-31", "reportedCurrency": "USD", "grossProfit": "5232565000", "totalRevenue": "7669497000", "costOfRevenue": "2436932000", "costofGoodsAndServicesSold": "2436932000", "operatingIncome": "915824000", "sellingGeneralAndAdministrative": "129776000", "researchAndDevelopment": "0", "operatingExpenses": "2747082000", "investmentIncomeNet": "None", "netInterestIncome": "-147297000", "interestIncome": "162564000", "interestExpense": "147297000", "nonInterestIncome": "None", "otherNonOperatingIncome": "None", "depreciation": "None", "depreciationAndAmortization": "112956000", "incomeBeforeTax": "772770000", "incomeTaxExpense": "219433000", "interestAndDebtExpense": "None", "netIncomeFromContinuingOperations": "553337000", "comprehensiveIncomeNetOfTax": "None", "ebit": "915824000", "ebitda": "1028780000", "netIncome": "549094000"}, {"fiscalDateEnding": "2016-12-31", "reportedCurrency": "USD", "grossProfit": "5270469000", "totalRevenue": "7666088000", "costOfRevenue": "2395619000", "costofGoodsAndServicesSold": "2395619000", "operatingIncome": "1035765000", "sellingGeneralAndAdministrative": "138908000", "researchAndDevelopment": "0", "operatingExpenses": "2782954000", "investmentIncomeNet": "None", "netInterestIncome": "-140896000", "interestIncome": "128992000", "interestExpense": "140896000", "nonInterestIncome": "None", "otherNonOperatingIncome": "None", "depreciation": "None", "depreciationAndAmortization": "86051000", "incomeBeforeTax": "896438000", "incomeTaxExpense": "292953000", "interestAndDebtExpense": "None", "netIncomeFromContinuingOperations": "603485000", "comprehensiveIncomeNetOfTax": "None", "ebit": "1035765000", "ebitda": "1121816000", "netIncome": "601916000"}, {"fiscalDateEnding": "2015-12-31", "reportedCurrency": "USD", "grossProfit": "4495205000", "totalRevenue": "6784955000", "costOfRevenue": "2289750000", "costofGoodsAndServicesSold": "2289750000", "operatingIncome": "862563000", "sellingGeneralAndAdministrative": "127365000", "researchAndDevelopment": "0", "operatingExpenses": "6343481000", "investmentIncomeNet": "None", "netInterestIncome": "None", "interestIncome": "131346000", "interestExpense": "130946000", "nonInterestIncome": "None", "otherNonOperatingIncome": "None", "depreciation": "None", "depreciationAndAmortization": "85139000", "incomeBeforeTax": "732030000", "incomeTaxExpense": "227923000", "interestAndDebtExpense": "None", "netIncomeFromContinuingOperations": "504107000", "comprehensiveIncomeNetOfTax": "None", "ebit": "862563000", "ebitda": "947702000", "netIncome": "503694000"}, {"fiscalDateEnding": "2014-12-31", "reportedCurrency": "USD", "grossProfit": "4561477000", "totalRevenue": "6718933000", "costOfRevenue": "2157456000", "costofGoodsAndServicesSold": "2157456000", "operatingIncome": "1079651000", "sellingGeneralAndAdministrative": "0", "researchAndDevelopment": "0", "operatingExpenses": "6048558000", "investmentIncomeNet": "None", "netInterestIncome": "None", "interestIncome": "None", "interestExpense": "128174000", "nonInterestIncome": "None", "otherNonOperatingIncome": "None", "depreciation": "None", "depreciationAndAmortization": "88836000", "incomeBeforeTax": "952196000", "incomeTaxExpense": "302593000", "interestAndDebtExpense": "None", "netIncomeFromContinuingOperations": "649603000", "comprehensiveIncomeNetOfTax": "None", "ebit": "1079651000", "ebitda": "1168487000", "netIncome": "648884000"}, {"fiscalDateEnding": "2013-12-31", "reportedCurrency": "USD", "grossProfit": "4010347000", "totalRevenue": "6011031000", "costOfRevenue": "2000684000", "costofGoodsAndServicesSold": "2000684000", "operatingIncome": "816689000", "sellingGeneralAndAdministrative": "0", "researchAndDevelopment": "0", "operatingExpenses": "5586468999", "investmentIncomeNet": "None", "netInterestIncome": "None", "interestIncome": "None", "interestExpense": "123177000", "nonInterestIncome": "None", "otherNonOperatingIncome": "None", "depreciation": "None", "depreciationAndAmortization": "103090000", "incomeBeforeTax": "698888000", "incomeTaxExpense": "193587000", "interestAndDebtExpense": "None", "netIncomeFromContinuingOperations": "505301000", "comprehensiveIncomeNetOfTax": "None", "ebit": "816689000", "ebitda": "919779000", "netIncome": "499925000"}, {"fiscalDateEnding": "2012-12-31", "reportedCurrency": "USD", "grossProfit": "3776818000", "totalRevenue": "5576441000", "costOfRevenue": "1799623000", "costofGoodsAndServicesSold": "1799623000", "operatingIncome": "828179000", "sellingGeneralAndAdministrative": "0", "researchAndDevelopment": "0", "operatingExpenses": "4995324000", "investmentIncomeNet": "None", "netInterestIncome": "None", "interestIncome": "None", "interestExpense": "126302000", "nonInterestIncome": "None", "otherNonOperatingIncome": "None", "depreciation": "None", "depreciationAndAmortization": "103419000", "incomeBeforeTax": "701928000", "incomeTaxExpense": "191285000", "interestAndDebtExpense": "None", "netIncomeFromContinuingOperations": "510643000", "comprehensiveIncomeNetOfTax": "None", "ebit": "828179000", "ebitda": "931598000", "netIncome": "510592000"}, {"fiscalDateEnding": "2011-12-31", "reportedCurrency": "USD", "grossProfit": "3534655000", "totalRevenue": "5155984000", "costOfRevenue": "1621329000", "costofGoodsAndServicesSold": "1621329000", "operatingIncome": "630865000", "sellingGeneralAndAdministrative": "1621329000", "researchAndDevelopment": "0", "operatingExpenses": "3016372000", "investmentIncomeNet": "None", "netInterestIncome": "None", "interestIncome": "None", "interestExpense": "112512000", "nonInterestIncome": "None", "otherNonOperatingIncome": "None", "depreciation": "None", "depreciationAndAmortization": "88012000", "incomeBeforeTax": "518283000", "incomeTaxExpense": "123550000", "interestAndDebtExpense": "None", "netIncomeFromContinuingOperations": "None", "comprehensiveIncomeNetOfTax": "None", "ebit": "630865000", "ebitda": "718877000", "netIncome": "394803000"}, {"fiscalDateEnding": "2010-12-31", "reportedCurrency": "USD", "grossProfit": "4724069000", "totalRevenue": "4724069000", "costOfRevenue": "4120764000", "costofGoodsAndServicesSold": "4120764000", "operatingIncome": "709995000", "sellingGeneralAndAdministrative": "1496362000", "researchAndDevelopment": "0", "operatingExpenses": "-4014074000", "investmentIncomeNet": "None", "netInterestIncome": "None", "interestIncome": "None", "interestExpense": "106969000", "nonInterestIncome": "None", "otherNonOperatingIncome": "None", "depreciation": "None", "depreciationAndAmortization": "82867000", "incomeBeforeTax": "603305000", "incomeTaxExpense": "153739000", "interestAndDebtExpense": "None", "netIncomeFromContinuingOperations": "449566000", "comprehensiveIncomeNetOfTax": "None", "ebit": "709995000", "ebitda": "792862000", "netIncome": "449287000"}, {"fiscalDateEnding": "2009-12-31", "reportedCurrency": "USD", "grossProfit": "4431178000", "totalRevenue": "4431178000", "costOfRevenue": "3910945000", "costofGoodsAndServicesSold": "3910945000", "operatingIncome": "470196000", "sellingGeneralAndAdministrative": "1440838000", "researchAndDevelopment": "None", "operatingExpenses": "-3960982000", "investmentIncomeNet": "None", "netInterestIncome": "None", "interestIncome": "None", "interestExpense": "87989000", "nonInterestIncome": "None", "otherNonOperatingIncome": "None", "depreciation": "None", "depreciationAndAmortization": "78875000", "incomeBeforeTax": "382230000", "incomeTaxExpense": "73150000", "interestAndDebtExpense": "None", "netIncomeFromContinuingOperations": "None", "comprehensiveIncomeNetOfTax": "None", "ebit": "470196000", "ebitda": "549071000", "netIncome": "309057000"}, {"fiscalDateEnding": "2008-12-31", "reportedCurrency": "USD", "grossProfit": "4708808000", "totalRevenue": "4708808000", "costOfRevenue": "4283233000", "costofGoodsAndServicesSold": "4283233000", "operatingIncome": "410683000", "sellingGeneralAndAdministrative": "None", "researchAndDevelopment": "None", "operatingExpenses": "-4298125000", "investmentIncomeNet": "None", "netInterestIncome": "None", "interestIncome": "None", "interestExpense": "84623000", "nonInterestIncome": "None", "otherNonOperatingIncome": "None", "depreciation": "None", "depreciationAndAmortization": "83953000", "incomeBeforeTax": "326322000", "incomeTaxExpense": "44919000", "interestAndDebtExpense": "None", "netIncomeFromContinuingOperations": "None", "comprehensiveIncomeNetOfTax": "None", "ebit": "410683000", "ebitda": "494636000", "netIncome": "281141000"}, {"fiscalDateEnding": "2007-12-31", "reportedCurrency": "USD", "grossProfit": "5553639000", "totalRevenue": "5553639000", "costOfRevenue": "4374243000", "costofGoodsAndServicesSold": "4374243000", "operatingIncome": "1143547000", "sellingGeneralAndAdministrative": "None", "researchAndDevelopment": "None", "operatingExpenses": "-4410092000", "investmentIncomeNet": "None", "netInterestIncome": "None", "interestIncome": "None", "interestExpense": "88996000", "nonInterestIncome": "None", "otherNonOperatingIncome": "None", "depreciation": "None", "depreciationAndAmortization": "73697000", "incomeBeforeTax": "1057634000", "incomeTaxExpense": "310905000", "interestAndDebtExpense": "None", "netIncomeFromContinuingOperations": "None", "comprehensiveIncomeNetOfTax": "None", "ebit": "1143547000", "ebitda": "1217244000", "netIncome": "743646000"}, {"fiscalDateEnding": "2006-12-31", "reportedCurrency": "USD", "grossProfit": "5394831000", "totalRevenue": "5394831000", "costOfRevenue": "4284050000", "costofGoodsAndServicesSold": "4284050000", "operatingIncome": "1078438000", "sellingGeneralAndAdministrative": "None", "researchAndDevelopment": "None", "operatingExpenses": "-4316393000", "investmentIncomeNet": "None", "netInterestIncome": "None", "interestIncome": "None", "interestExpense": "92522000", "nonInterestIncome": "None", "otherNonOperatingIncome": "None", "depreciation": "None", "depreciationAndAmortization": "65674000", "incomeBeforeTax": "988645000", "incomeTaxExpense": "286398000", "interestAndDebtExpense": "None", "netIncomeFromContinuingOperations": "None", "comprehensiveIncomeNetOfTax": "None", "ebit": "1078438000", "ebitda": "1144112000", "netIncome": "699518000"}, {"fiscalDateEnding": "2005-12-31", "reportedCurrency": "USD", "grossProfit": "4996839000", "totalRevenue": "4996839000", "costOfRevenue": "4114030000", "costofGoodsAndServicesSold": "4114030000", "operatingIncome": "853339000", "sellingGeneralAndAdministrative": "None", "researchAndDevelopment": "None", "operatingExpenses": "-4143500000", "investmentIncomeNet": "None", "netInterestIncome": "None", "interestIncome": "None", "interestExpense": "85926000", "nonInterestIncome": "None", "otherNonOperatingIncome": "None", "depreciation": "None", "depreciationAndAmortization": "63854000", "incomeBeforeTax": "770537000", "incomeTaxExpense": "222521000", "interestAndDebtExpense": "None", "netIncomeFromContinuingOperations": "None", "comprehensiveIncomeNetOfTax": "None", "ebit": "853339000", "ebitda": "917193000", "netIncome": "544892000"}], "quarterlyReports": [{"fiscalDateEnding": "2024-12-31", "reportedCurrency": "USD", "grossProfit": "3721268000", "totalRevenue": "3721268000", "costOfRevenue": "None", "costofGoodsAndServicesSold": "None", "operatingIncome": "728301000", "sellingGeneralAndAdministrative": "None", "researchAndDevelopment": "None", "operatingExpenses": "2992967000", "investmentIncomeNet": "None", "netInterestIncome": "-31751000", "interestIncome": "None", "interestExpense": "31751000", "nonInterestIncome": "None", "otherNonOperatingIncome": "None", "depreciation": "None", "depreciationAndAmortization": "-13645000", "incomeBeforeTax": "728301000", "incomeTaxExpense": "152958000", "interestAndDebtExpense": "None", "netIncomeFromContinuingOperations": "575343000", "comprehensiveIncomeNetOfTax": "None", "ebit": "760052000", "ebitda": "746407000", "netIncome": "576101000"}, {"fiscalDateEnding": "2024-09-30", "reportedCurrency": "USD", "grossProfit": "2441128000", "totalRevenue": "3400379000", "costOfRevenue": "959251000", "costofGoodsAndServicesSold": "959251000", "operatingIncome": "474449000", "sellingGeneralAndAdministrative": "None", "researchAndDevelopment": "None", "operatingExpenses": "1982565000", "investmentIncomeNet": "None", "netInterestIncome": "-31720000", "interestIncome": "None", "interestExpense": "31720000", "nonInterestIncome": "None", "otherNonOperatingIncome": "None", "depreciation": "None", "depreciationAndAmortization": "-11931000", "incomeBeforeTax": "474449000", "incomeTaxExpense": "109135000", "interestAndDebtExpense": "None", "netIncomeFromContinuingOperations": "365314000", "comprehensiveIncomeNetOfTax": "None", "ebit": "506169000", "ebitda": "494238000", "netIncome": "365634000"}, {"fiscalDateEnding": "2024-06-30", "reportedCurrency": "USD", "grossProfit": "2418605000", "totalRevenue": "3311540000", "costOfRevenue": "892935000", "costofGoodsAndServicesSold": "892935000", "operatingIncome": "24000", "sellingGeneralAndAdministrative": "None", "researchAndDevelopment": "None", "operatingExpenses": "1001089000", "investmentIncomeNet": "None", "netInterestIncome": "-31708000", "interestIncome": "None", "interestExpense": "31708000", "nonInterestIncome": "None", "otherNonOperatingIncome": "None", "depreciation": "None", "depreciationAndAmortization": "-509263000", "incomeBeforeTax": "487673000", "incomeTaxExpense": "115788000", "interestAndDebtExpense": "None", "netIncomeFromContinuingOperations": "371885000", "comprehensiveIncomeNetOfTax": "None", "ebit": "996936000", "ebitda": "487673000", "netIncome": "371909000"}, {"fiscalDateEnding": "2024-03-31", "reportedCurrency": "USD", "grossProfit": "2401361000", "totalRevenue": "3269950000", "costOfRevenue": "868589000", "costofGoodsAndServicesSold": "868589000", "operatingIncome": "592622000", "sellingGeneralAndAdministrative": "None", "researchAndDevelopment": "None", "operatingExpenses": "1000373000", "investmentIncomeNet": "None", "netInterestIncome": "-31728000", "interestIncome": "None", "interestExpense": "31728000", "nonInterestIncome": "None", "otherNonOperatingIncome": "None", "depreciation": "None", "depreciationAndAmortization": "-80784000", "incomeBeforeTax": "574071000", "incomeTaxExpense": "132036000", "interestAndDebtExpense": "None", "netIncomeFromContinuingOperations": "442035000", "comprehensiveIncomeNetOfTax": "None", "ebit": "654855000", "ebitda": "574071000", "netIncome": "442471000"}, {"fiscalDateEnding": "2023-12-31", "reportedCurrency": "USD", "grossProfit": "2281796000", "totalRevenue": "3187806000", "costOfRevenue": "906010000", "costofGoodsAndServicesSold": "906010000", "operatingIncome": "-1624000", "sellingGeneralAndAdministrative": "None", "researchAndDevelopment": "None", "operatingExpenses": "1027186999", "investmentIncomeNet": "None", "netInterestIncome": "-31879000", "interestIncome": "None", "interestExpense": "31879000", "nonInterestIncome": "None", "otherNonOperatingIncome": "None", "depreciation": "None", "depreciationAndAmortization": "-24155000", "incomeBeforeTax": "501198000", "incomeTaxExpense": "102235000", "interestAndDebtExpense": "None", "netIncomeFromContinuingOperations": "398963000", "comprehensiveIncomeNetOfTax": "None", "ebit": "551686000", "ebitda": "527531000", "netIncome": "397339000"}, {"fiscalDateEnding": "2023-09-30", "reportedCurrency": "USD", "grossProfit": "2244467000", "totalRevenue": "3053136000", "costOfRevenue": "808669000", "costofGoodsAndServicesSold": "808669000", "operatingIncome": "282861000", "sellingGeneralAndAdministrative": "31347000", "researchAndDevelopment": "None", "operatingExpenses": "965106000", "investmentIncomeNet": "None", "netInterestIncome": "-31888000", "interestIncome": "31888000", "interestExpense": "31888000", "nonInterestIncome": "None", "otherNonOperatingIncome": "None", "depreciation": "None", "depreciationAndAmortization": "-3606000", "incomeBeforeTax": "419949000", "incomeTaxExpense": "86519000", "interestAndDebtExpense": "None", "netIncomeFromContinuingOperations": "333430000", "comprehensiveIncomeNetOfTax": "None", "ebit": "286467000", "ebitda": "282861000", "netIncome": "333586000"}, {"fiscalDateEnding": "2023-06-30", "reportedCurrency": "USD", "grossProfit": "2984688000", "totalRevenue": "2984688000", "costOfRevenue": "823682000", "costofGoodsAndServicesSold": "823682000", "operatingIncome": "490208000", "sellingGeneralAndAdministrative": "34069000", "researchAndDevelopment": "None", "operatingExpenses": "925994000", "investmentIncomeNet": "None", "netInterestIncome": "-31856000", "interestIncome": "31856000", "interestExpense": "31856000", "nonInterestIncome": "None", "otherNonOperatingIncome": "None", "depreciation": "None", "depreciationAndAmortization": "-2837000", "incomeBeforeTax": "457184000", "incomeTaxExpense": "101460000", "interestAndDebtExpense": "None", "netIncomeFromContinuingOperations": "355724000", "comprehensiveIncomeNetOfTax": "None", "ebit": "492461000", "ebitda": "489624000", "netIncome": "356308000"}, {"fiscalDateEnding": "2023-03-31", "reportedCurrency": "USD", "grossProfit": "2059934000", "totalRevenue": "2885509000", "costOfRevenue": "825575000", "costofGoodsAndServicesSold": "825575000", "operatingIncome": "396567000", "sellingGeneralAndAdministrative": "35368000", "researchAndDevelopment": "None", "operatingExpenses": "938847000", "investmentIncomeNet": "None", "netInterestIncome": "-31836000", "interestIncome": "31836000", "interestExpense": "31836000", "nonInterestIncome": "None", "otherNonOperatingIncome": "None", "depreciation": "None", "depreciationAndAmortization": "9737000", "incomeBeforeTax": "376071000", "incomeTaxExpense": "80342000", "interestAndDebtExpense": "None", "netIncomeFromContinuingOperations": "295729000", "comprehensiveIncomeNetOfTax": "None", "ebit": "396567000", "ebitda": "406304000", "netIncome": "294126000"}, {"fiscalDateEnding": "2022-12-31", "reportedCurrency": "USD", "grossProfit": "380402000", "totalRevenue": "2979672000", "costOfRevenue": "2599270000", "costofGoodsAndServicesSold": "2599270000", "operatingIncome": "510562000", "sellingGeneralAndAdministrative": "1669805000", "researchAndDevelopment": "None", "operatingExpenses": "947245000", "investmentIncomeNet": "None", "netInterestIncome": "-31902000", "interestIncome": "31902000", "interestExpense": "31901000", "nonInterestIncome": "None", "otherNonOperatingIncome": "None", "depreciation": "None", "depreciationAndAmortization": "55872000", "incomeBeforeTax": "478421000", "incomeTaxExpense": "96437000", "interestAndDebtExpense": "None", "netIncomeFromContinuingOperations": "381984000", "comprehensiveIncomeNetOfTax": "None", "ebit": "464525000", "ebitda": "520397000", "netIncome": "382223000"}, {"fiscalDateEnding": "2022-09-30", "reportedCurrency": "USD", "grossProfit": "2039928000", "totalRevenue": "2765465000", "costOfRevenue": "725537000", "costofGoodsAndServicesSold": "725537000", "operatingIncome": "316450000", "sellingGeneralAndAdministrative": "36290000", "researchAndDevelopment": "None", "operatingExpenses": "882842000", "investmentIncomeNet": "None", "netInterestIncome": "-31780000", "interestIncome": "31780000", "interestExpense": "31780000", "nonInterestIncome": "None", "otherNonOperatingIncome": "None", "depreciation": "None", "depreciationAndAmortization": "8799000", "incomeBeforeTax": "286265000", "incomeTaxExpense": "55791000", "interestAndDebtExpense": "None", "netIncomeFromContinuingOperations": "230474000", "comprehensiveIncomeNetOfTax": "None", "ebit": "316450000", "ebitda": "325249000", "netIncome": "228879000"}, {"fiscalDateEnding": "2022-06-30", "reportedCurrency": "USD", "grossProfit": "1852895000", "totalRevenue": "2552714000", "costOfRevenue": "699819000", "costofGoodsAndServicesSold": "699819000", "operatingIncome": "214458000", "sellingGeneralAndAdministrative": "36042000", "researchAndDevelopment": "None", "operatingExpenses": "2258602000", "investmentIncomeNet": "None", "netInterestIncome": "-31723000", "interestIncome": "8104000", "interestExpense": "31723000", "nonInterestIncome": "None", "otherNonOperatingIncome": "None", "depreciation": "None", "depreciationAndAmortization": "12607000", "incomeBeforeTax": "222562000", "incomeTaxExpense": "43095000", "interestAndDebtExpense": "None", "netIncomeFromContinuingOperations": "179467000", "comprehensiveIncomeNetOfTax": "None", "ebit": "-4648000", "ebitda": "7959000", "netIncome": "179322000"}, {"fiscalDateEnding": "2022-03-31", "reportedCurrency": "USD", "grossProfit": "2205678000", "totalRevenue": "2919577000", "costOfRevenue": "713899000", "costofGoodsAndServicesSold": "713899000", "operatingIncome": "765011000", "sellingGeneralAndAdministrative": "32664000", "researchAndDevelopment": "None", "operatingExpenses": "812922000", "investmentIncomeNet": "None", "netInterestIncome": "-34970000", "interestIncome": "30802000", "interestExpense": "34970000", "nonInterestIncome": "None", "otherNonOperatingIncome": "None", "depreciation": "None", "depreciationAndAmortization": "24631000", "incomeBeforeTax": "732433000", "incomeTaxExpense": "139403000", "interestAndDebtExpense": "None", "netIncomeFromContinuingOperations": "593030000", "comprehensiveIncomeNetOfTax": "None", "ebit": "765011000", "ebitda": "789642000", "netIncome": "590638000"}, {"fiscalDateEnding": "2021-12-31", "reportedCurrency": "USD", "grossProfit": "-14532000", "totalRevenue": "2584738000", "costOfRevenue": "2599270000", "costofGoodsAndServicesSold": "2599270000", "operatingIncome": "392077000", "sellingGeneralAndAdministrative": "22186000", "researchAndDevelopment": "None", "operatingExpenses": "862458000", "investmentIncomeNet": "None", "netInterestIncome": "-37333000", "interestIncome": "37333000", "interestExpense": "37333000", "nonInterestIncome": "None", "otherNonOperatingIncome": "None", "depreciation": "None", "depreciationAndAmortization": "28352000", "incomeBeforeTax": "354617000", "incomeTaxExpense": "60313000", "interestAndDebtExpense": "None", "netIncomeFromContinuingOperations": "294304000", "comprehensiveIncomeNetOfTax": "None", "ebit": "392077000", "ebitda": "420429000", "netIncome": "294430000"}, {"fiscalDateEnding": "2021-09-30", "reportedCurrency": "USD", "grossProfit": "1793735000", "totalRevenue": "2436780000", "costOfRevenue": "643045000", "costofGoodsAndServicesSold": "643045000", "operatingIncome": "361360000", "sellingGeneralAndAdministrative": "32984000", "researchAndDevelopment": "None", "operatingExpenses": "771007000", "investmentIncomeNet": "None", "netInterestIncome": "-35100000", "interestIncome": "35100000", "interestExpense": "35100000", "nonInterestIncome": "None", "otherNonOperatingIncome": "None", "depreciation": "None", "depreciationAndAmortization": "30733000", "incomeBeforeTax": "332281000", "incomeTaxExpense": "64963000", "interestAndDebtExpense": "None", "netIncomeFromContinuingOperations": "267318000", "comprehensiveIncomeNetOfTax": "None", "ebit": "361360000", "ebitda": "392093000", "netIncome": "261297000"}, {"fiscalDateEnding": "2021-06-30", "reportedCurrency": "USD", "grossProfit": "1649506000", "totalRevenue": "2297211000", "costOfRevenue": "647705000", "costofGoodsAndServicesSold": "647705000", "operatingIncome": "337596000", "sellingGeneralAndAdministrative": "33218000", "researchAndDevelopment": "None", "operatingExpenses": "747625000", "investmentIncomeNet": "None", "netInterestIncome": "-38096000", "interestIncome": "38096000", "interestExpense": "38096000", "nonInterestIncome": "None", "otherNonOperatingIncome": "None", "depreciation": "None", "depreciationAndAmortization": "37054000", "incomeBeforeTax": "299940000", "incomeTaxExpense": "62262000", "interestAndDebtExpense": "None", "netIncomeFromContinuingOperations": "237678000", "comprehensiveIncomeNetOfTax": "None", "ebit": "337596000", "ebitda": "374650000", "netIncome": "237238000"}, {"fiscalDateEnding": "2021-03-31", "reportedCurrency": "USD", "grossProfit": "1546195000", "totalRevenue": "2162463000", "costOfRevenue": "616268000", "costofGoodsAndServicesSold": "616268000", "operatingIncome": "330528000", "sellingGeneralAndAdministrative": "32050000", "researchAndDevelopment": "None", "operatingExpenses": "1824150000", "investmentIncomeNet": "None", "netInterestIncome": "-36651000", "interestIncome": "36651000", "interestExpense": "36651000", "nonInterestIncome": "None", "otherNonOperatingIncome": "None", "depreciation": "None", "depreciationAndAmortization": "33543000", "incomeBeforeTax": "296068000", "incomeTaxExpense": "64352000", "interestAndDebtExpense": "None", "netIncomeFromContinuingOperations": "231716000", "comprehensiveIncomeNetOfTax": "None", "ebit": "330528000", "ebitda": "364071000", "netIncome": "229525000"}, {"fiscalDateEnding": "2020-12-31", "reportedCurrency": "USD", "grossProfit": "-102128000", "totalRevenue": "2288264000", "costOfRevenue": "2390392000", "costofGoodsAndServicesSold": "2390392000", "operatingIncome": "434730000", "sellingGeneralAndAdministrative": "32856000", "researchAndDevelopment": "None", "operatingExpenses": "1877401000", "investmentIncomeNet": "None", "netInterestIncome": "-35663000", "interestIncome": "35663000", "interestExpense": "35663000", "nonInterestIncome": "None", "otherNonOperatingIncome": "None", "depreciation": "None", "depreciationAndAmortization": "38870000", "incomeBeforeTax": "399406000", "incomeTaxExpense": "86917000", "interestAndDebtExpense": "None", "netIncomeFromContinuingOperations": "312489000", "comprehensiveIncomeNetOfTax": "None", "ebit": "434730000", "ebitda": "473600000", "netIncome": "312150000"}, {"fiscalDateEnding": "2020-09-30", "reportedCurrency": "USD", "grossProfit": "1440772000", "totalRevenue": "2034741000", "costOfRevenue": "593969000", "costofGoodsAndServicesSold": "593969000", "operatingIncome": "245494000", "sellingGeneralAndAdministrative": "32050000", "researchAndDevelopment": "None", "operatingExpenses": "1793637000", "investmentIncomeNet": "None", "netInterestIncome": "-39768000", "interestIncome": "44846000", "interestExpense": "39768000", "nonInterestIncome": "None", "otherNonOperatingIncome": "None", "depreciation": "None", "depreciationAndAmortization": "32130000", "incomeBeforeTax": "206414000", "incomeTaxExpense": "54048000", "interestAndDebtExpense": "None", "netIncomeFromContinuingOperations": "152366000", "comprehensiveIncomeNetOfTax": "None", "ebit": "245494000", "ebitda": "277624000", "netIncome": "151678000"}, {"fiscalDateEnding": "2020-06-30", "reportedCurrency": "USD", "grossProfit": "1362568000", "totalRevenue": "1943408000", "costOfRevenue": "580840000", "costofGoodsAndServicesSold": "580840000", "operatingIncome": "143426000", "sellingGeneralAndAdministrative": "31301000", "researchAndDevelopment": "None", "operatingExpenses": "1792204000", "investmentIncomeNet": "None", "netInterestIncome": "-38373000", "interestIncome": "38373000", "interestExpense": "38373000", "nonInterestIncome": "None", "otherNonOperatingIncome": "None", "depreciation": "None", "depreciationAndAmortization": "39002000", "incomeBeforeTax": "105449000", "incomeTaxExpense": "33793000", "interestAndDebtExpense": "None", "netIncomeFromContinuingOperations": "71656000", "comprehensiveIncomeNetOfTax": "None", "ebit": "143426000", "ebitda": "182428000", "netIncome": "71260000"}, {"fiscalDateEnding": "2020-03-31", "reportedCurrency": "USD", "grossProfit": "1253817000", "totalRevenue": "1832151000", "costOfRevenue": "578334000", "costofGoodsAndServicesSold": "578334000", "operatingIncome": "29374000", "sellingGeneralAndAdministrative": "33809000", "researchAndDevelopment": "None", "operatingExpenses": "1780343999", "investmentIncomeNet": "None", "netInterestIncome": "-36734000", "interestIncome": "15193000", "interestExpense": "36734000", "nonInterestIncome": "None", "otherNonOperatingIncome": "None", "depreciation": "None", "depreciationAndAmortization": "25063000", "incomeBeforeTax": "-6468000", "incomeTaxExpense": "-2942000", "interestAndDebtExpense": "None", "netIncomeFromContinuingOperations": "-3526000", "comprehensiveIncomeNetOfTax": "None", "ebit": "29374000", "ebitda": "54437000", "netIncome": "-4418000"}, {"fiscalDateEnding": "2019-12-31", "reportedCurrency": "USD", "grossProfit": "-384377000", "totalRevenue": "1977705000", "costOfRevenue": "2362082000", "costofGoodsAndServicesSold": "2362082000", "operatingIncome": "179772000", "sellingGeneralAndAdministrative": "34942000", "researchAndDevelopment": "None", "operatingExpenses": "1795815000", "investmentIncomeNet": "None", "netInterestIncome": "-33496000", "interestIncome": "31865000", "interestExpense": "33496000", "nonInterestIncome": "None", "otherNonOperatingIncome": "None", "depreciation": "None", "depreciationAndAmortization": "71380000", "incomeBeforeTax": "146764000", "incomeTaxExpense": "26970000", "interestAndDebtExpense": "None", "netIncomeFromContinuingOperations": "119793000", "comprehensiveIncomeNetOfTax": "None", "ebit": "179772000", "ebitda": "251152000", "netIncome": "119306000"}, {"fiscalDateEnding": "2019-09-30", "reportedCurrency": "USD", "grossProfit": "1407261000", "totalRevenue": "1988306000", "costOfRevenue": "581045000", "costofGoodsAndServicesSold": "581045000", "operatingIncome": "241514000", "sellingGeneralAndAdministrative": "36905000", "researchAndDevelopment": "None", "operatingExpenses": "1724259000", "investmentIncomeNet": "None", "netInterestIncome": "-38475000", "interestIncome": "15885000", "interestExpense": "38475000", "nonInterestIncome": "None", "otherNonOperatingIncome": "None", "depreciation": "None", "depreciationAndAmortization": "-9282000", "incomeBeforeTax": "202982000", "incomeTaxExpense": "37831000", "interestAndDebtExpense": "None", "netIncomeFromContinuingOperations": "165151000", "comprehensiveIncomeNetOfTax": "None", "ebit": "241514000", "ebitda": "232232000", "netIncome": "165208000"}, {"fiscalDateEnding": "2019-06-30", "reportedCurrency": "USD", "grossProfit": "1431086000", "totalRevenue": "2022914000", "costOfRevenue": "591828000", "costofGoodsAndServicesSold": "591828000", "operatingIncome": "313736000", "sellingGeneralAndAdministrative": "36066000", "researchAndDevelopment": "None", "operatingExpenses": "1708930000", "investmentIncomeNet": "None", "netInterestIncome": "-40718000", "interestIncome": "41188000", "interestExpense": "40718000", "nonInterestIncome": "None", "otherNonOperatingIncome": "None", "depreciation": "None", "depreciationAndAmortization": "23865000", "incomeBeforeTax": "273736000", "incomeTaxExpense": "56309000", "interestAndDebtExpense": "None", "netIncomeFromContinuingOperations": "217427000", "comprehensiveIncomeNetOfTax": "None", "ebit": "313736000", "ebitda": "337601000", "netIncome": "216709000"}, {"fiscalDateEnding": "2019-03-31", "reportedCurrency": "USD", "grossProfit": "1355899000", "totalRevenue": "1943986000", "costOfRevenue": "588087000", "costofGoodsAndServicesSold": "588087000", "operatingIncome": "269268000", "sellingGeneralAndAdministrative": "11555000", "researchAndDevelopment": "None", "operatingExpenses": "1666862000", "investmentIncomeNet": "None", "netInterestIncome": "-40721000", "interestIncome": "None", "interestExpense": "40721000", "nonInterestIncome": "None", "otherNonOperatingIncome": "None", "depreciation": "None", "depreciationAndAmortization": "27424000", "incomeBeforeTax": "229439000", "incomeTaxExpense": "47825000", "interestAndDebtExpense": "None", "netIncomeFromContinuingOperations": "181614000", "comprehensiveIncomeNetOfTax": "None", "ebit": "269268000", "ebitda": "296692000", "netIncome": "180722000"}, {"fiscalDateEnding": "2018-12-31", "reportedCurrency": "USD", "grossProfit": "-426602000", "totalRevenue": "1956619000", "costOfRevenue": "2383221000", "costofGoodsAndServicesSold": "2383221000", "operatingIncome": "199301000", "sellingGeneralAndAdministrative": "11555000", "researchAndDevelopment": "0", "operatingExpenses": "1748369000", "investmentIncomeNet": "None", "netInterestIncome": "None", "interestIncome": "None", "interestExpense": "40577000", "nonInterestIncome": "None", "otherNonOperatingIncome": "None", "depreciation": "None", "depreciationAndAmortization": "54567000", "incomeBeforeTax": "162639000", "incomeTaxExpense": "26367000", "interestAndDebtExpense": "None", "netIncomeFromContinuingOperations": "136272000", "comprehensiveIncomeNetOfTax": "None", "ebit": "199301000", "ebitda": "253868000", "netIncome": "132357000"}, {"fiscalDateEnding": "2018-09-30", "reportedCurrency": "USD", "grossProfit": "1377521000", "totalRevenue": "1955169000", "costOfRevenue": "577648000", "costofGoodsAndServicesSold": "577648000", "operatingIncome": "246548000", "sellingGeneralAndAdministrative": "11555000", "researchAndDevelopment": "0", "operatingExpenses": "1688831000", "investmentIncomeNet": "None", "netInterestIncome": "None", "interestIncome": "None", "interestExpense": "39848000", "nonInterestIncome": "None", "otherNonOperatingIncome": "None", "depreciation": "None", "depreciationAndAmortization": "20169000", "incomeBeforeTax": "209223000", "incomeTaxExpense": "44780000", "interestAndDebtExpense": "None", "netIncomeFromContinuingOperations": "164443000", "comprehensiveIncomeNetOfTax": "None", "ebit": "246548000", "ebitda": "266717000", "netIncome": "161920000"}, {"fiscalDateEnding": "2018-06-30", "reportedCurrency": "USD", "grossProfit": "1336025000", "totalRevenue": "1929167000", "costOfRevenue": "593142000", "costofGoodsAndServicesSold": "593142000", "operatingIncome": "268244000", "sellingGeneralAndAdministrative": "0", "researchAndDevelopment": "0", "operatingExpenses": "1641969000", "investmentIncomeNet": "None", "netInterestIncome": "None", "interestIncome": "None", "interestExpense": "39705000", "nonInterestIncome": "None", "otherNonOperatingIncome": "None", "depreciation": "None", "depreciationAndAmortization": "27345000", "incomeBeforeTax": "229242000", "incomeTaxExpense": "48464000", "interestAndDebtExpense": "None", "netIncomeFromContinuingOperations": "180778000", "comprehensiveIncomeNetOfTax": "None", "ebit": "268244000", "ebitda": "295589000", "netIncome": "180075000"}, {"fiscalDateEnding": "2018-03-31", "reportedCurrency": "USD", "grossProfit": "1267324000", "totalRevenue": "1877763000", "costOfRevenue": "610439000", "costofGoodsAndServicesSold": "610439000", "operatingIncome": "246869000", "sellingGeneralAndAdministrative": "0", "researchAndDevelopment": "0", "operatingExpenses": "1643201000", "investmentIncomeNet": "None", "netInterestIncome": "None", "interestIncome": "None", "interestExpense": "37056000", "nonInterestIncome": "None", "otherNonOperatingIncome": "None", "depreciation": "None", "depreciationAndAmortization": "29027000", "incomeBeforeTax": "210990000", "incomeTaxExpense": "43417000", "interestAndDebtExpense": "None", "netIncomeFromContinuingOperations": "167573000", "comprehensiveIncomeNetOfTax": "None", "ebit": "246869000", "ebitda": "275896000", "netIncome": "166396000"}, {"fiscalDateEnding": "2017-12-31", "reportedCurrency": "USD", "grossProfit": "-502988000", "totalRevenue": "1933944000", "costOfRevenue": "2436932000", "costofGoodsAndServicesSold": "2436932000", "operatingIncome": "236595000", "sellingGeneralAndAdministrative": "0", "researchAndDevelopment": "0", "operatingExpenses": "1696678000", "investmentIncomeNet": "None", "netInterestIncome": "None", "interestIncome": "None", "interestExpense": "36879000", "nonInterestIncome": "None", "otherNonOperatingIncome": "None", "depreciation": "None", "depreciationAndAmortization": "34819000", "incomeBeforeTax": "201400000", "incomeTaxExpense": "45128000", "interestAndDebtExpense": "None", "netIncomeFromContinuingOperations": "156272000", "comprehensiveIncomeNetOfTax": "None", "ebit": "236595000", "ebitda": "271414000", "netIncome": "154589000"}, {"fiscalDateEnding": "2017-09-30", "reportedCurrency": "USD", "grossProfit": "1428741000", "totalRevenue": "2029563000", "costOfRevenue": "600822000", "costofGoodsAndServicesSold": "600822000", "operatingIncome": "262170000", "sellingGeneralAndAdministrative": "0", "researchAndDevelopment": "0", "operatingExpenses": "1768408000", "investmentIncomeNet": "None", "netInterestIncome": "None", "interestIncome": "None", "interestExpense": "36821000", "nonInterestIncome": "None", "otherNonOperatingIncome": "None", "depreciation": "None", "depreciationAndAmortization": "33458000", "incomeBeforeTax": "226113000", "incomeTaxExpense": "63295000", "interestAndDebtExpense": "None", "netIncomeFromContinuingOperations": "162818000", "comprehensiveIncomeNetOfTax": "None", "ebit": "262170000", "ebitda": "295628000", "netIncome": "162054000"}, {"fiscalDateEnding": "2017-06-30", "reportedCurrency": "USD", "grossProfit": "1224449000", "totalRevenue": "1841081000", "costOfRevenue": "616632000", "costofGoodsAndServicesSold": "616632000", "operatingIncome": "197191000", "sellingGeneralAndAdministrative": "0", "researchAndDevelopment": "0", "operatingExpenses": "1650289000", "investmentIncomeNet": "None", "netInterestIncome": "None", "interestIncome": "None", "interestExpense": "36799000", "nonInterestIncome": "None", "otherNonOperatingIncome": "None", "depreciation": "None", "depreciationAndAmortization": "26546000", "incomeBeforeTax": "160961000", "incomeTaxExpense": "51388000", "interestAndDebtExpense": "None", "netIncomeFromContinuingOperations": "109573000", "comprehensiveIncomeNetOfTax": "None", "ebit": "197191000", "ebitda": "223737000", "netIncome": "109004000"}, {"fiscalDateEnding": "2017-03-31", "reportedCurrency": "USD", "grossProfit": "1261210000", "totalRevenue": "1864910000", "costOfRevenue": "603700000", "costofGoodsAndServicesSold": "603700000", "operatingIncome": "219869000", "sellingGeneralAndAdministrative": "0", "researchAndDevelopment": "0", "operatingExpenses": "1649322000", "investmentIncomeNet": "None", "netInterestIncome": "None", "interestIncome": "None", "interestExpense": "36799000", "nonInterestIncome": "None", "otherNonOperatingIncome": "None", "depreciation": "None", "depreciationAndAmortization": "18133000", "incomeBeforeTax": "184297000", "incomeTaxExpense": "59623000", "interestAndDebtExpense": "None", "netIncomeFromContinuingOperations": "124674000", "comprehensiveIncomeNetOfTax": "None", "ebit": "219869000", "ebitda": "238002000", "netIncome": "123447000"}, {"fiscalDateEnding": "2016-12-31", "reportedCurrency": "USD", "grossProfit": "-423931000", "totalRevenue": "1971688000", "costOfRevenue": "2395619000", "costofGoodsAndServicesSold": "2395619000", "operatingIncome": "267830000", "sellingGeneralAndAdministrative": "0", "researchAndDevelopment": "0", "operatingExpenses": "1702934000", "investmentIncomeNet": "None", "netInterestIncome": "None", "interestIncome": "None", "interestExpense": "36877000", "nonInterestIncome": "None", "otherNonOperatingIncome": "None", "depreciation": "None", "depreciationAndAmortization": "16898000", "incomeBeforeTax": "231834000", "incomeTaxExpense": "78164000", "interestAndDebtExpense": "None", "netIncomeFromContinuingOperations": "153668000", "comprehensiveIncomeNetOfTax": "None", "ebit": "267830000", "ebitda": "284728000", "netIncome": "152790000"}, {"fiscalDateEnding": "2016-09-30", "reportedCurrency": "USD", "grossProfit": "1415572000", "totalRevenue": "2021920000", "costOfRevenue": "606348000", "costofGoodsAndServicesSold": "606348000", "operatingIncome": "368645000", "sellingGeneralAndAdministrative": "0", "researchAndDevelopment": "0", "operatingExpenses": "1651069000", "investmentIncomeNet": "None", "netInterestIncome": "None", "interestIncome": "None", "interestExpense": "37043000", "nonInterestIncome": "None", "otherNonOperatingIncome": "None", "depreciation": "None", "depreciationAndAmortization": "22280000", "incomeBeforeTax": "331615000", "incomeTaxExpense": "110952000", "interestAndDebtExpense": "None", "netIncomeFromContinuingOperations": "220663000", "comprehensiveIncomeNetOfTax": "None", "ebit": "368645000", "ebitda": "390925000", "netIncome": "220650000"}, {"fiscalDateEnding": "2016-06-30", "reportedCurrency": "USD", "grossProfit": "1287043000", "totalRevenue": "1868998000", "costOfRevenue": "581955000", "costofGoodsAndServicesSold": "581955000", "operatingIncome": "193127000", "sellingGeneralAndAdministrative": "0", "researchAndDevelopment": "0", "operatingExpenses": "1662848000", "investmentIncomeNet": "None", "netInterestIncome": "None", "interestIncome": "None", "interestExpense": "34752000", "nonInterestIncome": "None", "otherNonOperatingIncome": "None", "depreciation": "None", "depreciationAndAmortization": "16628000", "incomeBeforeTax": "158314000", "incomeTaxExpense": "49408000", "interestAndDebtExpense": "None", "netIncomeFromContinuingOperations": "108906000", "comprehensiveIncomeNetOfTax": "None", "ebit": "193127000", "ebitda": "209755000", "netIncome": "108967000"}, {"fiscalDateEnding": "2016-03-31", "reportedCurrency": "USD", "grossProfit": "1119244000", "totalRevenue": "1701703000", "costOfRevenue": "582459000", "costofGoodsAndServicesSold": "582459000", "operatingIncome": "206163000", "sellingGeneralAndAdministrative": "0", "researchAndDevelopment": "0", "operatingExpenses": "1600311000", "investmentIncomeNet": "None", "netInterestIncome": "None", "interestIncome": "None", "interestExpense": "32224000", "nonInterestIncome": "None", "otherNonOperatingIncome": "None", "depreciation": "None", "depreciationAndAmortization": "30245000", "incomeBeforeTax": "174676000", "incomeTaxExpense": "54428000", "interestAndDebtExpense": "None", "netIncomeFromContinuingOperations": "120248000", "comprehensiveIncomeNetOfTax": "None", "ebit": "206163000", "ebitda": "236408000", "netIncome": "119511000"}, {"fiscalDateEnding": "2015-12-31", "reportedCurrency": "USD", "grossProfit": "-598169000", "totalRevenue": "1691581000", "costOfRevenue": "2289750000", "costofGoodsAndServicesSold": "2289750000", "operatingIncome": "187809000", "sellingGeneralAndAdministrative": "0", "researchAndDevelopment": "0", "operatingExpenses": "1623114000", "investmentIncomeNet": "None", "netInterestIncome": "None", "interestIncome": "None", "interestExpense": "31736000", "nonInterestIncome": "None", "otherNonOperatingIncome": "None", "depreciation": "None", "depreciationAndAmortization": "19755000", "incomeBeforeTax": "156206000", "incomeTaxExpense": "46328000", "interestAndDebtExpense": "None", "netIncomeFromContinuingOperations": "109878000", "comprehensiveIncomeNetOfTax": "None", "ebit": "187809000", "ebitda": "207564000", "netIncome": "109745000"}, {"fiscalDateEnding": "2015-09-30", "reportedCurrency": "USD", "grossProfit": "1186100000", "totalRevenue": "1759641000", "costOfRevenue": "573541000", "costofGoodsAndServicesSold": "573541000", "operatingIncome": "260432000", "sellingGeneralAndAdministrative": "0", "researchAndDevelopment": "0", "operatingExpenses": "1600396000", "investmentIncomeNet": "None", "netInterestIncome": "None", "interestIncome": "None", "interestExpense": "31641000", "nonInterestIncome": "None", "otherNonOperatingIncome": "None", "depreciation": "None", "depreciationAndAmortization": "23117000", "incomeBeforeTax": "228920000", "incomeTaxExpense": "76184000", "interestAndDebtExpense": "None", "netIncomeFromContinuingOperations": "152736000", "comprehensiveIncomeNetOfTax": "None", "ebit": "260432000", "ebitda": "283549000", "netIncome": "152607000"}, {"fiscalDateEnding": "2015-06-30", "reportedCurrency": "USD", "grossProfit": "1107511000", "totalRevenue": "1681093000", "costOfRevenue": "573582000", "costofGoodsAndServicesSold": "573582000", "operatingIncome": "211204000", "sellingGeneralAndAdministrative": "0", "researchAndDevelopment": "0", "operatingExpenses": "1578547000", "investmentIncomeNet": "None", "netInterestIncome": "None", "interestIncome": "None", "interestExpense": "33031000", "nonInterestIncome": "None", "otherNonOperatingIncome": "None", "depreciation": "None", "depreciationAndAmortization": "23064000", "incomeBeforeTax": "178187000", "incomeTaxExpense": "55138000", "interestAndDebtExpense": "None", "netIncomeFromContinuingOperations": "123049000", "comprehensiveIncomeNetOfTax": "None", "ebit": "211204000", "ebitda": "234268000", "netIncome": "123035000"}, {"fiscalDateEnding": "2015-03-31", "reportedCurrency": "USD", "grossProfit": "1101594000", "totalRevenue": "1652640000", "costOfRevenue": "551046000", "costofGoodsAndServicesSold": "551046000", "operatingIncome": "203118000", "sellingGeneralAndAdministrative": "0", "researchAndDevelopment": "0", "operatingExpenses": "1541424000", "investmentIncomeNet": "None", "netInterestIncome": "None", "interestIncome": "None", "interestExpense": "34538000", "nonInterestIncome": "None", "otherNonOperatingIncome": "None", "depreciation": "None", "depreciationAndAmortization": "19203000", "incomeBeforeTax": "168717000", "incomeTaxExpense": "50273000", "interestAndDebtExpense": "None", "netIncomeFromContinuingOperations": "118444000", "comprehensiveIncomeNetOfTax": "None", "ebit": "203118000", "ebitda": "222321000", "netIncome": "118307000"}, {"fiscalDateEnding": "2014-12-31", "reportedCurrency": "USD", "grossProfit": "-485348000", "totalRevenue": "1672108000", "costOfRevenue": "2157456000", "costofGoodsAndServicesSold": "2157456000", "operatingIncome": "197068000", "sellingGeneralAndAdministrative": "0", "researchAndDevelopment": "0", "operatingExpenses": "1587120000", "investmentIncomeNet": "None", "netInterestIncome": "None", "interestIncome": "None", "interestExpense": "34604000", "nonInterestIncome": "None", "otherNonOperatingIncome": "None", "depreciation": "None", "depreciationAndAmortization": "25421000", "incomeBeforeTax": "162704000", "incomeTaxExpense": "51753000", "interestAndDebtExpense": "None", "netIncomeFromContinuingOperations": "110951000", "comprehensiveIncomeNetOfTax": "None", "ebit": "197068000", "ebitda": "222489000", "netIncome": "110711000"}, {"fiscalDateEnding": "2014-09-30", "reportedCurrency": "USD", "grossProfit": "1197411000", "totalRevenue": "1741714000", "costOfRevenue": "544303000", "costofGoodsAndServicesSold": "544303000", "operatingIncome": "311130000", "sellingGeneralAndAdministrative": "0", "researchAndDevelopment": "0", "operatingExpenses": "1529223000", "investmentIncomeNet": "None", "netInterestIncome": "None", "interestIncome": "None", "interestExpense": "32929000", "nonInterestIncome": "None", "otherNonOperatingIncome": "None", "depreciation": "None", "depreciationAndAmortization": "12583000", "incomeBeforeTax": "278453000", "incomeTaxExpense": "89662000", "interestAndDebtExpense": "None", "netIncomeFromContinuingOperations": "188791000", "comprehensiveIncomeNetOfTax": "None", "ebit": "311130000", "ebitda": "323713000", "netIncome": "188539000"}, {"fiscalDateEnding": "2014-06-30", "reportedCurrency": "USD", "grossProfit": "1156561000", "totalRevenue": "1690711000", "costOfRevenue": "534150000", "costofGoodsAndServicesSold": "534150000", "operatingIncome": "293549000", "sellingGeneralAndAdministrative": "0", "researchAndDevelopment": "0", "operatingExpenses": "1503224000", "investmentIncomeNet": "None", "netInterestIncome": "None", "interestIncome": "None", "interestExpense": "30311000", "nonInterestIncome": "None", "otherNonOperatingIncome": "None", "depreciation": "None", "depreciationAndAmortization": "25596000", "incomeBeforeTax": "263454000", "incomeTaxExpense": "83277000", "interestAndDebtExpense": "None", "netIncomeFromContinuingOperations": "180177000", "comprehensiveIncomeNetOfTax": "None", "ebit": "293549000", "ebitda": "319145000", "netIncome": "179961000"}, {"fiscalDateEnding": "2014-03-31", "reportedCurrency": "USD", "grossProfit": "1099234000", "totalRevenue": "1614400000", "costOfRevenue": "515166000", "costofGoodsAndServicesSold": "515166000", "operatingIncome": "277904000", "sellingGeneralAndAdministrative": "0", "researchAndDevelopment": "0", "operatingExpenses": "1428991000", "investmentIncomeNet": "None", "netInterestIncome": "None", "interestIncome": "None", "interestExpense": "30330000", "nonInterestIncome": "None", "otherNonOperatingIncome": "None", "depreciation": "None", "depreciationAndAmortization": "25236000", "incomeBeforeTax": "247585000", "incomeTaxExpense": "77901000", "interestAndDebtExpense": "None", "netIncomeFromContinuingOperations": "169684000", "comprehensiveIncomeNetOfTax": "None", "ebit": "277904000", "ebitda": "303140000", "netIncome": "169673000"}, {"fiscalDateEnding": "2013-12-31", "reportedCurrency": "USD", "grossProfit": "-422996000", "totalRevenue": "1577688000", "costOfRevenue": "2000684000", "costofGoodsAndServicesSold": "2000684000", "operatingIncome": "207227000", "sellingGeneralAndAdministrative": "0", "researchAndDevelopment": "0", "operatingExpenses": "1484443000", "investmentIncomeNet": "None", "netInterestIncome": "None", "interestIncome": "None", "interestExpense": "30510000", "nonInterestIncome": "None", "otherNonOperatingIncome": "None", "depreciation": "None", "depreciationAndAmortization": "23041000", "incomeBeforeTax": "181726000", "incomeTaxExpense": "46338000", "interestAndDebtExpense": "None", "netIncomeFromContinuingOperations": "0", "comprehensiveIncomeNetOfTax": "None", "ebit": "207227000", "ebitda": "230268000", "netIncome": "130379000"}, {"fiscalDateEnding": "2013-09-30", "reportedCurrency": "USD", "grossProfit": "1022255000", "totalRevenue": "1526351000", "costOfRevenue": "504096000", "costofGoodsAndServicesSold": "504096000", "operatingIncome": "227368000", "sellingGeneralAndAdministrative": "0", "researchAndDevelopment": "0", "operatingExpenses": "1405542000", "investmentIncomeNet": "None", "netInterestIncome": "None", "interestIncome": "None", "interestExpense": "30349000", "nonInterestIncome": "None", "otherNonOperatingIncome": "None", "depreciation": "None", "depreciationAndAmortization": "29432000", "incomeBeforeTax": "198233000", "incomeTaxExpense": "60045000", "interestAndDebtExpense": "None", "netIncomeFromContinuingOperations": "138188000", "comprehensiveIncomeNetOfTax": "None", "ebit": "227368000", "ebitda": "256800000", "netIncome": "136974000"}, {"fiscalDateEnding": "2013-06-30", "reportedCurrency": "USD", "grossProfit": "999619000", "totalRevenue": "1493905000", "costOfRevenue": "494286000", "costofGoodsAndServicesSold": "494286000", "operatingIncome": "190743000", "sellingGeneralAndAdministrative": "0", "researchAndDevelopment": "0", "operatingExpenses": "1381049000", "investmentIncomeNet": "None", "netInterestIncome": "None", "interestIncome": "None", "interestExpense": "31207000", "nonInterestIncome": "None", "otherNonOperatingIncome": "None", "depreciation": "None", "depreciationAndAmortization": "29707000", "incomeBeforeTax": "158706000", "incomeTaxExpense": "43579000", "interestAndDebtExpense": "None", "netIncomeFromContinuingOperations": "115127000", "comprehensiveIncomeNetOfTax": "None", "ebit": "190743000", "ebitda": "220450000", "netIncome": "115957000"}, {"fiscalDateEnding": "2013-03-31", "reportedCurrency": "USD", "grossProfit": "931483000", "totalRevenue": "1413087000", "costOfRevenue": "481604000", "costofGoodsAndServicesSold": "481604000", "operatingIncome": "191351000", "sellingGeneralAndAdministrative": "0", "researchAndDevelopment": "0", "operatingExpenses": "1315435000", "investmentIncomeNet": "None", "netInterestIncome": "None", "interestIncome": "None", "interestExpense": "31111000", "nonInterestIncome": "None", "otherNonOperatingIncome": "None", "depreciation": "None", "depreciationAndAmortization": "20910000", "incomeBeforeTax": "160223000", "incomeTaxExpense": "43625000", "interestAndDebtExpense": "None", "netIncomeFromContinuingOperations": "0", "comprehensiveIncomeNetOfTax": "None", "ebit": "191351000", "ebitda": "212261000", "netIncome": "116615000"}, {"fiscalDateEnding": "2012-12-31", "reportedCurrency": "USD", "grossProfit": "-264939000", "totalRevenue": "1534684000", "costOfRevenue": "1799623000", "costofGoodsAndServicesSold": "1799623000", "operatingIncome": "265035000", "sellingGeneralAndAdministrative": "0", "researchAndDevelopment": "0", "operatingExpenses": "1343556000", "investmentIncomeNet": "None", "netInterestIncome": "None", "interestIncome": "None", "interestExpense": "32552000", "nonInterestIncome": "None", "otherNonOperatingIncome": "None", "depreciation": "None", "depreciationAndAmortization": "38330000", "incomeBeforeTax": "232493000", "incomeTaxExpense": "66994000", "interestAndDebtExpense": "None", "netIncomeFromContinuingOperations": "0", "comprehensiveIncomeNetOfTax": "None", "ebit": "265035000", "ebitda": "303365000", "netIncome": "165489000"}, {"fiscalDateEnding": "2012-09-30", "reportedCurrency": "USD", "grossProfit": "969014000", "totalRevenue": "1420501000", "costOfRevenue": "451487000", "costofGoodsAndServicesSold": "451487000", "operatingIncome": "166144000", "sellingGeneralAndAdministrative": "451487000", "researchAndDevelopment": "0", "operatingExpenses": "1254296000", "investmentIncomeNet": "None", "netInterestIncome": "None", "interestIncome": "None", "interestExpense": "32512000", "nonInterestIncome": "None", "otherNonOperatingIncome": "None", "depreciation": "None", "depreciationAndAmortization": "17942000", "incomeBeforeTax": "133693000", "incomeTaxExpense": "32685000", "interestAndDebtExpense": "None", "netIncomeFromContinuingOperations": "0", "comprehensiveIncomeNetOfTax": "None", "ebit": "166144000", "ebitda": "184086000", "netIncome": "100947000"}, {"fiscalDateEnding": "2012-06-30", "reportedCurrency": "USD", "grossProfit": "966989000", "totalRevenue": "1415747000", "costOfRevenue": "448758000", "costofGoodsAndServicesSold": "448758000", "operatingIncome": "180790000", "sellingGeneralAndAdministrative": "448758000", "researchAndDevelopment": "0", "operatingExpenses": "818550000", "investmentIncomeNet": "None", "netInterestIncome": "None", "interestIncome": "None", "interestExpense": "32417000", "nonInterestIncome": "None", "otherNonOperatingIncome": "None", "depreciation": "None", "depreciationAndAmortization": "24935000", "incomeBeforeTax": "148439000", "incomeTaxExpense": "39535000", "interestAndDebtExpense": "None", "netIncomeFromContinuingOperations": "0", "comprehensiveIncomeNetOfTax": "None", "ebit": "180790000", "ebitda": "205725000", "netIncome": "108838000"}, {"fiscalDateEnding": "2012-03-31", "reportedCurrency": "USD", "grossProfit": "946926000", "totalRevenue": "1378705000", "costOfRevenue": "431779000", "costofGoodsAndServicesSold": "431779000", "operatingIncome": "216210000", "sellingGeneralAndAdministrative": "431779000", "researchAndDevelopment": "0", "operatingExpenses": "759623000", "investmentIncomeNet": "None", "netInterestIncome": "None", "interestIncome": "None", "interestExpense": "28821000", "nonInterestIncome": "None", "otherNonOperatingIncome": "None", "depreciation": "None", "depreciationAndAmortization": "22212000", "incomeBeforeTax": "187303000", "incomeTaxExpense": "52071000", "interestAndDebtExpense": "None", "netIncomeFromContinuingOperations": "0", "comprehensiveIncomeNetOfTax": "None", "ebit": "216210000", "ebitda": "238422000", "netIncome": "135318000"}, {"fiscalDateEnding": "2011-12-31", "reportedCurrency": "USD", "grossProfit": "-250376000", "totalRevenue": "1370953000", "costOfRevenue": "1621329000", "costofGoodsAndServicesSold": "1621329000", "operatingIncome": "178186000", "sellingGeneralAndAdministrative": "428289000", "researchAndDevelopment": "0", "operatingExpenses": "1193040000", "investmentIncomeNet": "None", "netInterestIncome": "None", "interestIncome": "None", "interestExpense": "28195000", "nonInterestIncome": "None", "otherNonOperatingIncome": "None", "depreciation": "None", "depreciationAndAmortization": "30680000", "incomeBeforeTax": "150019000", "incomeTaxExpense": "32065000", "interestAndDebtExpense": "None", "netIncomeFromContinuingOperations": "0", "comprehensiveIncomeNetOfTax": "None", "ebit": "178186000", "ebitda": "208866000", "netIncome": "117926000"}, {"fiscalDateEnding": "2011-09-30", "reportedCurrency": "USD", "grossProfit": "873881000", "totalRevenue": "1279731000", "costOfRevenue": "405850000", "costofGoodsAndServicesSold": "405850000", "operatingIncome": "125552000", "sellingGeneralAndAdministrative": "405850000", "researchAndDevelopment": "0", "operatingExpenses": "776436000", "investmentIncomeNet": "None", "netInterestIncome": "None", "interestIncome": "None", "interestExpense": "28068000", "nonInterestIncome": "None", "otherNonOperatingIncome": "21238000", "depreciation": "None", "depreciationAndAmortization": "24153000", "incomeBeforeTax": "97445000", "incomeTaxExpense": "20176000", "interestAndDebtExpense": "None", "netIncomeFromContinuingOperations": "98507000", "comprehensiveIncomeNetOfTax": "None", "ebit": "125552000", "ebitda": "149705000", "netIncome": "77308000"}, {"fiscalDateEnding": "2011-06-30", "reportedCurrency": "USD", "grossProfit": "868590000", "totalRevenue": "1270949000", "costOfRevenue": "402359000", "costofGoodsAndServicesSold": "402359000", "operatingIncome": "138523000", "sellingGeneralAndAdministrative": "402359000", "researchAndDevelopment": "0", "operatingExpenses": "758263000", "investmentIncomeNet": "None", "netInterestIncome": "None", "interestIncome": "None", "interestExpense": "28132000", "nonInterestIncome": "None", "otherNonOperatingIncome": "None", "depreciation": "None", "depreciationAndAmortization": "11100000", "incomeBeforeTax": "110327000", "incomeTaxExpense": "27309000", "interestAndDebtExpense": "None", "netIncomeFromContinuingOperations": "83018000", "comprehensiveIncomeNetOfTax": "None", "ebit": "138523000", "ebitda": "149623000", "netIncome": "83082000"}, {"fiscalDateEnding": "2011-03-31", "reportedCurrency": "USD", "grossProfit": "849520000", "totalRevenue": "1234351000", "costOfRevenue": "384831000", "costofGoodsAndServicesSold": "384831000", "operatingIncome": "188604000", "sellingGeneralAndAdministrative": "384831000", "researchAndDevelopment": "0", "operatingExpenses": "689028000", "investmentIncomeNet": "None", "netInterestIncome": "None", "interestIncome": "None", "interestExpense": "28117000", "nonInterestIncome": "None", "otherNonOperatingIncome": "None", "depreciation": "None", "depreciationAndAmortization": "22079000", "incomeBeforeTax": "160492000", "incomeTaxExpense": "44000000", "interestAndDebtExpense": "None", "netIncomeFromContinuingOperations": "116492000", "comprehensiveIncomeNetOfTax": "None", "ebit": "188604000", "ebitda": "210683000", "netIncome": "116487000"}, {"fiscalDateEnding": "2010-12-31", "reportedCurrency": "USD", "grossProfit": "1231342000", "totalRevenue": "1231342000", "costOfRevenue": "1001005000", "costofGoodsAndServicesSold": "1001005000", "operatingIncome": "203739000", "sellingGeneralAndAdministrative": "388355000", "researchAndDevelopment": "0", "operatingExpenses": "1108007000", "investmentIncomeNet": "None", "netInterestIncome": "None", "interestIncome": "None", "interestExpense": "28189000", "nonInterestIncome": "None", "otherNonOperatingIncome": "None", "depreciation": "None", "depreciationAndAmortization": "18804000", "incomeBeforeTax": "175591000", "incomeTaxExpense": "48699000", "interestAndDebtExpense": "None", "netIncomeFromContinuingOperations": "0", "comprehensiveIncomeNetOfTax": "None", "ebit": "203739000", "ebitda": "222543000", "netIncome": "126851000"}, {"fiscalDateEnding": "2010-09-30", "reportedCurrency": "USD", "grossProfit": "806895000", "totalRevenue": "1176112000", "costOfRevenue": "369217000", "costofGoodsAndServicesSold": "369217000", "operatingIncome": "147975000", "sellingGeneralAndAdministrative": "369217000", "researchAndDevelopment": "0", "operatingExpenses": "685595000", "investmentIncomeNet": "None", "netInterestIncome": "None", "interestIncome": "None", "interestExpense": "26725000", "nonInterestIncome": "None", "otherNonOperatingIncome": "None", "depreciation": "None", "depreciationAndAmortization": "21595000", "incomeBeforeTax": "121300000", "incomeTaxExpense": "27631000", "interestAndDebtExpense": "None", "netIncomeFromContinuingOperations": "0", "comprehensiveIncomeNetOfTax": "None", "ebit": "147975000", "ebitda": "169570000", "netIncome": "93619000"}, {"fiscalDateEnding": "2010-06-30", "reportedCurrency": "USD", "grossProfit": "792245000", "totalRevenue": "1163068000", "costOfRevenue": "370823000", "costofGoodsAndServicesSold": "370823000", "operatingIncome": "171819000", "sellingGeneralAndAdministrative": "370823000", "researchAndDevelopment": "0", "operatingExpenses": "646423000", "investmentIncomeNet": "None", "netInterestIncome": "None", "interestIncome": "None", "interestExpense": "26014000", "nonInterestIncome": "None", "otherNonOperatingIncome": "None", "depreciation": "None", "depreciationAndAmortization": "21940000", "incomeBeforeTax": "145822000", "incomeTaxExpense": "35598000", "interestAndDebtExpense": "None", "netIncomeFromContinuingOperations": "0", "comprehensiveIncomeNetOfTax": "None", "ebit": "171819000", "ebitda": "193759000", "netIncome": "110207000"}, {"fiscalDateEnding": "2010-03-31", "reportedCurrency": "USD", "grossProfit": "785580000", "totalRevenue": "1153547000", "costOfRevenue": "367967000", "costofGoodsAndServicesSold": "367967000", "operatingIncome": "186462000", "sellingGeneralAndAdministrative": "367967000", "researchAndDevelopment": "0", "operatingExpenses": "624988000", "investmentIncomeNet": "None", "netInterestIncome": "None", "interestIncome": "None", "interestExpense": "26041000", "nonInterestIncome": "None", "otherNonOperatingIncome": "None", "depreciation": "None", "depreciationAndAmortization": "20528000", "incomeBeforeTax": "160592000", "incomeTaxExpense": "41811000", "interestAndDebtExpense": "None", "netIncomeFromContinuingOperations": "0", "comprehensiveIncomeNetOfTax": "None", "ebit": "186462000", "ebitda": "206990000", "netIncome": "118610000"}, {"fiscalDateEnding": "2009-12-31", "reportedCurrency": "USD", "grossProfit": "1176150000", "totalRevenue": "1176150000", "costOfRevenue": "939113000", "costofGoodsAndServicesSold": "939113000", "operatingIncome": "211594000", "sellingGeneralAndAdministrative": "364855000", "researchAndDevelopment": "0", "operatingExpenses": "1075983000", "investmentIncomeNet": "None", "netInterestIncome": "None", "interestIncome": "None", "interestExpense": "25953000", "nonInterestIncome": "None", "otherNonOperatingIncome": "None", "depreciation": "None", "depreciationAndAmortization": "22708000", "incomeBeforeTax": "185491000", "incomeTaxExpense": "51347000", "interestAndDebtExpense": "None", "netIncomeFromContinuingOperations": "0", "comprehensiveIncomeNetOfTax": "None", "ebit": "211594000", "ebitda": "234302000", "netIncome": "134294000"}, {"fiscalDateEnding": "2009-09-30", "reportedCurrency": "USD", "grossProfit": "783187000", "totalRevenue": "1136309000", "costOfRevenue": "353122000", "costofGoodsAndServicesSold": "353122000", "operatingIncome": "147308000", "sellingGeneralAndAdministrative": "353122000", "researchAndDevelopment": "0", "operatingExpenses": "-635879000", "investmentIncomeNet": "None", "netInterestIncome": "None", "interestIncome": "None", "interestExpense": "21599000", "nonInterestIncome": "None", "otherNonOperatingIncome": "None", "depreciation": "None", "depreciationAndAmortization": "8340000", "incomeBeforeTax": "125775000", "incomeTaxExpense": "27987000", "interestAndDebtExpense": "None", "netIncomeFromContinuingOperations": "0", "comprehensiveIncomeNetOfTax": "None", "ebit": "147308000", "ebitda": "155648000", "netIncome": "97722000"}, {"fiscalDateEnding": "2009-06-30", "reportedCurrency": "USD", "grossProfit": "789584000", "totalRevenue": "1155098000", "costOfRevenue": "365514000", "costofGoodsAndServicesSold": "365514000", "operatingIncome": "145481000", "sellingGeneralAndAdministrative": "365514000", "researchAndDevelopment": "0", "operatingExpenses": "-644103000", "investmentIncomeNet": "None", "netInterestIncome": "None", "interestIncome": "None", "interestExpense": "20213000", "nonInterestIncome": "None", "otherNonOperatingIncome": "None", "depreciation": "None", "depreciationAndAmortization": "24568000", "incomeBeforeTax": "125313000", "incomeTaxExpense": "27881000", "interestAndDebtExpense": "None", "netIncomeFromContinuingOperations": "0", "comprehensiveIncomeNetOfTax": "None", "ebit": "145481000", "ebitda": "170049000", "netIncome": "97387000"}, {"fiscalDateEnding": "2009-03-31", "reportedCurrency": "USD", "grossProfit": "606274000", "totalRevenue": "963621000", "costOfRevenue": "357347000", "costofGoodsAndServicesSold": "357347000", "operatingIncome": "-34187000", "sellingGeneralAndAdministrative": "357347000", "researchAndDevelopment": "0", "operatingExpenses": "-640461000", "investmentIncomeNet": "None", "netInterestIncome": "None", "interestIncome": "None", "interestExpense": "20224000", "nonInterestIncome": "None", "otherNonOperatingIncome": "None", "depreciation": "None", "depreciationAndAmortization": "23259000", "incomeBeforeTax": "-54349000", "incomeTaxExpense": "-34065000", "interestAndDebtExpense": "None", "netIncomeFromContinuingOperations": "0", "comprehensiveIncomeNetOfTax": "None", "ebit": "-34187000", "ebitda": "-10928000", "netIncome": "-20346000"}, {"fiscalDateEnding": "2008-12-31", "reportedCurrency": "USD", "grossProfit": "1078835000", "totalRevenue": "1078835000", "costOfRevenue": "1027522000", "costofGoodsAndServicesSold": "1027522000", "operatingIncome": "43562000", "sellingGeneralAndAdministrative": "0", "researchAndDevelopment": "0", "operatingExpenses": "-3327006000", "investmentIncomeNet": "None", "netInterestIncome": "None", "interestIncome": "None", "interestExpense": "20232000", "nonInterestIncome": "None", "otherNonOperatingIncome": "None", "depreciation": "None", "depreciationAndAmortization": "23594000", "incomeBeforeTax": "23355000", "incomeTaxExpense": "-16996000", "interestAndDebtExpense": "None", "netIncomeFromContinuingOperations": "0", "comprehensiveIncomeNetOfTax": "None", "ebit": "43562000", "ebitda": "67156000", "netIncome": "40326000"}, {"fiscalDateEnding": "2008-09-30", "reportedCurrency": "USD", "grossProfit": "697050000", "totalRevenue": "1055630000", "costOfRevenue": "358580000", "costofGoodsAndServicesSold": "358580000", "operatingIncome": "-36593000", "sellingGeneralAndAdministrative": "0", "researchAndDevelopment": "0", "operatingExpenses": "-733643000", "investmentIncomeNet": "None", "netInterestIncome": "None", "interestIncome": "None", "interestExpense": "20251000", "nonInterestIncome": "None", "otherNonOperatingIncome": "None", "depreciation": "None", "depreciationAndAmortization": "18885000", "incomeBeforeTax": "-56792000", "incomeTaxExpense": "-28964000", "interestAndDebtExpense": "None", "netIncomeFromContinuingOperations": "0", "comprehensiveIncomeNetOfTax": "None", "ebit": "-36593000", "ebitda": "-17708000", "netIncome": "-27880000"}, {"fiscalDateEnding": "2008-06-30", "reportedCurrency": "USD", "grossProfit": "822890000", "totalRevenue": "1199139000", "costOfRevenue": "376249000", "costofGoodsAndServicesSold": "376249000", "operatingIncome": "116826000", "sellingGeneralAndAdministrative": "0", "researchAndDevelopment": "0", "operatingExpenses": "-706064000", "investmentIncomeNet": "None", "netInterestIncome": "None", "interestIncome": "None", "interestExpense": "21396000", "nonInterestIncome": "None", "otherNonOperatingIncome": "None", "depreciation": "None", "depreciationAndAmortization": "4409000", "incomeBeforeTax": "95448000", "incomeTaxExpense": "15173000", "interestAndDebtExpense": "None", "netIncomeFromContinuingOperations": "0", "comprehensiveIncomeNetOfTax": "None", "ebit": "116826000", "ebitda": "121235000", "netIncome": "80257000"}, {"fiscalDateEnding": "2008-03-31", "reportedCurrency": "USD", "grossProfit": "995031000", "totalRevenue": "1375204000", "costOfRevenue": "380173000", "costofGoodsAndServicesSold": "380173000", "operatingIncome": "286888000", "sellingGeneralAndAdministrative": "0", "researchAndDevelopment": "0", "operatingExpenses": "-708143000", "investmentIncomeNet": "None", "netInterestIncome": "None", "interestIncome": "None", "interestExpense": "22744000", "nonInterestIncome": "None", "otherNonOperatingIncome": "None", "depreciation": "None", "depreciationAndAmortization": "37065000", "incomeBeforeTax": "264311000", "incomeTaxExpense": "75706000", "interestAndDebtExpense": "None", "netIncomeFromContinuingOperations": "0", "comprehensiveIncomeNetOfTax": "None", "ebit": "286888000", "ebitda": "323953000", "netIncome": "188438000"}, {"fiscalDateEnding": "2007-12-31", "reportedCurrency": "USD", "grossProfit": "1400003000", "totalRevenue": "1400003000", "costOfRevenue": "1103700000", "costofGoodsAndServicesSold": "1103700000", "operatingIncome": "283063000", "sellingGeneralAndAdministrative": "0", "researchAndDevelopment": "0", "operatingExpenses": "-3357567000", "investmentIncomeNet": "None", "netInterestIncome": "None", "interestIncome": "None", "interestExpense": "22889000", "nonInterestIncome": "None", "otherNonOperatingIncome": "None", "depreciation": "None", "depreciationAndAmortization": "11849000", "incomeBeforeTax": "261565000", "incomeTaxExpense": "76050000", "interestAndDebtExpense": "None", "netIncomeFromContinuingOperations": "0", "comprehensiveIncomeNetOfTax": "None", "ebit": "283063000", "ebitda": "294912000", "netIncome": "184124000"}, {"fiscalDateEnding": "2007-09-30", "reportedCurrency": "USD", "grossProfit": "1025502000", "totalRevenue": "1408032000", "costOfRevenue": "382530000", "costofGoodsAndServicesSold": "382530000", "operatingIncome": "279514000", "sellingGeneralAndAdministrative": "0", "researchAndDevelopment": "0", "operatingExpenses": "-745988000", "investmentIncomeNet": "None", "netInterestIncome": "None", "interestIncome": "None", "interestExpense": "22707000", "nonInterestIncome": "None", "otherNonOperatingIncome": "None", "depreciation": "None", "depreciationAndAmortization": "20066000", "incomeBeforeTax": "257703000", "incomeTaxExpense": "76344000", "interestAndDebtExpense": "None", "netIncomeFromContinuingOperations": "0", "comprehensiveIncomeNetOfTax": "None", "ebit": "279514000", "ebitda": "299580000", "netIncome": "180463000"}, {"fiscalDateEnding": "2007-06-30", "reportedCurrency": "USD", "grossProfit": "996792000", "totalRevenue": "1386583000", "costOfRevenue": "389791000", "costofGoodsAndServicesSold": "389791000", "operatingIncome": "292709000", "sellingGeneralAndAdministrative": "0", "researchAndDevelopment": "0", "operatingExpenses": "-704083000", "investmentIncomeNet": "None", "netInterestIncome": "None", "interestIncome": "None", "interestExpense": "22700000", "nonInterestIncome": "None", "otherNonOperatingIncome": "None", "depreciation": "None", "depreciationAndAmortization": "21016000", "incomeBeforeTax": "270423000", "incomeTaxExpense": "79376000", "interestAndDebtExpense": "None", "netIncomeFromContinuingOperations": "0", "comprehensiveIncomeNetOfTax": "None", "ebit": "292709000", "ebitda": "313725000", "netIncome": "190633000"}, {"fiscalDateEnding": "2007-03-31", "reportedCurrency": "USD", "grossProfit": "973790000", "totalRevenue": "1359021000", "costOfRevenue": "385231000", "costofGoodsAndServicesSold": "385231000", "operatingIncome": "288261000", "sellingGeneralAndAdministrative": "0", "researchAndDevelopment": "0", "operatingExpenses": "-685529000", "investmentIncomeNet": "None", "netInterestIncome": "None", "interestIncome": "None", "interestExpense": "20700000", "nonInterestIncome": "None", "otherNonOperatingIncome": "None", "depreciation": "None", "depreciationAndAmortization": "20766000", "incomeBeforeTax": "267943000", "incomeTaxExpense": "79135000", "interestAndDebtExpense": "None", "netIncomeFromContinuingOperations": "0", "comprehensiveIncomeNetOfTax": "None", "ebit": "288261000", "ebitda": "309027000", "netIncome": "188426000"}, {"fiscalDateEnding": "2006-12-31", "reportedCurrency": "USD", "grossProfit": "1360443000", "totalRevenue": "1360443000", "costOfRevenue": "1040331000", "costofGoodsAndServicesSold": "1040331000", "operatingIncome": "303691000", "sellingGeneralAndAdministrative": "0", "researchAndDevelopment": "0", "operatingExpenses": "-3328174000", "investmentIncomeNet": "None", "netInterestIncome": "None", "interestIncome": "None", "interestExpense": "22488000", "nonInterestIncome": "None", "otherNonOperatingIncome": "None", "depreciation": "None", "depreciationAndAmortization": "14665000", "incomeBeforeTax": "282431000", "incomeTaxExpense": "83147000", "interestAndDebtExpense": "None", "netIncomeFromContinuingOperations": "0", "comprehensiveIncomeNetOfTax": "None", "ebit": "303691000", "ebitda": "318356000", "netIncome": "198056000"}, {"fiscalDateEnding": "2006-09-30", "reportedCurrency": "USD", "grossProfit": "1000197000", "totalRevenue": "1368508000", "costOfRevenue": "368311000", "costofGoodsAndServicesSold": "368311000", "operatingIncome": "268046000", "sellingGeneralAndAdministrative": "0", "researchAndDevelopment": "0", "operatingExpenses": "-732151000", "investmentIncomeNet": "None", "netInterestIncome": "None", "interestIncome": "None", "interestExpense": "23293000", "nonInterestIncome": "None", "otherNonOperatingIncome": "None", "depreciation": "None", "depreciationAndAmortization": "17047000", "incomeBeforeTax": "244963000", "incomeTaxExpense": "70445000", "interestAndDebtExpense": "None", "netIncomeFromContinuingOperations": "0", "comprehensiveIncomeNetOfTax": "None", "ebit": "268046000", "ebitda": "285093000", "netIncome": "174308000"}, {"fiscalDateEnding": "2006-06-30", "reportedCurrency": "USD", "grossProfit": "999420000", "totalRevenue": "1358346000", "costOfRevenue": "358926000", "costofGoodsAndServicesSold": "358926000", "operatingIncome": "256607000", "sellingGeneralAndAdministrative": "0", "researchAndDevelopment": "0", "operatingExpenses": "-742813000", "investmentIncomeNet": "None", "netInterestIncome": "None", "interestIncome": "None", "interestExpense": "23272000", "nonInterestIncome": "None", "otherNonOperatingIncome": "None", "depreciation": "None", "depreciationAndAmortization": "15742000", "incomeBeforeTax": "234038000", "incomeTaxExpense": "67883000", "interestAndDebtExpense": "None", "netIncomeFromContinuingOperations": "0", "comprehensiveIncomeNetOfTax": "None", "ebit": "256607000", "ebitda": "272349000", "netIncome": "165452000"}, {"fiscalDateEnding": "2006-03-31", "reportedCurrency": "USD", "grossProfit": "951880000", "totalRevenue": "1307534000", "costOfRevenue": "355654000", "costofGoodsAndServicesSold": "355654000", "operatingIncome": "250094000", "sellingGeneralAndAdministrative": "0", "researchAndDevelopment": "0", "operatingExpenses": "-701786000", "investmentIncomeNet": "None", "netInterestIncome": "None", "interestIncome": "None", "interestExpense": "23469000", "nonInterestIncome": "None", "otherNonOperatingIncome": "None", "depreciation": "None", "depreciationAndAmortization": "18220000", "incomeBeforeTax": "227213000", "incomeTaxExpense": "64923000", "interestAndDebtExpense": "None", "netIncomeFromContinuingOperations": "0", "comprehensiveIncomeNetOfTax": "None", "ebit": "250094000", "ebitda": "268314000", "netIncome": "161702000"}, {"fiscalDateEnding": "2005-12-31", "reportedCurrency": "USD", "grossProfit": "1343890000", "totalRevenue": "1343890000", "costOfRevenue": "1057689000", "costofGoodsAndServicesSold": "1057689000", "operatingIncome": "261533000", "sellingGeneralAndAdministrative": "0", "researchAndDevelopment": "0", "operatingExpenses": "-3120055000", "investmentIncomeNet": "None", "netInterestIncome": "None", "interestIncome": "None", "interestExpense": "24952000", "nonInterestIncome": "None", "otherNonOperatingIncome": "None", "depreciation": "None", "depreciationAndAmortization": "23606000", "incomeBeforeTax": "237643000", "incomeTaxExpense": "69157000", "interestAndDebtExpense": "None", "netIncomeFromContinuingOperations": "0", "comprehensiveIncomeNetOfTax": "None", "ebit": "261533000", "ebitda": "285139000", "netIncome": "167424000"}, {"fiscalDateEnding": "2005-09-30", "reportedCurrency": "USD", "grossProfit": "933215000", "totalRevenue": "1272177000", "costOfRevenue": "338962000", "costofGoodsAndServicesSold": "338962000", "operatingIncome": "190690000", "sellingGeneralAndAdministrative": "0", "researchAndDevelopment": "0", "operatingExpenses": "-742525000", "investmentIncomeNet": "None", "netInterestIncome": "None", "interestIncome": "None", "interestExpense": "23632000", "nonInterestIncome": "None", "otherNonOperatingIncome": "None", "depreciation": "None", "depreciationAndAmortization": "9416000", "incomeBeforeTax": "167341000", "incomeTaxExpense": "44540000", "interestAndDebtExpense": "None", "netIncomeFromContinuingOperations": "0", "comprehensiveIncomeNetOfTax": "None", "ebit": "190690000", "ebitda": "200106000", "netIncome": "122518000"}, {"fiscalDateEnding": "2005-06-30", "reportedCurrency": "USD", "grossProfit": "886184000", "totalRevenue": "1220784000", "costOfRevenue": "334600000", "costofGoodsAndServicesSold": "334600000", "operatingIncome": "209391000", "sellingGeneralAndAdministrative": "0", "researchAndDevelopment": "0", "operatingExpenses": "-676793000", "investmentIncomeNet": "None", "netInterestIncome": "None", "interestIncome": "None", "interestExpense": "19217000", "nonInterestIncome": "None", "otherNonOperatingIncome": "None", "depreciation": "None", "depreciationAndAmortization": "15798000", "incomeBeforeTax": "191641000", "incomeTaxExpense": "56095000", "interestAndDebtExpense": "None", "netIncomeFromContinuingOperations": "0", "comprehensiveIncomeNetOfTax": "None", "ebit": "209391000", "ebitda": "225189000", "netIncome": "134079000"}, {"fiscalDateEnding": "2005-03-31", "reportedCurrency": "USD", "grossProfit": "833183000", "totalRevenue": "1159988000", "costOfRevenue": "326805000", "costofGoodsAndServicesSold": "326805000", "operatingIncome": "191725000", "sellingGeneralAndAdministrative": "0", "researchAndDevelopment": "0", "operatingExpenses": "-641458000", "investmentIncomeNet": "None", "netInterestIncome": "None", "interestIncome": "None", "interestExpense": "18125000", "nonInterestIncome": "None", "otherNonOperatingIncome": "None", "depreciation": "None", "depreciationAndAmortization": "15034000", "incomeBeforeTax": "173912000", "incomeTaxExpense": "52729000", "interestAndDebtExpense": "None", "netIncomeFromContinuingOperations": "0", "comprehensiveIncomeNetOfTax": "None", "ebit": "191725000", "ebitda": "206759000", "netIncome": "120871000"}, {"fiscalDateEnding": "2004-12-31", "reportedCurrency": "USD", "grossProfit": "1183240000", "totalRevenue": "1183240000", "costOfRevenue": "974138000", "costofGoodsAndServicesSold": "974138000", "operatingIncome": "187710000", "sellingGeneralAndAdministrative": "0", "researchAndDevelopment": "0", "operatingExpenses": "-2861495000", "investmentIncomeNet": "None", "netInterestIncome": "None", "interestIncome": "None", "interestExpense": "18191000", "nonInterestIncome": "None", "otherNonOperatingIncome": "None", "depreciation": "None", "depreciationAndAmortization": "19898000", "incomeBeforeTax": "171013000", "incomeTaxExpense": "53398000", "interestAndDebtExpense": "None", "netIncomeFromContinuingOperations": "0", "comprehensiveIncomeNetOfTax": "None", "ebit": "187710000", "ebitda": "207608000", "netIncome": "116121000"}]}