{"symbol": "DE", "annualReports": [{"fiscalDateEnding": "2024-10-31", "reportedCurrency": "USD", "grossProfit": "19495000000", "totalRevenue": "50518000000", "costOfRevenue": "31023000000", "costofGoodsAndServicesSold": "31023000000", "operatingIncome": "11427000000", "sellingGeneralAndAdministrative": "4507000000", "researchAndDevelopment": "2290000000", "operatingExpenses": "8068000000", "investmentIncomeNet": "None", "netInterestIncome": "-3348000000", "interestIncome": "None", "interestExpense": "3348000000", "nonInterestIncome": "None", "otherNonOperatingIncome": "None", "depreciation": "None", "depreciationAndAmortization": "2118000000", "incomeBeforeTax": "9206000000", "incomeTaxExpense": "2094000000", "interestAndDebtExpense": "None", "netIncomeFromContinuingOperations": "7088000000", "comprehensiveIncomeNetOfTax": "None", "ebit": "12554000000", "ebitda": "14672000000", "netIncome": "7100000000"}, {"fiscalDateEnding": "2023-10-31", "reportedCurrency": "USD", "grossProfit": "22306000000", "totalRevenue": "60248000000", "costOfRevenue": "37942000000", "costofGoodsAndServicesSold": "37942000000", "operatingIncome": "14591000000", "sellingGeneralAndAdministrative": "4309000000", "researchAndDevelopment": "2177000000", "operatingExpenses": "7715000000", "investmentIncomeNet": "None", "netInterestIncome": "-2453000000", "interestIncome": "None", "interestExpense": "2453000000", "nonInterestIncome": "None", "otherNonOperatingIncome": "None", "depreciation": "None", "depreciationAndAmortization": "2004000000", "incomeBeforeTax": "13019000000", "incomeTaxExpense": "2871000000", "interestAndDebtExpense": "None", "netIncomeFromContinuingOperations": "10155000000", "comprehensiveIncomeNetOfTax": "None", "ebit": "15472000000", "ebitda": "17476000000", "netIncome": "10166000000"}, {"fiscalDateEnding": "2022-10-31", "reportedCurrency": "USD", "grossProfit": "15730000000", "totalRevenue": "51282000000", "costOfRevenue": "35552000000", "costofGoodsAndServicesSold": "35552000000", "operatingIncome": "9026000000", "sellingGeneralAndAdministrative": "3645000000", "researchAndDevelopment": "1912000000", "operatingExpenses": "6704000000", "investmentIncomeNet": "None", "netInterestIncome": "-1062000000", "interestIncome": "736000000", "interestExpense": "1062000000", "nonInterestIncome": "None", "otherNonOperatingIncome": "10000000", "depreciation": "None", "depreciationAndAmortization": "1895000000", "incomeBeforeTax": "9127000000", "incomeTaxExpense": "2007000000", "interestAndDebtExpense": "None", "netIncomeFromContinuingOperations": "7130000000", "comprehensiveIncomeNetOfTax": "None", "ebit": "10189000000", "ebitda": "12084000000", "netIncome": "7131000000"}, {"fiscalDateEnding": "2021-10-31", "reportedCurrency": "USD", "grossProfit": "13715000000", "totalRevenue": "43033000000", "costOfRevenue": "29318000000", "costofGoodsAndServicesSold": "29318000000", "operatingIncome": "7663000000", "sellingGeneralAndAdministrative": "3200000000", "researchAndDevelopment": "1587000000", "operatingExpenses": "6052000000", "investmentIncomeNet": "None", "netInterestIncome": "-993000000", "interestIncome": "993000000", "interestExpense": "993000000", "nonInterestIncome": "None", "otherNonOperatingIncome": "21000000", "depreciation": "None", "depreciationAndAmortization": "2050000000", "incomeBeforeTax": "7602000000", "incomeTaxExpense": "1658000000", "interestAndDebtExpense": "None", "netIncomeFromContinuingOperations": "5965000000", "comprehensiveIncomeNetOfTax": "None", "ebit": "8595000000", "ebitda": "10645000000", "netIncome": "5963000000"}, {"fiscalDateEnding": "2020-10-31", "reportedCurrency": "USD", "grossProfit": "10857000000", "totalRevenue": "34722000000", "costOfRevenue": "23865000000", "costofGoodsAndServicesSold": "23865000000", "operatingIncome": "4368000000", "sellingGeneralAndAdministrative": "3446000000", "researchAndDevelopment": "1644000000", "operatingExpenses": "6489000000", "investmentIncomeNet": "None", "netInterestIncome": "-1247000000", "interestIncome": "1247000000", "interestExpense": "1247000000", "nonInterestIncome": "None", "otherNonOperatingIncome": "-48000000", "depreciation": "None", "depreciationAndAmortization": "2118000000", "incomeBeforeTax": "3883000000", "incomeTaxExpense": "1082000000", "interestAndDebtExpense": "None", "netIncomeFromContinuingOperations": "2801000000", "comprehensiveIncomeNetOfTax": "None", "ebit": "5130000000", "ebitda": "7248000000", "netIncome": "2751000000"}, {"fiscalDateEnding": "2019-10-31", "reportedCurrency": "USD", "grossProfit": "11359000000", "totalRevenue": "38379000000", "costOfRevenue": "27020000000", "costofGoodsAndServicesSold": "27020000000", "operatingIncome": "4834000000", "sellingGeneralAndAdministrative": "3484000000", "researchAndDevelopment": "1783000000", "operatingExpenses": "6525000000", "investmentIncomeNet": "None", "netInterestIncome": "-1466000000", "interestIncome": "1410000000", "interestExpense": "1466000000", "nonInterestIncome": "None", "otherNonOperatingIncome": "21000000", "depreciation": "None", "depreciationAndAmortization": "2019000000", "incomeBeforeTax": "4088000000", "incomeTaxExpense": "852000000", "interestAndDebtExpense": "None", "netIncomeFromContinuingOperations": "3236000000", "comprehensiveIncomeNetOfTax": "None", "ebit": "5554000000", "ebitda": "7573000000", "netIncome": "3253000000"}, {"fiscalDateEnding": "2018-10-31", "reportedCurrency": "USD", "grossProfit": "10676000000", "totalRevenue": "36458000000", "costOfRevenue": "25782000000", "costofGoodsAndServicesSold": "25782000000", "operatingIncome": "4375000000", "sellingGeneralAndAdministrative": "3470000000", "researchAndDevelopment": "1658000000", "operatingExpenses": "6301000000", "investmentIncomeNet": "None", "netInterestIncome": "None", "interestIncome": "1029600000", "interestExpense": "1204000000", "nonInterestIncome": "None", "otherNonOperatingIncome": "26800000", "depreciation": "None", "depreciationAndAmortization": "1927000000", "incomeBeforeTax": "4071000000", "incomeTaxExpense": "1727000000", "interestAndDebtExpense": "None", "netIncomeFromContinuingOperations": "2343800000", "comprehensiveIncomeNetOfTax": "None", "ebit": "5275000000", "ebitda": "7202000000", "netIncome": "2368000000"}, {"fiscalDateEnding": "2017-10-31", "reportedCurrency": "USD", "grossProfit": "8583000000", "totalRevenue": "28617000000", "costOfRevenue": "20034000000", "costofGoodsAndServicesSold": "20034000000", "operatingIncome": "2932000000", "sellingGeneralAndAdministrative": "3129000000", "researchAndDevelopment": "1373000000", "operatingExpenses": "5651000000", "investmentIncomeNet": "None", "netInterestIncome": "None", "interestIncome": "1017500000", "interestExpense": "899000000", "nonInterestIncome": "None", "otherNonOperatingIncome": "-23500000", "depreciation": "None", "depreciationAndAmortization": "1716000000", "incomeBeforeTax": "3154000000", "incomeTaxExpense": "971000000", "interestAndDebtExpense": "None", "netIncomeFromContinuingOperations": "2182700000", "comprehensiveIncomeNetOfTax": "None", "ebit": "4053000000", "ebitda": "5769000000", "netIncome": "2159000000"}, {"fiscalDateEnding": "2016-10-31", "reportedCurrency": "USD", "grossProfit": "7540400000", "totalRevenue": "25898500000", "costOfRevenue": "18358100000", "costofGoodsAndServicesSold": "18358100000", "operatingIncome": "2242500000", "sellingGeneralAndAdministrative": "2791200000", "researchAndDevelopment": "1393700000", "operatingExpenses": "5297900000", "investmentIncomeNet": "None", "netInterestIncome": "None", "interestIncome": "704700000", "interestExpense": "763700000", "nonInterestIncome": "None", "otherNonOperatingIncome": "-2400000", "depreciation": "None", "depreciationAndAmortization": "1559800000", "incomeBeforeTax": "2224000000", "incomeTaxExpense": "700100000", "interestAndDebtExpense": "None", "netIncomeFromContinuingOperations": "1523900000", "comprehensiveIncomeNetOfTax": "None", "ebit": "2987700000", "ebitda": "4547500000", "netIncome": "1523900000"}, {"fiscalDateEnding": "2015-10-31", "reportedCurrency": "USD", "grossProfit": "7853100000", "totalRevenue": "28156300000", "costOfRevenue": "20303200000", "costofGoodsAndServicesSold": "20303200000", "operatingIncome": "2753700000", "sellingGeneralAndAdministrative": "2873300000", "researchAndDevelopment": "1425100000", "operatingExpenses": "5099400000", "investmentIncomeNet": "None", "netInterestIncome": "None", "interestIncome": "None", "interestExpense": "680000000", "nonInterestIncome": "None", "otherNonOperatingIncome": "900000", "depreciation": "None", "depreciationAndAmortization": "1382400000", "incomeBeforeTax": "2780100000", "incomeTaxExpense": "840100000", "interestAndDebtExpense": "None", "netIncomeFromContinuingOperations": "1940000000", "comprehensiveIncomeNetOfTax": "None", "ebit": "3460100000", "ebitda": "4842500000", "netIncome": "1940000000"}, {"fiscalDateEnding": "2014-10-31", "reportedCurrency": "USD", "grossProfit": "10315900000", "totalRevenue": "35242700000", "costOfRevenue": "24926800000", "costofGoodsAndServicesSold": "24926800000", "operatingIncome": "4637500000", "sellingGeneralAndAdministrative": "3284400000", "researchAndDevelopment": "1452000000", "operatingExpenses": "5678400000", "investmentIncomeNet": "None", "netInterestIncome": "None", "interestIncome": "None", "interestExpense": "664000000", "nonInterestIncome": "None", "otherNonOperatingIncome": "-7600000", "depreciation": "None", "depreciationAndAmortization": "1306500000", "incomeBeforeTax": "4797400000", "incomeTaxExpense": "1626500000", "interestAndDebtExpense": "None", "netIncomeFromContinuingOperations": "3170900000", "comprehensiveIncomeNetOfTax": "None", "ebit": "5461400000", "ebitda": "6767900000", "netIncome": "3161700000"}, {"fiscalDateEnding": "2013-10-31", "reportedCurrency": "USD", "grossProfit": "11302700000", "totalRevenue": "37113000000", "costOfRevenue": "25810300000", "costofGoodsAndServicesSold": "25810300000", "operatingIncome": "5541900000", "sellingGeneralAndAdministrative": "3605500000", "researchAndDevelopment": "1477300000", "operatingExpenses": "5760800000", "investmentIncomeNet": "None", "netInterestIncome": "None", "interestIncome": "None", "interestExpense": "741300000", "nonInterestIncome": "None", "otherNonOperatingIncome": "100000", "depreciation": "None", "depreciationAndAmortization": "1140300000", "incomeBeforeTax": "5483400000", "incomeTaxExpense": "1945900000", "interestAndDebtExpense": "None", "netIncomeFromContinuingOperations": "3537500000", "comprehensiveIncomeNetOfTax": "None", "ebit": "6224700000", "ebitda": "7365000000", "netIncome": "3537300000"}, {"fiscalDateEnding": "2012-10-31", "reportedCurrency": "USD", "grossProfit": "10352400000", "totalRevenue": "35482200000", "costOfRevenue": "25129800000", "costofGoodsAndServicesSold": "25129800000", "operatingIncome": "4841800000", "sellingGeneralAndAdministrative": "3417000000", "researchAndDevelopment": "1433600000", "operatingExpenses": "5510600000", "investmentIncomeNet": "None", "netInterestIncome": "None", "interestIncome": "None", "interestExpense": "782800000", "nonInterestIncome": "None", "otherNonOperatingIncome": "-3400000", "depreciation": "None", "depreciationAndAmortization": "1004200000", "incomeBeforeTax": "4734400000", "incomeTaxExpense": "1659400000", "interestAndDebtExpense": "None", "netIncomeFromContinuingOperations": "3075000000", "comprehensiveIncomeNetOfTax": "None", "ebit": "5517200000", "ebitda": "6521400000", "netIncome": "3064700000"}, {"fiscalDateEnding": "2011-10-31", "reportedCurrency": "USD", "grossProfit": "9354300000", "totalRevenue": "31388700000", "costOfRevenue": "22034400000", "costofGoodsAndServicesSold": "22034400000", "operatingIncome": "4358400000", "sellingGeneralAndAdministrative": "3168700000", "researchAndDevelopment": "1226200000", "operatingExpenses": "4995900000", "investmentIncomeNet": "None", "netInterestIncome": "None", "interestIncome": "None", "interestExpense": "759400000", "nonInterestIncome": "None", "otherNonOperatingIncome": "8600000", "depreciation": "None", "depreciationAndAmortization": "914900000", "incomeBeforeTax": "4222800000", "incomeTaxExpense": "1423600000", "interestAndDebtExpense": "None", "netIncomeFromContinuingOperations": "2799200000", "comprehensiveIncomeNetOfTax": "None", "ebit": "4982200000", "ebitda": "5897100000", "netIncome": "2799900000"}, {"fiscalDateEnding": "2010-10-31", "reportedCurrency": "USD", "grossProfit": "7801700000", "totalRevenue": "25398500000", "costOfRevenue": "17596800000", "costofGoodsAndServicesSold": "17596800000", "operatingIncome": "3230600000", "sellingGeneralAndAdministrative": "2968700000", "researchAndDevelopment": "1052400000", "operatingExpenses": "4571100000", "investmentIncomeNet": "None", "netInterestIncome": "None", "interestIncome": "None", "interestExpense": "811400000", "nonInterestIncome": "None", "otherNonOperatingIncome": "10700000", "depreciation": "None", "depreciationAndAmortization": "914800000", "incomeBeforeTax": "3025200000", "incomeTaxExpense": "1161600000", "interestAndDebtExpense": "None", "netIncomeFromContinuingOperations": "1863600000", "comprehensiveIncomeNetOfTax": "None", "ebit": "3836600000", "ebitda": "4751400000", "netIncome": "1865000000"}, {"fiscalDateEnding": "2009-10-31", "reportedCurrency": "USD", "grossProfit": "6153000000", "totalRevenue": "22598200000", "costOfRevenue": "16445200000", "costofGoodsAndServicesSold": "16445200000", "operatingIncome": "1867400000", "sellingGeneralAndAdministrative": "2780600000", "researchAndDevelopment": "977000000", "operatingExpenses": "4285600000", "investmentIncomeNet": "None", "netInterestIncome": "None", "interestIncome": "None", "interestExpense": "1042400000", "nonInterestIncome": "None", "otherNonOperatingIncome": "-6300000", "depreciation": "None", "depreciationAndAmortization": "873300000", "incomeBeforeTax": "1339200000", "incomeTaxExpense": "460000000", "interestAndDebtExpense": "None", "netIncomeFromContinuingOperations": "879800000", "comprehensiveIncomeNetOfTax": "None", "ebit": "2381600000", "ebitda": "3254900000", "netIncome": "873500000"}, {"fiscalDateEnding": "2008-10-31", "reportedCurrency": "USD", "grossProfit": "8002100000", "totalRevenue": "27871900000", "costOfRevenue": "19869800000", "costofGoodsAndServicesSold": "19869800000", "operatingIncome": "3695800000", "sellingGeneralAndAdministrative": "2960200000", "researchAndDevelopment": "943100000", "operatingExpenses": "4306300000", "investmentIncomeNet": "None", "netInterestIncome": "None", "interestIncome": "None", "interestExpense": "1137000000", "nonInterestIncome": "None", "otherNonOperatingIncome": "None", "depreciation": "None", "depreciationAndAmortization": "831000000", "incomeBeforeTax": "3124700000", "incomeTaxExpense": "1111200000", "interestAndDebtExpense": "None", "netIncomeFromContinuingOperations": "None", "comprehensiveIncomeNetOfTax": "None", "ebit": "4261700000", "ebitda": "5092700000", "netIncome": "2052800000"}, {"fiscalDateEnding": "2007-10-31", "reportedCurrency": "USD", "grossProfit": "7043100000", "totalRevenue": "23543900000", "costOfRevenue": "16500800000", "costofGoodsAndServicesSold": "16500800000", "operatingIncome": "3311500000", "sellingGeneralAndAdministrative": "2620800000", "researchAndDevelopment": "816800000", "operatingExpenses": "3731600000", "investmentIncomeNet": "None", "netInterestIncome": "None", "interestIncome": "None", "interestExpense": "1151200000", "nonInterestIncome": "None", "otherNonOperatingIncome": "None", "depreciation": "None", "depreciationAndAmortization": "744400000", "incomeBeforeTax": "2675500000", "incomeTaxExpense": "883000000", "interestAndDebtExpense": "None", "netIncomeFromContinuingOperations": "None", "comprehensiveIncomeNetOfTax": "None", "ebit": "3826700000", "ebitda": "4571100000", "netIncome": "1821700000"}, {"fiscalDateEnding": "2006-10-31", "reportedCurrency": "USD", "grossProfit": "6095800000", "totalRevenue": "21660800000", "costOfRevenue": "15565000000", "costofGoodsAndServicesSold": "15565000000", "operatingIncome": "2811100000", "sellingGeneralAndAdministrative": "2323900000", "researchAndDevelopment": "725800000", "operatingExpenses": "3284700000", "investmentIncomeNet": "None", "netInterestIncome": "None", "interestIncome": "None", "interestExpense": "1017500000", "nonInterestIncome": "None", "otherNonOperatingIncome": "None", "depreciation": "None", "depreciationAndAmortization": "691400000", "incomeBeforeTax": "2173800000", "incomeTaxExpense": "741600000", "interestAndDebtExpense": "None", "netIncomeFromContinuingOperations": "None", "comprehensiveIncomeNetOfTax": "None", "ebit": "3191300000", "ebitda": "3882700000", "netIncome": "1693800000"}, {"fiscalDateEnding": "2005-10-31", "reportedCurrency": "USD", "grossProfit": "6011500000", "totalRevenue": "21190800000", "costOfRevenue": "15179300000", "costofGoodsAndServicesSold": "15179300000", "operatingIncome": "2867500000", "sellingGeneralAndAdministrative": "2218600000", "researchAndDevelopment": "677300000", "operatingExpenses": "3144000000", "investmentIncomeNet": "None", "netInterestIncome": "None", "interestIncome": "None", "interestExpense": "390200000", "nonInterestIncome": "None", "otherNonOperatingIncome": "None", "depreciation": "None", "depreciationAndAmortization": "636500000", "incomeBeforeTax": "2106500000", "incomeTaxExpense": "698600000", "interestAndDebtExpense": "None", "netIncomeFromContinuingOperations": "None", "comprehensiveIncomeNetOfTax": "None", "ebit": "2867500000", "ebitda": "3504000000", "netIncome": "1446800000"}], "quarterlyReports": [{"fiscalDateEnding": "2025-01-31", "reportedCurrency": "USD", "grossProfit": "3225000000", "totalRevenue": "8262000000", "costOfRevenue": "5037000000", "costofGoodsAndServicesSold": "5037000000", "operatingIncome": "1478000000", "sellingGeneralAndAdministrative": "972000000", "researchAndDevelopment": "526000000", "operatingExpenses": "1747000000", "investmentIncomeNet": "None", "netInterestIncome": "-829000000", "interestIncome": "None", "interestExpense": "829000000", "nonInterestIncome": "None", "otherNonOperatingIncome": "None", "depreciation": "None", "depreciationAndAmortization": "549000000", "incomeBeforeTax": "895000000", "incomeTaxExpense": "27000000", "interestAndDebtExpense": "None", "netIncomeFromContinuingOperations": "867000000", "comprehensiveIncomeNetOfTax": "None", "ebit": "1724000000", "ebitda": "2273000000", "netIncome": "869000000"}, {"fiscalDateEnding": "2024-10-31", "reportedCurrency": "USD", "grossProfit": "4009000000", "totalRevenue": "10827000000", "costOfRevenue": "6818000000", "costofGoodsAndServicesSold": "6818000000", "operatingIncome": "2143000000", "sellingGeneralAndAdministrative": "899000000", "researchAndDevelopment": "626000000", "operatingExpenses": "1866000000", "investmentIncomeNet": "None", "netInterestIncome": "-870000000", "interestIncome": "None", "interestExpense": "870000000", "nonInterestIncome": "None", "otherNonOperatingIncome": "None", "depreciation": "None", "depreciationAndAmortization": "520000000", "incomeBeforeTax": "1519000000", "incomeTaxExpense": "249000000", "interestAndDebtExpense": "None", "netIncomeFromContinuingOperations": "1242000000", "comprehensiveIncomeNetOfTax": "None", "ebit": "2389000000", "ebitda": "2909000000", "netIncome": "1245000000"}, {"fiscalDateEnding": "2024-07-31", "reportedCurrency": "USD", "grossProfit": "5000000000", "totalRevenue": "12848000000", "costOfRevenue": "7848000000", "costofGoodsAndServicesSold": "7848000000", "operatingIncome": "2891000000", "sellingGeneralAndAdministrative": "1278000000", "researchAndDevelopment": "567000000", "operatingExpenses": "2109000000", "investmentIncomeNet": "None", "netInterestIncome": "-840000000", "interestIncome": "None", "interestExpense": "840000000", "nonInterestIncome": "None", "otherNonOperatingIncome": "None", "depreciation": "None", "depreciationAndAmortization": "553000000", "incomeBeforeTax": "2355000000", "incomeTaxExpense": "625000000", "interestAndDebtExpense": "None", "netIncomeFromContinuingOperations": "1731000000", "comprehensiveIncomeNetOfTax": "None", "ebit": "3195000000", "ebitda": "3748000000", "netIncome": "1734000000"}, {"fiscalDateEnding": "2024-04-30", "reportedCurrency": "USD", "grossProfit": "5840000000", "totalRevenue": "14997000000", "costOfRevenue": "9157000000", "costofGoodsAndServicesSold": "9157000000", "operatingIncome": "3715000000", "sellingGeneralAndAdministrative": "1265000000", "researchAndDevelopment": "565000000", "operatingExpenses": "2125000000", "investmentIncomeNet": "None", "netInterestIncome": "-836000000", "interestIncome": "None", "interestExpense": "836000000", "nonInterestIncome": "None", "otherNonOperatingIncome": "None", "depreciation": "None", "depreciationAndAmortization": "525000000", "incomeBeforeTax": "3117000000", "incomeTaxExpense": "751000000", "interestAndDebtExpense": "None", "netIncomeFromContinuingOperations": "2368000000", "comprehensiveIncomeNetOfTax": "None", "ebit": "3953000000", "ebitda": "4478000000", "netIncome": "2370000000"}, {"fiscalDateEnding": "2024-01-31", "reportedCurrency": "USD", "grossProfit": "4646000000", "totalRevenue": "11846000000", "costOfRevenue": "7200000000", "costofGoodsAndServicesSold": "7200000000", "operatingIncome": "2678000000", "sellingGeneralAndAdministrative": "1066000000", "researchAndDevelopment": "533000000", "operatingExpenses": "1968000000", "investmentIncomeNet": "None", "netInterestIncome": "-802000000", "interestIncome": "None", "interestExpense": "802000000", "nonInterestIncome": "None", "otherNonOperatingIncome": "None", "depreciation": "None", "depreciationAndAmortization": "520000000", "incomeBeforeTax": "2215000000", "incomeTaxExpense": "469000000", "interestAndDebtExpense": "None", "netIncomeFromContinuingOperations": "1748000000", "comprehensiveIncomeNetOfTax": "None", "ebit": "3017000000", "ebitda": "3537000000", "netIncome": "1751000000"}, {"fiscalDateEnding": "2023-10-31", "reportedCurrency": "USD", "grossProfit": "5503000000", "totalRevenue": "15157000000", "costOfRevenue": "9654000000", "costofGoodsAndServicesSold": "9654000000", "operatingIncome": "3722000000", "sellingGeneralAndAdministrative": "1203000000", "researchAndDevelopment": "606000000", "operatingExpenses": "1781000000", "investmentIncomeNet": "None", "netInterestIncome": "-781000000", "interestIncome": "None", "interestExpense": "782000000", "nonInterestIncome": "None", "otherNonOperatingIncome": "None", "depreciation": "None", "depreciationAndAmortization": "477000000", "incomeBeforeTax": "3073000000", "incomeTaxExpense": "707000000", "interestAndDebtExpense": "None", "netIncomeFromContinuingOperations": "2368000000", "comprehensiveIncomeNetOfTax": "None", "ebit": "3855000000", "ebitda": "4332000000", "netIncome": "2369000000"}, {"fiscalDateEnding": "2023-07-31", "reportedCurrency": "USD", "grossProfit": "5913000000", "totalRevenue": "15537000000", "costOfRevenue": "9624000000", "costofGoodsAndServicesSold": "9624000000", "operatingIncome": "3965000000", "sellingGeneralAndAdministrative": "1110000000", "researchAndDevelopment": "528000000", "operatingExpenses": "1948000000", "investmentIncomeNet": "None", "netInterestIncome": "-623000000", "interestIncome": "623000000", "interestExpense": "623000000", "nonInterestIncome": "None", "otherNonOperatingIncome": "None", "depreciation": "None", "depreciationAndAmortization": "532000000", "incomeBeforeTax": "3606000000", "incomeTaxExpense": "636000000", "interestAndDebtExpense": "None", "netIncomeFromContinuingOperations": "2972000000", "comprehensiveIncomeNetOfTax": "None", "ebit": "4229000000", "ebitda": "4761000000", "netIncome": "2978000000"}, {"fiscalDateEnding": "2023-04-30", "reportedCurrency": "USD", "grossProfit": "6428000000", "totalRevenue": "17158000000", "costOfRevenue": "10730000000", "costofGoodsAndServicesSold": "10730000000", "operatingIncome": "4188000000", "sellingGeneralAndAdministrative": "1330000000", "researchAndDevelopment": "547000000", "operatingExpenses": "2240000000", "investmentIncomeNet": "None", "netInterestIncome": "-569000000", "interestIncome": "569000000", "interestExpense": "569000000", "nonInterestIncome": "None", "otherNonOperatingIncome": "2000000", "depreciation": "None", "depreciationAndAmortization": "501000000", "incomeBeforeTax": "3848000000", "incomeTaxExpense": "991000000", "interestAndDebtExpense": "None", "netIncomeFromContinuingOperations": "2859000000", "comprehensiveIncomeNetOfTax": "None", "ebit": "4417000000", "ebitda": "4918000000", "netIncome": "2860000000"}, {"fiscalDateEnding": "2023-01-31", "reportedCurrency": "USD", "grossProfit": "4462000000", "totalRevenue": "12396000000", "costOfRevenue": "7934000000", "costofGoodsAndServicesSold": "7934000000", "operatingIncome": "2716000000", "sellingGeneralAndAdministrative": "952000000", "researchAndDevelopment": "495000000", "operatingExpenses": "1746000000", "investmentIncomeNet": "None", "netInterestIncome": "-479000000", "interestIncome": "479000000", "interestExpense": "479000000", "nonInterestIncome": "None", "otherNonOperatingIncome": "1000000", "depreciation": "None", "depreciationAndAmortization": "494000000", "incomeBeforeTax": "2493000000", "incomeTaxExpense": "537000000", "interestAndDebtExpense": "None", "netIncomeFromContinuingOperations": "1957000000", "comprehensiveIncomeNetOfTax": "None", "ebit": "2972000000", "ebitda": "3466000000", "netIncome": "1959000000"}, {"fiscalDateEnding": "2022-10-31", "reportedCurrency": "USD", "grossProfit": "4848000000", "totalRevenue": "15276000000", "costOfRevenue": "10428000000", "costofGoodsAndServicesSold": "10428000000", "operatingIncome": "3106000000", "sellingGeneralAndAdministrative": "932000000", "researchAndDevelopment": "576000000", "operatingExpenses": "1742000000", "investmentIncomeNet": "None", "netInterestIncome": "-349000000", "interestIncome": "349000000", "interestExpense": "349000000", "nonInterestIncome": "None", "otherNonOperatingIncome": "1000000", "depreciation": "None", "depreciationAndAmortization": "452000000", "incomeBeforeTax": "2885000000", "incomeTaxExpense": "643000000", "interestAndDebtExpense": "None", "netIncomeFromContinuingOperations": "2244000000", "comprehensiveIncomeNetOfTax": "None", "ebit": "3234000000", "ebitda": "3686000000", "netIncome": "2246000000"}, {"fiscalDateEnding": "2022-07-31", "reportedCurrency": "USD", "grossProfit": "4335000000", "totalRevenue": "13846000000", "costOfRevenue": "9511000000", "costofGoodsAndServicesSold": "9511000000", "operatingIncome": "2579000000", "sellingGeneralAndAdministrative": "959000000", "researchAndDevelopment": "481000000", "operatingExpenses": "1756000000", "investmentIncomeNet": "None", "netInterestIncome": "-296000000", "interestIncome": "296000000", "interestExpense": "296000000", "nonInterestIncome": "None", "otherNonOperatingIncome": "None", "depreciation": "None", "depreciationAndAmortization": "510000000", "incomeBeforeTax": "2539000000", "incomeTaxExpense": "654000000", "interestAndDebtExpense": "None", "netIncomeFromContinuingOperations": "1885000000", "comprehensiveIncomeNetOfTax": "None", "ebit": "2835000000", "ebitda": "3345000000", "netIncome": "1884000000"}, {"fiscalDateEnding": "2022-04-30", "reportedCurrency": "USD", "grossProfit": "3912000000", "totalRevenue": "12830000000", "costOfRevenue": "8918000000", "costofGoodsAndServicesSold": "8918000000", "operatingIncome": "2199000000", "sellingGeneralAndAdministrative": "932000000", "researchAndDevelopment": "453000000", "operatingExpenses": "1713000000", "investmentIncomeNet": "None", "netInterestIncome": "-187000000", "interestIncome": "139000000", "interestExpense": "187000000", "nonInterestIncome": "None", "otherNonOperatingIncome": "6000000", "depreciation": "None", "depreciationAndAmortization": "447000000", "incomeBeforeTax": "2552000000", "incomeTaxExpense": "461000000", "interestAndDebtExpense": "None", "netIncomeFromContinuingOperations": "2097000000", "comprehensiveIncomeNetOfTax": "None", "ebit": "2739000000", "ebitda": "3186000000", "netIncome": "2098000000"}, {"fiscalDateEnding": "2022-01-31", "reportedCurrency": "USD", "grossProfit": "2636000000", "totalRevenue": "9331000000", "costOfRevenue": "6695000000", "costofGoodsAndServicesSold": "6695000000", "operatingIncome": "1142000000", "sellingGeneralAndAdministrative": "781000000", "researchAndDevelopment": "402000000", "operatingExpenses": "1494000000", "investmentIncomeNet": "None", "netInterestIncome": "-229000000", "interestIncome": "229000000", "interestExpense": "229000000", "nonInterestIncome": "None", "otherNonOperatingIncome": "3000000", "depreciation": "None", "depreciationAndAmortization": "486000000", "incomeBeforeTax": "1151000000", "incomeTaxExpense": "250000000", "interestAndDebtExpense": "None", "netIncomeFromContinuingOperations": "901000000", "comprehensiveIncomeNetOfTax": "None", "ebit": "1380000000", "ebitda": "1866000000", "netIncome": "903000000"}, {"fiscalDateEnding": "2021-10-31", "reportedCurrency": "USD", "grossProfit": "3093000000", "totalRevenue": "11104000000", "costOfRevenue": "8011000000", "costofGoodsAndServicesSold": "8011000000", "operatingIncome": "1600000000", "sellingGeneralAndAdministrative": "936000000", "researchAndDevelopment": "450000000", "operatingExpenses": "1493000000", "investmentIncomeNet": "None", "netInterestIncome": "None", "interestIncome": "210000000", "interestExpense": "210000000", "nonInterestIncome": "None", "otherNonOperatingIncome": "1000000", "depreciation": "None", "depreciationAndAmortization": "481000000", "incomeBeforeTax": "1613000000", "incomeTaxExpense": "330000000", "interestAndDebtExpense": "None", "netIncomeFromContinuingOperations": "1284000000", "comprehensiveIncomeNetOfTax": "None", "ebit": "1823000000", "ebitda": "2304000000", "netIncome": "1283000000"}, {"fiscalDateEnding": "2021-07-31", "reportedCurrency": "USD", "grossProfit": "3664000000", "totalRevenue": "11238000000", "costOfRevenue": "7574000000", "costofGoodsAndServicesSold": "7574000000", "operatingIncome": "2105000000", "sellingGeneralAndAdministrative": "841000000", "researchAndDevelopment": "394000000", "operatingExpenses": "1559000000", "investmentIncomeNet": "None", "netInterestIncome": "None", "interestIncome": "244000000", "interestExpense": "244000000", "nonInterestIncome": "None", "otherNonOperatingIncome": "8000000", "depreciation": "None", "depreciationAndAmortization": "515000000", "incomeBeforeTax": "2150000000", "incomeTaxExpense": "491000000", "interestAndDebtExpense": "None", "netIncomeFromContinuingOperations": "1667000000", "comprehensiveIncomeNetOfTax": "None", "ebit": "2394000000", "ebitda": "2909000000", "netIncome": "1667000000"}, {"fiscalDateEnding": "2021-04-30", "reportedCurrency": "USD", "grossProfit": "3879000000", "totalRevenue": "11807000000", "costOfRevenue": "7928000000", "costofGoodsAndServicesSold": "7928000000", "operatingIncome": "2329000000", "sellingGeneralAndAdministrative": "838000000", "researchAndDevelopment": "377000000", "operatingExpenses": "1550000000", "investmentIncomeNet": "None", "netInterestIncome": "None", "interestIncome": "268000000", "interestExpense": "268000000", "nonInterestIncome": "None", "otherNonOperatingIncome": "8000000", "depreciation": "None", "depreciationAndAmortization": "516000000", "incomeBeforeTax": "2312000000", "incomeTaxExpense": "530000000", "interestAndDebtExpense": "None", "netIncomeFromContinuingOperations": "1790000000", "comprehensiveIncomeNetOfTax": "None", "ebit": "2580000000", "ebitda": "3096000000", "netIncome": "1790000000"}, {"fiscalDateEnding": "2021-01-31", "reportedCurrency": "USD", "grossProfit": "3080000000", "totalRevenue": "8885000000", "costOfRevenue": "5805000000", "costofGoodsAndServicesSold": "5805000000", "operatingIncome": "1572000000", "sellingGeneralAndAdministrative": "769000000", "researchAndDevelopment": "366000000", "operatingExpenses": "1508000000", "investmentIncomeNet": "None", "netInterestIncome": "None", "interestIncome": "271000000", "interestExpense": "271000000", "nonInterestIncome": "None", "otherNonOperatingIncome": "4000000", "depreciation": "None", "depreciationAndAmortization": "538000000", "incomeBeforeTax": "1528000000", "incomeTaxExpense": "308000000", "interestAndDebtExpense": "None", "netIncomeFromContinuingOperations": "1220000000", "comprehensiveIncomeNetOfTax": "None", "ebit": "1799000000", "ebitda": "2337000000", "netIncome": "1224000000"}, {"fiscalDateEnding": "2020-10-31", "reportedCurrency": "USD", "grossProfit": "2867000000", "totalRevenue": "9526000000", "costOfRevenue": "6659000000", "costofGoodsAndServicesSold": "6659000000", "operatingIncome": "1189000000", "sellingGeneralAndAdministrative": "979000000", "researchAndDevelopment": "443000000", "operatingExpenses": "1678000000", "investmentIncomeNet": "None", "netInterestIncome": "None", "interestIncome": "278000000", "interestExpense": "278000000", "nonInterestIncome": "None", "otherNonOperatingIncome": "-28000000", "depreciation": "None", "depreciationAndAmortization": "504000000", "incomeBeforeTax": "1116000000", "incomeTaxExpense": "330000000", "interestAndDebtExpense": "None", "netIncomeFromContinuingOperations": "786000000", "comprehensiveIncomeNetOfTax": "None", "ebit": "1394000000", "ebitda": "1898000000", "netIncome": "758000000"}, {"fiscalDateEnding": "2020-07-31", "reportedCurrency": "USD", "grossProfit": "2862000000", "totalRevenue": "8697000000", "costOfRevenue": "5835000000", "costofGoodsAndServicesSold": "5835000000", "operatingIncome": "1332000000", "sellingGeneralAndAdministrative": "752000000", "researchAndDevelopment": "370000000", "operatingExpenses": "1530000000", "investmentIncomeNet": "None", "netInterestIncome": "None", "interestIncome": "290000000", "interestExpense": "290000000", "nonInterestIncome": "None", "otherNonOperatingIncome": "-2000000", "depreciation": "None", "depreciationAndAmortization": "547000000", "incomeBeforeTax": "1270000000", "incomeTaxExpense": "457000000", "interestAndDebtExpense": "None", "netIncomeFromContinuingOperations": "813000000", "comprehensiveIncomeNetOfTax": "None", "ebit": "1560000000", "ebitda": "2107000000", "netIncome": "811000000"}, {"fiscalDateEnding": "2020-04-30", "reportedCurrency": "USD", "grossProfit": "2779000000", "totalRevenue": "9073000000", "costOfRevenue": "6294000000", "costofGoodsAndServicesSold": "6294000000", "operatingIncome": "1090000000", "sellingGeneralAndAdministrative": "906000000", "researchAndDevelopment": "406000000", "operatingExpenses": "1689000000", "investmentIncomeNet": "None", "netInterestIncome": "None", "interestIncome": "106000000", "interestExpense": "342000000", "nonInterestIncome": "None", "otherNonOperatingIncome": "-17000000", "depreciation": "None", "depreciationAndAmortization": "529000000", "incomeBeforeTax": "928000000", "incomeTaxExpense": "245000000", "interestAndDebtExpense": "None", "netIncomeFromContinuingOperations": "683000000", "comprehensiveIncomeNetOfTax": "None", "ebit": "1270000000", "ebitda": "1799000000", "netIncome": "666000000"}, {"fiscalDateEnding": "2020-01-31", "reportedCurrency": "USD", "grossProfit": "2349000000", "totalRevenue": "7426000000", "costOfRevenue": "5077000000", "costofGoodsAndServicesSold": "5077000000", "operatingIncome": "700000000", "sellingGeneralAndAdministrative": "809000000", "researchAndDevelopment": "425000000", "operatingExpenses": "1649000000", "investmentIncomeNet": "None", "netInterestIncome": "None", "interestIncome": "330000000", "interestExpense": "336000000", "nonInterestIncome": "None", "otherNonOperatingIncome": "-1000000", "depreciation": "None", "depreciationAndAmortization": "538000000", "incomeBeforeTax": "569000000", "incomeTaxExpense": "50000000", "interestAndDebtExpense": "None", "netIncomeFromContinuingOperations": "519000000", "comprehensiveIncomeNetOfTax": "None", "ebit": "905000000", "ebitda": "1443000000", "netIncome": "517000000"}, {"fiscalDateEnding": "2019-10-31", "reportedCurrency": "USD", "grossProfit": "2696000000", "totalRevenue": "9660000000", "costOfRevenue": "6964000000", "costofGoodsAndServicesSold": "6964000000", "operatingIncome": "977000000", "sellingGeneralAndAdministrative": "1087000000", "researchAndDevelopment": "488000000", "operatingExpenses": "1719000000", "investmentIncomeNet": "None", "netInterestIncome": "None", "interestIncome": "None", "interestExpense": "388000000", "nonInterestIncome": "None", "otherNonOperatingIncome": "1100000", "depreciation": "None", "depreciationAndAmortization": "497000000", "incomeBeforeTax": "825000000", "incomeTaxExpense": "104000000", "interestAndDebtExpense": "None", "netIncomeFromContinuingOperations": "721000000", "comprehensiveIncomeNetOfTax": "None", "ebit": "1213000000", "ebitda": "1710000000", "netIncome": "721000000"}, {"fiscalDateEnding": "2019-07-31", "reportedCurrency": "USD", "grossProfit": "2983000000", "totalRevenue": "9853000000", "costOfRevenue": "6870000000", "costofGoodsAndServicesSold": "6870000000", "operatingIncome": "1304000000", "sellingGeneralAndAdministrative": "896000000", "researchAndDevelopment": "431000000", "operatingExpenses": "1679000000", "investmentIncomeNet": "None", "netInterestIncome": "None", "interestIncome": "None", "interestExpense": "374000000", "nonInterestIncome": "None", "otherNonOperatingIncome": "7000000", "depreciation": "None", "depreciationAndAmortization": "506000000", "incomeBeforeTax": "1113000000", "incomeTaxExpense": "221000000", "interestAndDebtExpense": "None", "netIncomeFromContinuingOperations": "892000000", "comprehensiveIncomeNetOfTax": "None", "ebit": "1487000000", "ebitda": "1993000000", "netIncome": "899000000"}, {"fiscalDateEnding": "2019-04-30", "reportedCurrency": "USD", "grossProfit": "3356000000", "totalRevenue": "11111000000", "costOfRevenue": "7755000000", "costofGoodsAndServicesSold": "7755000000", "operatingIncome": "1593000000", "sellingGeneralAndAdministrative": "947000000", "researchAndDevelopment": "457000000", "operatingExpenses": "1763000000", "investmentIncomeNet": "None", "netInterestIncome": "None", "interestIncome": "None", "interestExpense": "351000000", "nonInterestIncome": "None", "otherNonOperatingIncome": "6400000", "depreciation": "None", "depreciationAndAmortization": "513000000", "incomeBeforeTax": "1473000000", "incomeTaxExpense": "343000000", "interestAndDebtExpense": "None", "netIncomeFromContinuingOperations": "1129900000", "comprehensiveIncomeNetOfTax": "None", "ebit": "1824000000", "ebitda": "2337000000", "netIncome": "1135000000"}, {"fiscalDateEnding": "2019-01-31", "reportedCurrency": "USD", "grossProfit": "2324000000", "totalRevenue": "7756000000", "costOfRevenue": "5432000000", "costofGoodsAndServicesSold": "5432000000", "operatingIncome": "802000000", "sellingGeneralAndAdministrative": "764000000", "researchAndDevelopment": "407000000", "operatingExpenses": "1522000000", "investmentIncomeNet": "None", "netInterestIncome": "None", "interestIncome": "None", "interestExpense": "353000000", "nonInterestIncome": "None", "otherNonOperatingIncome": "6500000", "depreciation": "None", "depreciationAndAmortization": "503000000", "incomeBeforeTax": "677000000", "incomeTaxExpense": "184000000", "interestAndDebtExpense": "None", "netIncomeFromContinuingOperations": "493100000", "comprehensiveIncomeNetOfTax": "None", "ebit": "1030000000", "ebitda": "1533000000", "netIncome": "498000000"}, {"fiscalDateEnding": "2018-10-31", "reportedCurrency": "USD", "grossProfit": "2595000000", "totalRevenue": "9186700000", "costOfRevenue": "6591700000", "costofGoodsAndServicesSold": "6591700000", "operatingIncome": "1072400000", "sellingGeneralAndAdministrative": "1073500000", "researchAndDevelopment": "469900000", "operatingExpenses": "1522600000", "investmentIncomeNet": "None", "netInterestIncome": "None", "interestIncome": "None", "interestExpense": "322600000", "nonInterestIncome": "None", "otherNonOperatingIncome": "8900000", "depreciation": "None", "depreciationAndAmortization": "482300000", "incomeBeforeTax": "978900000", "incomeTaxExpense": "203500000", "interestAndDebtExpense": "None", "netIncomeFromContinuingOperations": "775400000", "comprehensiveIncomeNetOfTax": "None", "ebit": "1301500000", "ebitda": "1783800000", "netIncome": "784800000"}, {"fiscalDateEnding": "2018-07-31", "reportedCurrency": "USD", "grossProfit": "2920000000", "totalRevenue": "10072000000", "costOfRevenue": "7152000000", "costofGoodsAndServicesSold": "7152000000", "operatingIncome": "1245000000", "sellingGeneralAndAdministrative": "913000000", "researchAndDevelopment": "416000000", "operatingExpenses": "1675000000", "investmentIncomeNet": "None", "netInterestIncome": "None", "interestIncome": "None", "interestExpense": "291000000", "nonInterestIncome": "None", "otherNonOperatingIncome": "9900000", "depreciation": "None", "depreciationAndAmortization": "494200000", "incomeBeforeTax": "1190000000", "incomeTaxExpense": "289000000", "interestAndDebtExpense": "None", "netIncomeFromContinuingOperations": "901400000", "comprehensiveIncomeNetOfTax": "None", "ebit": "1481000000", "ebitda": "1975200000", "netIncome": "910000000"}, {"fiscalDateEnding": "2018-04-30", "reportedCurrency": "USD", "grossProfit": "3167600000", "totalRevenue": "10500900000", "costOfRevenue": "7333300000", "costofGoodsAndServicesSold": "7333300000", "operatingIncome": "1468300000", "sellingGeneralAndAdministrative": "939200000", "researchAndDevelopment": "415200000", "operatingExpenses": "1699300000", "investmentIncomeNet": "None", "netInterestIncome": "None", "interestIncome": "None", "interestExpense": "303700000", "nonInterestIncome": "None", "otherNonOperatingIncome": "3100000", "depreciation": "None", "depreciationAndAmortization": "487600000", "incomeBeforeTax": "1383700000", "incomeTaxExpense": "177100000", "interestAndDebtExpense": "None", "netIncomeFromContinuingOperations": "1206600000", "comprehensiveIncomeNetOfTax": "None", "ebit": "1687400000", "ebitda": "2175000000", "netIncome": "1208300000"}, {"fiscalDateEnding": "2018-01-31", "reportedCurrency": "USD", "grossProfit": "1992300000", "totalRevenue": "6696800000", "costOfRevenue": "4704500000", "costofGoodsAndServicesSold": "4704500000", "operatingIncome": "587500000", "sellingGeneralAndAdministrative": "705000000", "researchAndDevelopment": "356800000", "operatingExpenses": "1404800000", "investmentIncomeNet": "None", "netInterestIncome": "None", "interestIncome": "None", "interestExpense": "286300000", "nonInterestIncome": "None", "otherNonOperatingIncome": "4900000", "depreciation": "None", "depreciationAndAmortization": "463200000", "incomeBeforeTax": "517900000", "incomeTaxExpense": "1057500000", "interestAndDebtExpense": "None", "netIncomeFromContinuingOperations": "-539600000", "comprehensiveIncomeNetOfTax": "None", "ebit": "804200000", "ebitda": "1267400000", "netIncome": "-535100000"}, {"fiscalDateEnding": "2017-10-31", "reportedCurrency": "USD", "grossProfit": "2221600000", "totalRevenue": "7816600000", "costOfRevenue": "5595000000", "costofGoodsAndServicesSold": "5595000000", "operatingIncome": "813300000", "sellingGeneralAndAdministrative": "840800000", "researchAndDevelopment": "397000000", "operatingExpenses": "1408300000", "investmentIncomeNet": "None", "netInterestIncome": "None", "interestIncome": "None", "interestExpense": "248200000", "nonInterestIncome": "None", "otherNonOperatingIncome": "-33500000", "depreciation": "None", "depreciationAndAmortization": "436500000", "incomeBeforeTax": "766600000", "incomeTaxExpense": "222400000", "interestAndDebtExpense": "None", "netIncomeFromContinuingOperations": "555000000", "comprehensiveIncomeNetOfTax": "None", "ebit": "1014800000", "ebitda": "1451300000", "netIncome": "510300000"}, {"fiscalDateEnding": "2017-07-31", "reportedCurrency": "USD", "grossProfit": "2273200000", "totalRevenue": "7521800000", "costOfRevenue": "5248600000", "costofGoodsAndServicesSold": "5248600000", "operatingIncome": "820200000", "sellingGeneralAndAdministrative": "799100000", "researchAndDevelopment": "336800000", "operatingExpenses": "1453000000", "investmentIncomeNet": "None", "netInterestIncome": "None", "interestIncome": "None", "interestExpense": "216300000", "nonInterestIncome": "None", "otherNonOperatingIncome": "5600000", "depreciation": "None", "depreciationAndAmortization": "435900000", "incomeBeforeTax": "889900000", "incomeTaxExpense": "253200000", "interestAndDebtExpense": "None", "netIncomeFromContinuingOperations": "636700000", "comprehensiveIncomeNetOfTax": "None", "ebit": "1106200000", "ebitda": "1542100000", "netIncome": "641800000"}, {"fiscalDateEnding": "2017-04-30", "reportedCurrency": "USD", "grossProfit": "2497100000", "totalRevenue": "7924800000", "costOfRevenue": "5427700000", "costofGoodsAndServicesSold": "5427700000", "operatingIncome": "1034000000", "sellingGeneralAndAdministrative": "783600000", "researchAndDevelopment": "325400000", "operatingExpenses": "1463100000", "investmentIncomeNet": "None", "netInterestIncome": "None", "interestIncome": "None", "interestExpense": "226900000", "nonInterestIncome": "None", "otherNonOperatingIncome": "4800000", "depreciation": "None", "depreciationAndAmortization": "427400000", "incomeBeforeTax": "1169300000", "incomeTaxExpense": "365800000", "interestAndDebtExpense": "None", "netIncomeFromContinuingOperations": "797400000", "comprehensiveIncomeNetOfTax": "None", "ebit": "1396200000", "ebitda": "1823600000", "netIncome": "808500000"}, {"fiscalDateEnding": "2017-01-31", "reportedCurrency": "USD", "grossProfit": "1571800000", "totalRevenue": "5353300000", "costOfRevenue": "3781500000", "costofGoodsAndServicesSold": "3781500000", "operatingIncome": "264200000", "sellingGeneralAndAdministrative": "667300000", "researchAndDevelopment": "312100000", "operatingExpenses": "1307600000", "investmentIncomeNet": "None", "netInterestIncome": "None", "interestIncome": "None", "interestExpense": "208100000", "nonInterestIncome": "None", "otherNonOperatingIncome": "-400000", "depreciation": "None", "depreciationAndAmortization": "415700000", "incomeBeforeTax": "328000000", "incomeTaxExpense": "129200000", "interestAndDebtExpense": "None", "netIncomeFromContinuingOperations": "193600000", "comprehensiveIncomeNetOfTax": "None", "ebit": "536100000", "ebitda": "951800000", "netIncome": "199000000"}, {"fiscalDateEnding": "2016-10-31", "reportedCurrency": "USD", "grossProfit": "1766800000", "totalRevenue": "6312400000", "costOfRevenue": "4545600000", "costofGoodsAndServicesSold": "4545600000", "operatingIncome": "425600000", "sellingGeneralAndAdministrative": "746900000", "researchAndDevelopment": "386000000", "operatingExpenses": "1341200000", "investmentIncomeNet": "None", "netInterestIncome": "None", "interestIncome": "None", "interestExpense": "198800000", "nonInterestIncome": "None", "otherNonOperatingIncome": "-9700000", "depreciation": "None", "depreciationAndAmortization": "401400000", "incomeBeforeTax": "434400000", "incomeTaxExpense": "140200000", "interestAndDebtExpense": "None", "netIncomeFromContinuingOperations": "294100000", "comprehensiveIncomeNetOfTax": "None", "ebit": "633200000", "ebitda": "1034600000", "netIncome": "285300000"}, {"fiscalDateEnding": "2016-07-31", "reportedCurrency": "USD", "grossProfit": "2005700000", "totalRevenue": "6499900000", "costOfRevenue": "4494200000", "costofGoodsAndServicesSold": "4494200000", "operatingIncome": "681300000", "sellingGeneralAndAdministrative": "709000000", "researchAndDevelopment": "338800000", "operatingExpenses": "1324400000", "investmentIncomeNet": "None", "netInterestIncome": "None", "interestIncome": "None", "interestExpense": "200700000", "nonInterestIncome": "None", "otherNonOperatingIncome": "10000000", "depreciation": "None", "depreciationAndAmortization": "396600000", "incomeBeforeTax": "705100000", "incomeTaxExpense": "226500000", "interestAndDebtExpense": "None", "netIncomeFromContinuingOperations": "478600000", "comprehensiveIncomeNetOfTax": "None", "ebit": "905800000", "ebitda": "1302400000", "netIncome": "488800000"}, {"fiscalDateEnding": "2016-04-30", "reportedCurrency": "USD", "grossProfit": "2187000000", "totalRevenue": "7718000000", "costOfRevenue": "5531000000", "costofGoodsAndServicesSold": "5531000000", "operatingIncome": "766900000", "sellingGeneralAndAdministrative": "714800000", "researchAndDevelopment": "345000000", "operatingExpenses": "1420100000", "investmentIncomeNet": "None", "netInterestIncome": "None", "interestIncome": "None", "interestExpense": "191000000", "nonInterestIncome": "None", "otherNonOperatingIncome": "-800000", "depreciation": "None", "depreciationAndAmortization": "387600000", "incomeBeforeTax": "733300000", "incomeTaxExpense": "237800000", "interestAndDebtExpense": "None", "netIncomeFromContinuingOperations": "495500000", "comprehensiveIncomeNetOfTax": "None", "ebit": "924300000", "ebitda": "1311900000", "netIncome": "495400000"}, {"fiscalDateEnding": "2016-01-31", "reportedCurrency": "USD", "grossProfit": "1528100000", "totalRevenue": "5368200000", "costOfRevenue": "3840100000", "costofGoodsAndServicesSold": "3840100000", "operatingIncome": "368100000", "sellingGeneralAndAdministrative": "592900000", "researchAndDevelopment": "319300000", "operatingExpenses": "1160000000", "investmentIncomeNet": "None", "netInterestIncome": "None", "interestIncome": "None", "interestExpense": "173200000", "nonInterestIncome": "None", "otherNonOperatingIncome": "-1900000", "depreciation": "None", "depreciationAndAmortization": "374200000", "incomeBeforeTax": "351200000", "incomeTaxExpense": "95500000", "interestAndDebtExpense": "None", "netIncomeFromContinuingOperations": "255700000", "comprehensiveIncomeNetOfTax": "None", "ebit": "524400000", "ebitda": "898600000", "netIncome": "254400000"}, {"fiscalDateEnding": "2015-10-31", "reportedCurrency": "USD", "grossProfit": "1716100000", "totalRevenue": "6546500000", "costOfRevenue": "4830400000", "costofGoodsAndServicesSold": "4830400000", "operatingIncome": "451100000", "sellingGeneralAndAdministrative": "719100000", "researchAndDevelopment": "404000000", "operatingExpenses": "1265000000", "investmentIncomeNet": "None", "netInterestIncome": "None", "interestIncome": "None", "interestExpense": "162900000", "nonInterestIncome": "None", "otherNonOperatingIncome": "-900000", "depreciation": "None", "depreciationAndAmortization": "353200000", "incomeBeforeTax": "456900000", "incomeTaxExpense": "104500000", "interestAndDebtExpense": "None", "netIncomeFromContinuingOperations": "352400000", "comprehensiveIncomeNetOfTax": "None", "ebit": "619800000", "ebitda": "973000000", "netIncome": "351200000"}, {"fiscalDateEnding": "2015-07-31", "reportedCurrency": "USD", "grossProfit": "2078200000", "totalRevenue": "7436200000", "costOfRevenue": "5358000000", "costofGoodsAndServicesSold": "5358000000", "operatingIncome": "752500000", "sellingGeneralAndAdministrative": "755300000", "researchAndDevelopment": "346800000", "operatingExpenses": "1325700000", "investmentIncomeNet": "None", "netInterestIncome": "None", "interestIncome": "None", "interestExpense": "171500000", "nonInterestIncome": "None", "otherNonOperatingIncome": "14200000", "depreciation": "None", "depreciationAndAmortization": "346300000", "incomeBeforeTax": "738500000", "incomeTaxExpense": "241000000", "interestAndDebtExpense": "None", "netIncomeFromContinuingOperations": "497500000", "comprehensiveIncomeNetOfTax": "None", "ebit": "910000000", "ebitda": "1256300000", "netIncome": "511600000"}, {"fiscalDateEnding": "2015-04-30", "reportedCurrency": "USD", "grossProfit": "2280600000", "totalRevenue": "7974800000", "costOfRevenue": "5694200000", "costofGoodsAndServicesSold": "5694200000", "operatingIncome": "986600000", "sellingGeneralAndAdministrative": "740000000", "researchAndDevelopment": "341100000", "operatingExpenses": "1294000000", "investmentIncomeNet": "None", "netInterestIncome": "None", "interestIncome": "None", "interestExpense": "165500000", "nonInterestIncome": "None", "otherNonOperatingIncome": "-2200000", "depreciation": "None", "depreciationAndAmortization": "340000000", "incomeBeforeTax": "1017000000", "incomeTaxExpense": "324000000", "interestAndDebtExpense": "None", "netIncomeFromContinuingOperations": "693000000", "comprehensiveIncomeNetOfTax": "None", "ebit": "1182500000", "ebitda": "1522500000", "netIncome": "690500000"}, {"fiscalDateEnding": "2015-01-31", "reportedCurrency": "USD", "grossProfit": "1778100000", "totalRevenue": "6198700000", "costOfRevenue": "4420600000", "costofGoodsAndServicesSold": "4420600000", "operatingIncome": "563300000", "sellingGeneralAndAdministrative": "659000000", "researchAndDevelopment": "333200000", "operatingExpenses": "1214800000", "investmentIncomeNet": "None", "netInterestIncome": "None", "interestIncome": "None", "interestExpense": "180100000", "nonInterestIncome": "None", "otherNonOperatingIncome": "-10200000", "depreciation": "None", "depreciationAndAmortization": "342900000", "incomeBeforeTax": "567600000", "incomeTaxExpense": "170500000", "interestAndDebtExpense": "None", "netIncomeFromContinuingOperations": "397100000", "comprehensiveIncomeNetOfTax": "None", "ebit": "747700000", "ebitda": "1090600000", "netIncome": "386800000"}, {"fiscalDateEnding": "2014-10-31", "reportedCurrency": "USD", "grossProfit": "2427800000", "totalRevenue": "8675900000", "costOfRevenue": "6248100000", "costofGoodsAndServicesSold": "6248100000", "operatingIncome": "960400000", "sellingGeneralAndAdministrative": "851400000", "researchAndDevelopment": "412100000", "operatingExpenses": "1467400000", "investmentIncomeNet": "None", "netInterestIncome": "None", "interestIncome": "None", "interestExpense": "172500000", "nonInterestIncome": "None", "otherNonOperatingIncome": "-9800000", "depreciation": "None", "depreciationAndAmortization": "349100000", "incomeBeforeTax": "1076500000", "incomeTaxExpense": "416900000", "interestAndDebtExpense": "None", "netIncomeFromContinuingOperations": "659700000", "comprehensiveIncomeNetOfTax": "None", "ebit": "1249000000", "ebitda": "1598100000", "netIncome": "649200000"}, {"fiscalDateEnding": "2014-07-31", "reportedCurrency": "USD", "grossProfit": "2685200000", "totalRevenue": "9296500000", "costOfRevenue": "6611300000", "costofGoodsAndServicesSold": "6611300000", "operatingIncome": "1242400000", "sellingGeneralAndAdministrative": "820700000", "researchAndDevelopment": "362100000", "operatingExpenses": "1442800000", "investmentIncomeNet": "None", "netInterestIncome": "None", "interestIncome": "None", "interestExpense": "153900000", "nonInterestIncome": "None", "otherNonOperatingIncome": "8900000", "depreciation": "None", "depreciationAndAmortization": "327100000", "incomeBeforeTax": "1292200000", "incomeTaxExpense": "450200000", "interestAndDebtExpense": "None", "netIncomeFromContinuingOperations": "842000000", "comprehensiveIncomeNetOfTax": "None", "ebit": "1446100000", "ebitda": "1773200000", "netIncome": "850700000"}, {"fiscalDateEnding": "2014-04-30", "reportedCurrency": "USD", "grossProfit": "2918500000", "totalRevenue": "9790300000", "costOfRevenue": "6871800000", "costofGoodsAndServicesSold": "6871800000", "operatingIncome": "1472000000", "sellingGeneralAndAdministrative": "846500000", "researchAndDevelopment": "354100000", "operatingExpenses": "1446500000", "investmentIncomeNet": "None", "netInterestIncome": "None", "interestIncome": "None", "interestExpense": "165800000", "nonInterestIncome": "None", "otherNonOperatingIncome": "-3600000", "depreciation": "None", "depreciationAndAmortization": "287200000", "incomeBeforeTax": "1463800000", "incomeTaxExpense": "479000000", "interestAndDebtExpense": "None", "netIncomeFromContinuingOperations": "984800000", "comprehensiveIncomeNetOfTax": "None", "ebit": "1629600000", "ebitda": "1916800000", "netIncome": "980700000"}, {"fiscalDateEnding": "2014-01-31", "reportedCurrency": "USD", "grossProfit": "2284500000", "totalRevenue": "7480000000", "costOfRevenue": "5195500000", "costofGoodsAndServicesSold": "5195500000", "operatingIncome": "962600000", "sellingGeneralAndAdministrative": "765900000", "researchAndDevelopment": "323700000", "operatingExpenses": "1321900000", "investmentIncomeNet": "None", "netInterestIncome": "None", "interestIncome": "None", "interestExpense": "171700000", "nonInterestIncome": "None", "otherNonOperatingIncome": "-3100000", "depreciation": "None", "depreciationAndAmortization": "343100000", "incomeBeforeTax": "964900000", "incomeTaxExpense": "280500000", "interestAndDebtExpense": "None", "netIncomeFromContinuingOperations": "684400000", "comprehensiveIncomeNetOfTax": "None", "ebit": "1136600000", "ebitda": "1479700000", "netIncome": "681100000"}, {"fiscalDateEnding": "2013-10-31", "reportedCurrency": "USD", "grossProfit": "2720100000", "totalRevenue": "9195500000", "costOfRevenue": "6475400000", "costofGoodsAndServicesSold": "6475400000", "operatingIncome": "1176400000", "sellingGeneralAndAdministrative": "947800000", "researchAndDevelopment": "405200000", "operatingExpenses": "1543700000", "investmentIncomeNet": "None", "netInterestIncome": "None", "interestIncome": "None", "interestExpense": "187600000", "nonInterestIncome": "None", "otherNonOperatingIncome": "-100000", "depreciation": "None", "depreciationAndAmortization": "299100000", "incomeBeforeTax": "1244200000", "incomeTaxExpense": "437100000", "interestAndDebtExpense": "None", "netIncomeFromContinuingOperations": "807200000", "comprehensiveIncomeNetOfTax": "None", "ebit": "1431800000", "ebitda": "1730900000", "netIncome": "806800000"}, {"fiscalDateEnding": "2013-07-31", "reportedCurrency": "USD", "grossProfit": "3008600000", "totalRevenue": "9846500000", "costOfRevenue": "6837900000", "costofGoodsAndServicesSold": "6837900000", "operatingIncome": "1568500000", "sellingGeneralAndAdministrative": "919800000", "researchAndDevelopment": "338700000", "operatingExpenses": "1440100000", "investmentIncomeNet": "None", "netInterestIncome": "None", "interestIncome": "None", "interestExpense": "182600000", "nonInterestIncome": "None", "otherNonOperatingIncome": "800000", "depreciation": "None", "depreciationAndAmortization": "286800000", "incomeBeforeTax": "1549300000", "incomeTaxExpense": "553500000", "interestAndDebtExpense": "None", "netIncomeFromContinuingOperations": "995800000", "comprehensiveIncomeNetOfTax": "None", "ebit": "1731900000", "ebitda": "2018700000", "netIncome": "996500000"}, {"fiscalDateEnding": "2013-04-30", "reportedCurrency": "USD", "grossProfit": "3295000000", "totalRevenue": "10777200000", "costOfRevenue": "7482200000", "costofGoodsAndServicesSold": "7482200000", "operatingIncome": "1798500000", "sellingGeneralAndAdministrative": "956300000", "researchAndDevelopment": "376800000", "operatingExpenses": "1496500000", "investmentIncomeNet": "None", "netInterestIncome": "None", "interestIncome": "None", "interestExpense": "191000000", "nonInterestIncome": "None", "otherNonOperatingIncome": "6900000", "depreciation": "None", "depreciationAndAmortization": "277300000", "incomeBeforeTax": "1743800000", "incomeTaxExpense": "666400000", "interestAndDebtExpense": "None", "netIncomeFromContinuingOperations": "1077400000", "comprehensiveIncomeNetOfTax": "None", "ebit": "1934800000", "ebitda": "2212100000", "netIncome": "1084200000"}, {"fiscalDateEnding": "2013-01-31", "reportedCurrency": "USD", "grossProfit": "2279000000", "totalRevenue": "7293800000", "costOfRevenue": "5014800000", "costofGoodsAndServicesSold": "5014800000", "operatingIncome": "998600000", "sellingGeneralAndAdministrative": "781500000", "researchAndDevelopment": "356500000", "operatingExpenses": "1280400000", "investmentIncomeNet": "None", "netInterestIncome": "None", "interestIncome": "None", "interestExpense": "180100000", "nonInterestIncome": "None", "otherNonOperatingIncome": "-7500000", "depreciation": "None", "depreciationAndAmortization": "277100000", "incomeBeforeTax": "946100000", "incomeTaxExpense": "289000000", "interestAndDebtExpense": "None", "netIncomeFromContinuingOperations": "657100000", "comprehensiveIncomeNetOfTax": "None", "ebit": "1126200000", "ebitda": "1403300000", "netIncome": "649700000"}, {"fiscalDateEnding": "2012-10-31", "reportedCurrency": "USD", "grossProfit": "2612700000", "totalRevenue": "9576100000", "costOfRevenue": "6963400000", "costofGoodsAndServicesSold": "6963400000", "operatingIncome": "1106400000", "sellingGeneralAndAdministrative": "948200000", "researchAndDevelopment": "401300000", "operatingExpenses": "1506300000", "investmentIncomeNet": "None", "netInterestIncome": "None", "interestIncome": "None", "interestExpense": "200000000", "nonInterestIncome": "None", "otherNonOperatingIncome": "-8400000", "depreciation": "None", "depreciationAndAmortization": "261500000", "incomeBeforeTax": "1122400000", "incomeTaxExpense": "425300000", "interestAndDebtExpense": "None", "netIncomeFromContinuingOperations": "697300000", "comprehensiveIncomeNetOfTax": "None", "ebit": "1322400000", "ebitda": "1583900000", "netIncome": "687600000"}, {"fiscalDateEnding": "2012-07-31", "reportedCurrency": "USD", "grossProfit": "2667500000", "totalRevenue": "9423500000", "costOfRevenue": "6756000000", "costofGoodsAndServicesSold": "6756000000", "operatingIncome": "1242700000", "sellingGeneralAndAdministrative": "878400000", "researchAndDevelopment": "367800000", "operatingExpenses": "1424800000", "investmentIncomeNet": "None", "netInterestIncome": "None", "interestIncome": "None", "interestExpense": "194900000", "nonInterestIncome": "None", "otherNonOperatingIncome": "2300000", "depreciation": "None", "depreciationAndAmortization": "244000000", "incomeBeforeTax": "1214700000", "incomeTaxExpense": "426800000", "interestAndDebtExpense": "None", "netIncomeFromContinuingOperations": "787900000", "comprehensiveIncomeNetOfTax": "None", "ebit": "1409600000", "ebitda": "1653600000", "netIncome": "788000000"}, {"fiscalDateEnding": "2012-04-30", "reportedCurrency": "USD", "grossProfit": "3054000000", "totalRevenue": "9888500000", "costOfRevenue": "6834500000", "costofGoodsAndServicesSold": "6834500000", "operatingIncome": "1672600000", "sellingGeneralAndAdministrative": "881400000", "researchAndDevelopment": "352000000", "operatingExpenses": "1381400000", "investmentIncomeNet": "None", "netInterestIncome": "None", "interestIncome": "None", "interestExpense": "195700000", "nonInterestIncome": "None", "otherNonOperatingIncome": "2400000", "depreciation": "None", "depreciationAndAmortization": "255400000", "incomeBeforeTax": "1597000000", "incomeTaxExpense": "541300000", "interestAndDebtExpense": "None", "netIncomeFromContinuingOperations": "1055700000", "comprehensiveIncomeNetOfTax": "None", "ebit": "1792700000", "ebitda": "2048100000", "netIncome": "1056200000"}, {"fiscalDateEnding": "2012-01-31", "reportedCurrency": "USD", "grossProfit": "2018100000", "totalRevenue": "6594100000", "costOfRevenue": "4576000000", "costofGoodsAndServicesSold": "4576000000", "operatingIncome": "820000000", "sellingGeneralAndAdministrative": "709000000", "researchAndDevelopment": "312500000", "operatingExpenses": "1198100000", "investmentIncomeNet": "None", "netInterestIncome": "None", "interestIncome": "None", "interestExpense": "192100000", "nonInterestIncome": "None", "otherNonOperatingIncome": "300000", "depreciation": "None", "depreciationAndAmortization": "243300000", "incomeBeforeTax": "800300000", "incomeTaxExpense": "266200000", "interestAndDebtExpense": "None", "netIncomeFromContinuingOperations": "534100000", "comprehensiveIncomeNetOfTax": "None", "ebit": "992400000", "ebitda": "1235700000", "netIncome": "532900000"}, {"fiscalDateEnding": "2011-10-31", "reportedCurrency": "USD", "grossProfit": "2363800000", "totalRevenue": "8405000000", "costOfRevenue": "6041200000", "costofGoodsAndServicesSold": "6041200000", "operatingIncome": "1030500000", "sellingGeneralAndAdministrative": "859700000", "researchAndDevelopment": "346900000", "operatingExpenses": "1333300000", "investmentIncomeNet": "None", "netInterestIncome": "None", "interestIncome": "None", "interestExpense": "180300000", "nonInterestIncome": "None", "otherNonOperatingIncome": "-2000000", "depreciation": "None", "depreciationAndAmortization": "237000000", "incomeBeforeTax": "1056900000", "incomeTaxExpense": "382900000", "interestAndDebtExpense": "None", "netIncomeFromContinuingOperations": "674000000", "comprehensiveIncomeNetOfTax": "None", "ebit": "1237200000", "ebitda": "1474200000", "netIncome": "669600000"}, {"fiscalDateEnding": "2011-07-31", "reportedCurrency": "USD", "grossProfit": "2421600000", "totalRevenue": "8213800000", "costOfRevenue": "5792200000", "costofGoodsAndServicesSold": "5792200000", "operatingIncome": "1105300000", "sellingGeneralAndAdministrative": "815800000", "researchAndDevelopment": "312000000", "operatingExpenses": "1316300000", "investmentIncomeNet": "None", "netInterestIncome": "None", "interestIncome": "None", "interestExpense": "184300000", "nonInterestIncome": "None", "otherNonOperatingIncome": "5200000", "depreciation": "None", "depreciationAndAmortization": "229200000", "incomeBeforeTax": "1079100000", "incomeTaxExpense": "369500000", "interestAndDebtExpense": "None", "netIncomeFromContinuingOperations": "709600000", "comprehensiveIncomeNetOfTax": "None", "ebit": "1263400000", "ebitda": "1492600000", "netIncome": "712300000"}, {"fiscalDateEnding": "2011-04-30", "reportedCurrency": "USD", "grossProfit": "2689200000", "totalRevenue": "8796100000", "costOfRevenue": "6106900000", "costofGoodsAndServicesSold": "6106900000", "operatingIncome": "1419400000", "sellingGeneralAndAdministrative": "828200000", "researchAndDevelopment": "298500000", "operatingExpenses": "1269800000", "investmentIncomeNet": "None", "netInterestIncome": "None", "interestIncome": "None", "interestExpense": "192300000", "nonInterestIncome": "None", "otherNonOperatingIncome": "4900000", "depreciation": "None", "depreciationAndAmortization": "229700000", "incomeBeforeTax": "1340700000", "incomeTaxExpense": "438900000", "interestAndDebtExpense": "None", "netIncomeFromContinuingOperations": "901800000", "comprehensiveIncomeNetOfTax": "None", "ebit": "1533000000", "ebitda": "1762700000", "netIncome": "904300000"}, {"fiscalDateEnding": "2011-01-31", "reportedCurrency": "USD", "grossProfit": "1879800000", "totalRevenue": "5973900000", "costOfRevenue": "4094100000", "costofGoodsAndServicesSold": "4094100000", "operatingIncome": "803200000", "sellingGeneralAndAdministrative": "665000000", "researchAndDevelopment": "268900000", "operatingExpenses": "1076600000", "investmentIncomeNet": "None", "netInterestIncome": "None", "interestIncome": "None", "interestExpense": "202500000", "nonInterestIncome": "None", "otherNonOperatingIncome": "500000", "depreciation": "None", "depreciationAndAmortization": "219000000", "incomeBeforeTax": "746000000", "incomeTaxExpense": "232200000", "interestAndDebtExpense": "None", "netIncomeFromContinuingOperations": "513800000", "comprehensiveIncomeNetOfTax": "None", "ebit": "948500000", "ebitda": "1167500000", "netIncome": "513700000"}, {"fiscalDateEnding": "2010-10-31", "reportedCurrency": "USD", "grossProfit": "1785800000", "totalRevenue": "7038300000", "costOfRevenue": "5252500000", "costofGoodsAndServicesSold": "5252500000", "operatingIncome": "779200000", "sellingGeneralAndAdministrative": "842200000", "researchAndDevelopment": "294300000", "operatingExpenses": "1006600000", "investmentIncomeNet": "None", "netInterestIncome": "None", "interestIncome": "None", "interestExpense": "192500000", "nonInterestIncome": "None", "otherNonOperatingIncome": "4300000", "depreciation": "None", "depreciationAndAmortization": "221900000", "incomeBeforeTax": "750300000", "incomeTaxExpense": "295200000", "interestAndDebtExpense": "None", "netIncomeFromContinuingOperations": "455100000", "comprehensiveIncomeNetOfTax": "None", "ebit": "942800000", "ebitda": "1164700000", "netIncome": "457300000"}, {"fiscalDateEnding": "2010-07-31", "reportedCurrency": "USD", "grossProfit": "2152800000", "totalRevenue": "6672400000", "costOfRevenue": "4519600000", "costofGoodsAndServicesSold": "4519600000", "operatingIncome": "950300000", "sellingGeneralAndAdministrative": "751200000", "researchAndDevelopment": "256300000", "operatingExpenses": "1202500000", "investmentIncomeNet": "None", "netInterestIncome": "None", "interestIncome": "None", "interestExpense": "193100000", "nonInterestIncome": "None", "otherNonOperatingIncome": "5900000", "depreciation": "None", "depreciationAndAmortization": "229500000", "incomeBeforeTax": "921700000", "incomeTaxExpense": "308100000", "interestAndDebtExpense": "None", "netIncomeFromContinuingOperations": "613600000", "comprehensiveIncomeNetOfTax": "None", "ebit": "1114800000", "ebitda": "1344300000", "netIncome": "617000000"}, {"fiscalDateEnding": "2010-04-30", "reportedCurrency": "USD", "grossProfit": "2218100000", "totalRevenue": "6983300000", "costOfRevenue": "4765200000", "costofGoodsAndServicesSold": "4765200000", "operatingIncome": "1048600000", "sellingGeneralAndAdministrative": "733300000", "researchAndDevelopment": "266000000", "operatingExpenses": "1169500000", "investmentIncomeNet": "None", "netInterestIncome": "None", "interestIncome": "None", "interestExpense": "207300000", "nonInterestIncome": "None", "otherNonOperatingIncome": "9300000", "depreciation": "None", "depreciationAndAmortization": "222000000", "incomeBeforeTax": "988900000", "incomeTaxExpense": "448400000", "interestAndDebtExpense": "None", "netIncomeFromContinuingOperations": "540500000", "comprehensiveIncomeNetOfTax": "None", "ebit": "1196200000", "ebitda": "1418200000", "netIncome": "547500000"}, {"fiscalDateEnding": "2010-01-31", "reportedCurrency": "USD", "grossProfit": "1499000000", "totalRevenue": "4704500000", "costOfRevenue": "3205500000", "costofGoodsAndServicesSold": "3205500000", "operatingIncome": "452500000", "sellingGeneralAndAdministrative": "642100000", "researchAndDevelopment": "235700000", "operatingExpenses": "1046500000", "investmentIncomeNet": "None", "netInterestIncome": "None", "interestIncome": "None", "interestExpense": "218500000", "nonInterestIncome": "None", "otherNonOperatingIncome": "-8800000", "depreciation": "None", "depreciationAndAmortization": "241400000", "incomeBeforeTax": "364300000", "incomeTaxExpense": "109900000", "interestAndDebtExpense": "None", "netIncomeFromContinuingOperations": "254400000", "comprehensiveIncomeNetOfTax": "None", "ebit": "582800000", "ebitda": "824200000", "netIncome": "243200000"}, {"fiscalDateEnding": "2009-10-31", "reportedCurrency": "USD", "grossProfit": "944300000", "totalRevenue": "5200000000", "costOfRevenue": "4255700000", "costofGoodsAndServicesSold": "4255700000", "operatingIncome": "63400000", "sellingGeneralAndAdministrative": "794200000", "researchAndDevelopment": "258600000", "operatingExpenses": "880900000", "investmentIncomeNet": "None", "netInterestIncome": "None", "interestIncome": "None", "interestExpense": "249200000", "nonInterestIncome": "None", "otherNonOperatingIncome": "None", "depreciation": "None", "depreciationAndAmortization": "220100000", "incomeBeforeTax": "-55100000", "incomeTaxExpense": "161400000", "interestAndDebtExpense": "None", "netIncomeFromContinuingOperations": "0", "comprehensiveIncomeNetOfTax": "None", "ebit": "194100000", "ebitda": "414200000", "netIncome": "-222800000"}, {"fiscalDateEnding": "2009-07-31", "reportedCurrency": "USD", "grossProfit": "1684800000", "totalRevenue": "5742400000", "costOfRevenue": "4057600000", "costofGoodsAndServicesSold": "4057600000", "operatingIncome": "615800000", "sellingGeneralAndAdministrative": "659500000", "researchAndDevelopment": "243300000", "operatingExpenses": "1069000000", "investmentIncomeNet": "None", "netInterestIncome": "None", "interestIncome": "None", "interestExpense": "249300000", "nonInterestIncome": "None", "otherNonOperatingIncome": "-1300000", "depreciation": "None", "depreciationAndAmortization": "222500000", "incomeBeforeTax": "508700000", "incomeTaxExpense": "87900000", "interestAndDebtExpense": "None", "netIncomeFromContinuingOperations": "421300000", "comprehensiveIncomeNetOfTax": "None", "ebit": "758000000", "ebitda": "980500000", "netIncome": "420000000"}, {"fiscalDateEnding": "2009-04-30", "reportedCurrency": "USD", "grossProfit": "1872700000", "totalRevenue": "6629100000", "costOfRevenue": "4756400000", "costofGoodsAndServicesSold": "4756400000", "operatingIncome": "762600000", "sellingGeneralAndAdministrative": "688000000", "researchAndDevelopment": "255700000", "operatingExpenses": "1110100000", "investmentIncomeNet": "None", "netInterestIncome": "None", "interestIncome": "None", "interestExpense": "269400000", "nonInterestIncome": "None", "otherNonOperatingIncome": "None", "depreciation": "None", "depreciationAndAmortization": "213800000", "incomeBeforeTax": "611900000", "incomeTaxExpense": "137100000", "interestAndDebtExpense": "None", "netIncomeFromContinuingOperations": "0", "comprehensiveIncomeNetOfTax": "None", "ebit": "881300000", "ebitda": "1095100000", "netIncome": "472300000"}, {"fiscalDateEnding": "2009-01-31", "reportedCurrency": "USD", "grossProfit": "1484300000", "totalRevenue": "5026800000", "costOfRevenue": "3542500000", "costofGoodsAndServicesSold": "3542500000", "operatingIncome": "429200000", "sellingGeneralAndAdministrative": "638900000", "researchAndDevelopment": "219400000", "operatingExpenses": "1055100000", "investmentIncomeNet": "None", "netInterestIncome": "None", "interestIncome": "None", "interestExpense": "274500000", "nonInterestIncome": "None", "otherNonOperatingIncome": "None", "depreciation": "None", "depreciationAndAmortization": "216900000", "incomeBeforeTax": "273800000", "incomeTaxExpense": "73500000", "interestAndDebtExpense": "None", "netIncomeFromContinuingOperations": "0", "comprehensiveIncomeNetOfTax": "None", "ebit": "548300000", "ebitda": "765200000", "netIncome": "203900000"}, {"fiscalDateEnding": "2008-10-31", "reportedCurrency": "USD", "grossProfit": "1257900000", "totalRevenue": "6835400000", "costOfRevenue": "5577500000", "costofGoodsAndServicesSold": "5577500000", "operatingIncome": "288800000", "sellingGeneralAndAdministrative": "300500000", "researchAndDevelopment": "270600000", "operatingExpenses": "969100000", "investmentIncomeNet": "None", "netInterestIncome": "None", "interestIncome": "None", "interestExpense": "480400000", "nonInterestIncome": "None", "otherNonOperatingIncome": "None", "depreciation": "None", "depreciationAndAmortization": "204100000", "incomeBeforeTax": "560700000", "incomeTaxExpense": "223100000", "interestAndDebtExpense": "None", "netIncomeFromContinuingOperations": "0", "comprehensiveIncomeNetOfTax": "None", "ebit": "848800000", "ebitda": "1052900000", "netIncome": "345100000"}, {"fiscalDateEnding": "2008-07-31", "reportedCurrency": "USD", "grossProfit": "2159900000", "totalRevenue": "7581800000", "costOfRevenue": "5421900000", "costofGoodsAndServicesSold": "5421900000", "operatingIncome": "982300000", "sellingGeneralAndAdministrative": "772000000", "researchAndDevelopment": "238100000", "operatingExpenses": "1177600000", "investmentIncomeNet": "None", "netInterestIncome": "None", "interestIncome": "None", "interestExpense": "270200000", "nonInterestIncome": "None", "otherNonOperatingIncome": "None", "depreciation": "None", "depreciationAndAmortization": "218800000", "incomeBeforeTax": "869000000", "incomeTaxExpense": "307100000", "interestAndDebtExpense": "None", "netIncomeFromContinuingOperations": "0", "comprehensiveIncomeNetOfTax": "None", "ebit": "1139200000", "ebitda": "1358000000", "netIncome": "575200000"}, {"fiscalDateEnding": "2008-04-30", "reportedCurrency": "USD", "grossProfit": "2469600000", "totalRevenue": "7978200000", "costOfRevenue": "5508600000", "costofGoodsAndServicesSold": "5508600000", "operatingIncome": "1327700000", "sellingGeneralAndAdministrative": "766600000", "researchAndDevelopment": "230200000", "operatingExpenses": "1141900000", "investmentIncomeNet": "None", "netInterestIncome": "None", "interestIncome": "None", "interestExpense": "283600000", "nonInterestIncome": "None", "otherNonOperatingIncome": "None", "depreciation": "None", "depreciationAndAmortization": "208400000", "incomeBeforeTax": "1162600000", "incomeTaxExpense": "411100000", "interestAndDebtExpense": "None", "netIncomeFromContinuingOperations": "0", "comprehensiveIncomeNetOfTax": "None", "ebit": "1446200000", "ebitda": "1654600000", "netIncome": "763500000"}, {"fiscalDateEnding": "2008-01-31", "reportedCurrency": "USD", "grossProfit": "1696700000", "totalRevenue": "5058500000", "costOfRevenue": "3361800000", "costofGoodsAndServicesSold": "3361800000", "operatingIncome": "684100000", "sellingGeneralAndAdministrative": "652800000", "researchAndDevelopment": "204300000", "operatingExpenses": "1012600000", "investmentIncomeNet": "None", "netInterestIncome": "None", "interestIncome": "None", "interestExpense": "295100000", "nonInterestIncome": "None", "otherNonOperatingIncome": "None", "depreciation": "None", "depreciationAndAmortization": "199700000", "incomeBeforeTax": "531500000", "incomeTaxExpense": "170000000", "interestAndDebtExpense": "None", "netIncomeFromContinuingOperations": "0", "comprehensiveIncomeNetOfTax": "None", "ebit": "826600000", "ebitda": "1026300000", "netIncome": "369100000"}, {"fiscalDateEnding": "2007-10-31", "reportedCurrency": "USD", "grossProfit": "2086700000", "totalRevenue": "6140900000", "costOfRevenue": "4054200000", "costofGoodsAndServicesSold": "4054200000", "operatingIncome": "927500000", "sellingGeneralAndAdministrative": "927800000", "researchAndDevelopment": "231400000", "operatingExpenses": "1159200000", "investmentIncomeNet": "None", "netInterestIncome": "None", "interestIncome": "None", "interestExpense": "150300000", "nonInterestIncome": "None", "otherNonOperatingIncome": "None", "depreciation": "None", "depreciationAndAmortization": "190900000", "incomeBeforeTax": "618500000", "incomeTaxExpense": "202700000", "interestAndDebtExpense": "None", "netIncomeFromContinuingOperations": "0", "comprehensiveIncomeNetOfTax": "None", "ebit": "927500000", "ebitda": "1118400000", "netIncome": "422200000"}, {"fiscalDateEnding": "2007-07-31", "reportedCurrency": "USD", "grossProfit": "2090800000", "totalRevenue": "6633700000", "costOfRevenue": "4542900000", "costofGoodsAndServicesSold": "4542900000", "operatingIncome": "1093900000", "sellingGeneralAndAdministrative": "792600000", "researchAndDevelopment": "204300000", "operatingExpenses": "996900000", "investmentIncomeNet": "None", "netInterestIncome": "None", "interestIncome": "None", "interestExpense": "152600000", "nonInterestIncome": "None", "otherNonOperatingIncome": "None", "depreciation": "None", "depreciationAndAmortization": "186100000", "incomeBeforeTax": "802300000", "incomeTaxExpense": "272200000", "interestAndDebtExpense": "None", "netIncomeFromContinuingOperations": "0", "comprehensiveIncomeNetOfTax": "None", "ebit": "1093900000", "ebitda": "1280000000", "netIncome": "537200000"}, {"fiscalDateEnding": "2007-04-30", "reportedCurrency": "USD", "grossProfit": "2177000000", "totalRevenue": "6882500000", "costOfRevenue": "4705500000", "costofGoodsAndServicesSold": "4705500000", "operatingIncome": "1172800000", "sellingGeneralAndAdministrative": "799900000", "researchAndDevelopment": "204300000", "operatingExpenses": "1004200000", "investmentIncomeNet": "None", "netInterestIncome": "None", "interestIncome": "None", "interestExpense": "143100000", "nonInterestIncome": "None", "otherNonOperatingIncome": "None", "depreciation": "None", "depreciationAndAmortization": "181700000", "incomeBeforeTax": "889200000", "incomeTaxExpense": "279900000", "interestAndDebtExpense": "None", "netIncomeFromContinuingOperations": "0", "comprehensiveIncomeNetOfTax": "None", "ebit": "1172800000", "ebitda": "1354500000", "netIncome": "623600000"}, {"fiscalDateEnding": "2007-01-31", "reportedCurrency": "USD", "grossProfit": "1475000000", "totalRevenue": "4425200000", "costOfRevenue": "2950200000", "costofGoodsAndServicesSold": "2950200000", "operatingIncome": "754700000", "sellingGeneralAndAdministrative": "665700000", "researchAndDevelopment": "176800000", "operatingExpenses": "720300000", "investmentIncomeNet": "None", "netInterestIncome": "None", "interestIncome": "None", "interestExpense": "137800000", "nonInterestIncome": "None", "otherNonOperatingIncome": "None", "depreciation": "None", "depreciationAndAmortization": "185700000", "incomeBeforeTax": "365400000", "incomeTaxExpense": "128100000", "interestAndDebtExpense": "None", "netIncomeFromContinuingOperations": "0", "comprehensiveIncomeNetOfTax": "None", "ebit": "754700000", "ebitda": "940400000", "netIncome": "238700000"}, {"fiscalDateEnding": "2006-10-31", "reportedCurrency": "USD", "grossProfit": "1593300000", "totalRevenue": "5117500000", "costOfRevenue": "3524200000", "costofGoodsAndServicesSold": "3524200000", "operatingIncome": "642900000", "sellingGeneralAndAdministrative": "749400000", "researchAndDevelopment": "201000000", "operatingExpenses": "950400000", "investmentIncomeNet": "None", "netInterestIncome": "None", "interestIncome": "None", "interestExpense": "120500000", "nonInterestIncome": "None", "otherNonOperatingIncome": "None", "depreciation": "None", "depreciationAndAmortization": "188900000", "incomeBeforeTax": "367500000", "incomeTaxExpense": "108000000", "interestAndDebtExpense": "None", "netIncomeFromContinuingOperations": "0", "comprehensiveIncomeNetOfTax": "None", "ebit": "642900000", "ebitda": "831800000", "netIncome": "277300000"}, {"fiscalDateEnding": "2006-07-31", "reportedCurrency": "USD", "grossProfit": "1867900000", "totalRevenue": "6266700000", "costOfRevenue": "4398800000", "costofGoodsAndServicesSold": "4398800000", "operatingIncome": "942900000", "sellingGeneralAndAdministrative": "749100000", "researchAndDevelopment": "175900000", "operatingExpenses": "925000000", "investmentIncomeNet": "None", "netInterestIncome": "None", "interestIncome": "None", "interestExpense": "132400000", "nonInterestIncome": "None", "otherNonOperatingIncome": "None", "depreciation": "None", "depreciationAndAmortization": "170600000", "incomeBeforeTax": "681000000", "incomeTaxExpense": "247600000", "interestAndDebtExpense": "None", "netIncomeFromContinuingOperations": "0", "comprehensiveIncomeNetOfTax": "None", "ebit": "942900000", "ebitda": "1113500000", "netIncome": "436000000"}, {"fiscalDateEnding": "2006-04-30", "reportedCurrency": "USD", "grossProfit": "2018800000", "totalRevenue": "6561500000", "costOfRevenue": "4542700000", "costofGoodsAndServicesSold": "4542700000", "operatingIncome": "1035600000", "sellingGeneralAndAdministrative": "795400000", "researchAndDevelopment": "187800000", "operatingExpenses": "983200000", "investmentIncomeNet": "None", "netInterestIncome": "None", "interestIncome": "None", "interestExpense": "627000000", "nonInterestIncome": "None", "otherNonOperatingIncome": "None", "depreciation": "None", "depreciationAndAmortization": "170700000", "incomeBeforeTax": "785200000", "incomeTaxExpense": "269900000", "interestAndDebtExpense": "None", "netIncomeFromContinuingOperations": "0", "comprehensiveIncomeNetOfTax": "None", "ebit": "1035600000", "ebitda": "1206300000", "netIncome": "744600000"}, {"fiscalDateEnding": "2006-01-31", "reportedCurrency": "USD", "grossProfit": "1305800000", "totalRevenue": "4202100000", "costOfRevenue": "2896300000", "costofGoodsAndServicesSold": "2896300000", "operatingIncome": "570000000", "sellingGeneralAndAdministrative": "574800000", "researchAndDevelopment": "161000000", "operatingExpenses": "735800000", "investmentIncomeNet": "None", "netInterestIncome": "None", "interestIncome": "None", "interestExpense": "110800000", "nonInterestIncome": "None", "otherNonOperatingIncome": "None", "depreciation": "None", "depreciationAndAmortization": "161200000", "incomeBeforeTax": "340100000", "incomeTaxExpense": "116100000", "interestAndDebtExpense": "None", "netIncomeFromContinuingOperations": "0", "comprehensiveIncomeNetOfTax": "None", "ebit": "570000000", "ebitda": "731200000", "netIncome": "235900000"}, {"fiscalDateEnding": "2005-10-31", "reportedCurrency": "USD", "grossProfit": "1059000000", "totalRevenue": "5177000000", "costOfRevenue": "4118000000", "costofGoodsAndServicesSold": "4118000000", "operatingIncome": "549400000", "sellingGeneralAndAdministrative": "317400000", "researchAndDevelopment": "192200000", "operatingExpenses": "509600000", "investmentIncomeNet": "None", "netInterestIncome": "None", "interestIncome": "None", "interestExpense": "107900000", "nonInterestIncome": "None", "otherNonOperatingIncome": "None", "depreciation": "None", "depreciationAndAmortization": "164700000", "incomeBeforeTax": "332100000", "incomeTaxExpense": "98500000", "interestAndDebtExpense": "None", "netIncomeFromContinuingOperations": "0", "comprehensiveIncomeNetOfTax": "None", "ebit": "549400000", "ebitda": "714100000", "netIncome": "232900000"}, {"fiscalDateEnding": "2005-07-31", "reportedCurrency": "USD", "grossProfit": "1559400000", "totalRevenue": "5823400000", "costOfRevenue": "4264000000", "costofGoodsAndServicesSold": "4264000000", "operatingIncome": "766200000", "sellingGeneralAndAdministrative": "662100000", "researchAndDevelopment": "165400000", "operatingExpenses": "793200000", "investmentIncomeNet": "None", "netInterestIncome": "None", "interestIncome": "None", "interestExpense": "108200000", "nonInterestIncome": "None", "otherNonOperatingIncome": "None", "depreciation": "None", "depreciationAndAmortization": "158000000", "incomeBeforeTax": "569700000", "incomeTaxExpense": "194300000", "interestAndDebtExpense": "None", "netIncomeFromContinuingOperations": "0", "comprehensiveIncomeNetOfTax": "None", "ebit": "766200000", "ebitda": "924200000", "netIncome": "387100000"}, {"fiscalDateEnding": "2005-04-30", "reportedCurrency": "USD", "grossProfit": "1473500000", "totalRevenue": "6019200000", "costOfRevenue": "4545700000", "costofGoodsAndServicesSold": "4545700000", "operatingIncome": "645900000", "sellingGeneralAndAdministrative": "597900000", "researchAndDevelopment": "170400000", "operatingExpenses": "827600000", "investmentIncomeNet": "None", "netInterestIncome": "None", "interestIncome": "None", "interestExpense": "90100000", "nonInterestIncome": "None", "otherNonOperatingIncome": "None", "depreciation": "None", "depreciationAndAmortization": "153500000", "incomeBeforeTax": "887400000", "incomeTaxExpense": "294400000", "interestAndDebtExpense": "None", "netIncomeFromContinuingOperations": "0", "comprehensiveIncomeNetOfTax": "None", "ebit": "645900000", "ebitda": "799400000", "netIncome": "604000000"}, {"fiscalDateEnding": "2005-01-31", "reportedCurrency": "USD", "grossProfit": "1164700000", "totalRevenue": "3934500000", "costOfRevenue": "2769800000", "costofGoodsAndServicesSold": "2769800000", "operatingIncome": "500400000", "sellingGeneralAndAdministrative": "547200000", "researchAndDevelopment": "149300000", "operatingExpenses": "664300000", "investmentIncomeNet": "None", "netInterestIncome": "None", "interestIncome": "None", "interestExpense": "83900000", "nonInterestIncome": "None", "otherNonOperatingIncome": "None", "depreciation": "None", "depreciationAndAmortization": "160300000", "incomeBeforeTax": "333300000", "incomeTaxExpense": "115400000", "interestAndDebtExpense": "None", "netIncomeFromContinuingOperations": "0", "comprehensiveIncomeNetOfTax": "None", "ebit": "500400000", "ebitda": "660700000", "netIncome": "222800000"}]}