{"symbol": "KKR", "annualReports": [{"fiscalDateEnding": "2024-12-31", "reportedCurrency": "USD", "grossProfit": "17309321000", "totalRevenue": "21640288000", "costOfRevenue": "4330967000", "costofGoodsAndServicesSold": "4330967000", "operatingIncome": "16236055000", "sellingGeneralAndAdministrative": "1311676000", "researchAndDevelopment": "None", "operatingExpenses": "1311676000", "investmentIncomeNet": "None", "netInterestIncome": "152612000", "interestIncome": "3458526000", "interestExpense": "3305914000", "nonInterestIncome": "None", "otherNonOperatingIncome": "None", "depreciation": "None", "depreciationAndAmortization": "-7069708000", "incomeBeforeTax": "5860433000", "incomeTaxExpense": "954396000", "interestAndDebtExpense": "None", "netIncomeFromContinuingOperations": "4906037000", "comprehensiveIncomeNetOfTax": "None", "ebit": "16236055000", "ebitda": "9166347000", "netIncome": "3076245000"}, {"fiscalDateEnding": "2023-12-31", "reportedCurrency": "USD", "grossProfit": "4860651000", "totalRevenue": "14322870000", "costOfRevenue": "9462219000", "costofGoodsAndServicesSold": "9462219000", "operatingIncome": "2138148000", "sellingGeneralAndAdministrative": "2722503000", "researchAndDevelopment": "0.40", "operatingExpenses": "2722503000", "investmentIncomeNet": "None", "netInterestIncome": "423476000", "interestIncome": "3369447000", "interestExpense": "2945971000", "nonInterestIncome": "None", "otherNonOperatingIncome": "None", "depreciation": "None", "depreciationAndAmortization": "-2592119000", "incomeBeforeTax": "6554609000", "incomeTaxExpense": "1197523000", "interestAndDebtExpense": "None", "netIncomeFromContinuingOperations": "5357086000", "comprehensiveIncomeNetOfTax": "None", "ebit": "12928454000", "ebitda": "9500580000", "netIncome": "3732261000"}, {"fiscalDateEnding": "2022-12-31", "reportedCurrency": "USD", "grossProfit": "2006803000", "totalRevenue": "5565056000", "costOfRevenue": "3558253000", "costofGoodsAndServicesSold": "3558253000", "operatingIncome": "-345578000", "sellingGeneralAndAdministrative": "2352381000", "researchAndDevelopment": "0.07", "operatingExpenses": "2352381000", "investmentIncomeNet": "None", "netInterestIncome": "257323000", "interestIncome": "1415000", "interestExpense": "1637959000", "nonInterestIncome": "None", "otherNonOperatingIncome": "None", "depreciation": "None", "depreciationAndAmortization": "5894426000", "incomeBeforeTax": "-292221000", "incomeTaxExpense": "125393000", "interestAndDebtExpense": "None", "netIncomeFromContinuingOperations": "-1023528000", "comprehensiveIncomeNetOfTax": "None", "ebit": "-4107724000", "ebitda": "1345738000", "netIncome": "-521664000"}, {"fiscalDateEnding": "2021-12-31", "reportedCurrency": "USD", "grossProfit": "6895582000", "totalRevenue": "16105827000", "costOfRevenue": "9210245000", "costofGoodsAndServicesSold": "9210245000", "operatingIncome": "4953222000", "sellingGeneralAndAdministrative": "1942360000", "researchAndDevelopment": "0.72", "operatingExpenses": "1942360000", "investmentIncomeNet": "None", "netInterestIncome": "353441000", "interestIncome": "8834825000", "interestExpense": "1132029000", "nonInterestIncome": "None", "otherNonOperatingIncome": "2184270000", "depreciation": "None", "depreciationAndAmortization": "6270804000", "incomeBeforeTax": "13846599000", "incomeTaxExpense": "1394882000", "interestAndDebtExpense": "None", "netIncomeFromContinuingOperations": "12295179000", "comprehensiveIncomeNetOfTax": "None", "ebit": "1126570000", "ebitda": "14978628000", "netIncome": "4732406000"}, {"fiscalDateEnding": "2020-12-31", "reportedCurrency": "USD", "grossProfit": "2078401000", "totalRevenue": "4230891000", "costOfRevenue": "2152490000", "costofGoodsAndServicesSold": "2152490000", "operatingIncome": "1297759000", "sellingGeneralAndAdministrative": "780642000", "researchAndDevelopment": "1.28", "operatingExpenses": "780642000", "investmentIncomeNet": "None", "netInterestIncome": "433569000", "interestIncome": "1403440000", "interestExpense": "969871000", "nonInterestIncome": "None", "otherNonOperatingIncome": "1756003000", "depreciation": "None", "depreciationAndAmortization": "-569480000", "incomeBeforeTax": "5726695000", "incomeTaxExpense": "609097000", "interestAndDebtExpense": "None", "netIncomeFromContinuingOperations": "5117598000", "comprehensiveIncomeNetOfTax": "None", "ebit": "3270679000", "ebitda": "6696566000", "netIncome": "2002509000"}, {"fiscalDateEnding": "2019-12-31", "reportedCurrency": "USD", "grossProfit": "2104010000", "totalRevenue": "4220900000", "costOfRevenue": "2116890000", "costofGoodsAndServicesSold": "2116890000", "operatingIncome": "1312469000", "sellingGeneralAndAdministrative": "791541000", "researchAndDevelopment": "1.10", "operatingExpenses": "791541000", "investmentIncomeNet": "None", "netInterestIncome": "374965000", "interestIncome": "1418516000", "interestExpense": "1043551000", "nonInterestIncome": "None", "otherNonOperatingIncome": "1737488000", "depreciation": "None", "depreciationAndAmortization": "171860", "incomeBeforeTax": "5168290000", "incomeTaxExpense": "528750000", "interestAndDebtExpense": "None", "netIncomeFromContinuingOperations": "4639540000", "comprehensiveIncomeNetOfTax": "None", "ebit": "2730813140", "ebitda": "6211841000", "netIncome": "2005049000"}, {"fiscalDateEnding": "2018-12-31", "reportedCurrency": "USD", "grossProfit": "1021473000", "totalRevenue": "2395836000", "costOfRevenue": "1374363000", "costofGoodsAndServicesSold": "1374363000", "operatingIncome": "306359000", "sellingGeneralAndAdministrative": "715114000", "researchAndDevelopment": "0", "operatingExpenses": "715114000", "investmentIncomeNet": "None", "netInterestIncome": "520503000", "interestIncome": "1396532000", "interestExpense": "876029000", "nonInterestIncome": "None", "otherNonOperatingIncome": "1571686000", "depreciation": "None", "depreciationAndAmortization": "161141", "incomeBeforeTax": "2256848000", "incomeTaxExpense": "-194098000", "interestAndDebtExpense": "None", "netIncomeFromContinuingOperations": "2450946000", "comprehensiveIncomeNetOfTax": "None", "ebit": "1702729859", "ebitda": "3132877000", "netIncome": "1131063000"}, {"fiscalDateEnding": "2017-12-31", "reportedCurrency": "USD", "grossProfit": "1861790000", "totalRevenue": "3557280000", "costOfRevenue": "1695490000", "costofGoodsAndServicesSold": "1695490000", "operatingIncome": "1220588000", "sellingGeneralAndAdministrative": "641202000", "researchAndDevelopment": "0", "operatingExpenses": "641202000", "investmentIncomeNet": "None", "netInterestIncome": "433521000", "interestIncome": "1242419000", "interestExpense": "808898000", "nonInterestIncome": "None", "otherNonOperatingIncome": "1444534000", "depreciation": "None", "depreciationAndAmortization": "52516", "incomeBeforeTax": "2784368000", "incomeTaxExpense": "224326000", "interestAndDebtExpense": "None", "netIncomeFromContinuingOperations": "2560042000", "comprehensiveIncomeNetOfTax": "None", "ebit": "2187939484", "ebitda": "3593266000", "netIncome": "1018305000"}, {"fiscalDateEnding": "2016-12-31", "reportedCurrency": "USD", "grossProfit": "976205000", "totalRevenue": "2040018000", "costOfRevenue": "1063813000", "costofGoodsAndServicesSold": "1063813000", "operatingIncome": "344544000", "sellingGeneralAndAdministrative": "631661000", "researchAndDevelopment": "0", "operatingExpenses": "631661000", "investmentIncomeNet": "None", "netInterestIncome": "231856000", "interestIncome": "1021809000", "interestExpense": "789953000", "nonInterestIncome": "None", "otherNonOperatingIncome": "1209662000", "depreciation": "None", "depreciationAndAmortization": "22816", "incomeBeforeTax": "975225000", "incomeTaxExpense": "24561000", "interestAndDebtExpense": "None", "netIncomeFromContinuingOperations": "950664000", "comprehensiveIncomeNetOfTax": "None", "ebit": "1234405184", "ebitda": "1765178000", "netIncome": "309307000"}, {"fiscalDateEnding": "2015-12-31", "reportedCurrency": "USD", "grossProfit": "-136823000", "totalRevenue": "1043768000", "costOfRevenue": "1180591000", "costofGoodsAndServicesSold": "1180591000", "operatingIncome": "-827457000", "sellingGeneralAndAdministrative": "690634000", "researchAndDevelopment": "0", "operatingExpenses": "690634000", "investmentIncomeNet": "None", "netInterestIncome": "None", "interestIncome": "6169125000", "interestExpense": "573226000", "nonInterestIncome": "None", "otherNonOperatingIncome": "2069724000", "depreciation": "None", "depreciationAndAmortization": "1219197000", "incomeBeforeTax": "5341668000", "incomeTaxExpense": "66636000", "interestAndDebtExpense": "None", "netIncomeFromContinuingOperations": "5275032000", "comprehensiveIncomeNetOfTax": "None", "ebit": "-827457000", "ebitda": "5914894000", "netIncome": "488482000"}, {"fiscalDateEnding": "2014-12-31", "reportedCurrency": "USD", "grossProfit": "-153844000", "totalRevenue": "1110008000", "costOfRevenue": "1263852000", "costofGoodsAndServicesSold": "1263852000", "operatingIncome": "-1086059000", "sellingGeneralAndAdministrative": "932215000", "researchAndDevelopment": "0", "operatingExpenses": "932215000", "investmentIncomeNet": "None", "netInterestIncome": "None", "interestIncome": "None", "interestExpense": "317192000", "nonInterestIncome": "None", "otherNonOperatingIncome": "2083708000", "depreciation": "None", "depreciationAndAmortization": "909207000", "incomeBeforeTax": "5458689000", "incomeTaxExpense": "63669000", "interestAndDebtExpense": "None", "netIncomeFromContinuingOperations": "5395020000", "comprehensiveIncomeNetOfTax": "None", "ebit": "-1086059000", "ebitda": "5775881000", "netIncome": "477611000"}, {"fiscalDateEnding": "2013-12-31", "reportedCurrency": "USD", "grossProfit": "-504046000", "totalRevenue": "762546000", "costOfRevenue": "1266592000", "costofGoodsAndServicesSold": "1266592000", "operatingIncome": "-1004592000", "sellingGeneralAndAdministrative": "500546000", "researchAndDevelopment": "0", "operatingExpenses": "500546000", "investmentIncomeNet": "None", "netInterestIncome": "None", "interestIncome": "None", "interestExpense": "99616000", "nonInterestIncome": "None", "otherNonOperatingIncome": "1170280000", "depreciation": "None", "depreciationAndAmortization": "474759000", "incomeBeforeTax": "7892154000", "incomeTaxExpense": "37926000", "interestAndDebtExpense": "None", "netIncomeFromContinuingOperations": "7854228000", "comprehensiveIncomeNetOfTax": "None", "ebit": "-1004592000", "ebitda": "7991770000", "netIncome": "691226000"}, {"fiscalDateEnding": "2012-12-31", "reportedCurrency": "USD", "grossProfit": "-712412000", "totalRevenue": "568442000", "costOfRevenue": "1280854000", "costofGoodsAndServicesSold": "1280854000", "operatingIncome": "-1030346000", "sellingGeneralAndAdministrative": "317934000", "researchAndDevelopment": "0", "operatingExpenses": "317934000", "investmentIncomeNet": "None", "netInterestIncome": "None", "interestIncome": "None", "interestExpense": "69164000", "nonInterestIncome": "None", "otherNonOperatingIncome": "1299486000", "depreciation": "None", "depreciationAndAmortization": "358598000", "incomeBeforeTax": "8071649000", "incomeTaxExpense": "43405000", "interestAndDebtExpense": "None", "netIncomeFromContinuingOperations": "8028244000", "comprehensiveIncomeNetOfTax": "None", "ebit": "-1030346000", "ebitda": "8140813000", "netIncome": "560836000"}, {"fiscalDateEnding": "2011-12-31", "reportedCurrency": "USD", "grossProfit": "1256705000", "totalRevenue": "2179736000", "costOfRevenue": "923031000", "costofGoodsAndServicesSold": "923031000", "operatingIncome": "-490385000", "sellingGeneralAndAdministrative": "1159723000", "researchAndDevelopment": "0", "operatingExpenses": "290974000", "investmentIncomeNet": "None", "netInterestIncome": "None", "interestIncome": "None", "interestExpense": "72758000", "nonInterestIncome": "None", "otherNonOperatingIncome": "None", "depreciation": "None", "depreciationAndAmortization": "796378000", "incomeBeforeTax": "965731000", "incomeTaxExpense": "89245000", "interestAndDebtExpense": "None", "netIncomeFromContinuingOperations": "None", "comprehensiveIncomeNetOfTax": "None", "ebit": "242111000", "ebitda": "1038489000", "netIncome": "1921000"}, {"fiscalDateEnding": "2010-12-31", "reportedCurrency": "USD", "grossProfit": "8230347000", "totalRevenue": "9614494000", "costOfRevenue": "1384147000", "costofGoodsAndServicesSold": "1384147000", "operatingIncome": "-1327277000", "sellingGeneralAndAdministrative": "1722971000", "researchAndDevelopment": "None", "operatingExpenses": "311147000", "investmentIncomeNet": "None", "netInterestIncome": "None", "interestIncome": "None", "interestExpense": "53099000", "nonInterestIncome": "None", "otherNonOperatingIncome": "None", "depreciation": "None", "depreciationAndAmortization": "421116000", "incomeBeforeTax": "7851831000", "incomeTaxExpense": "75360000", "interestAndDebtExpense": "None", "netIncomeFromContinuingOperations": "None", "comprehensiveIncomeNetOfTax": "None", "ebit": "7483814000", "ebitda": "7904930000", "netIncome": "7776471000"}, {"fiscalDateEnding": "2009-12-31", "reportedCurrency": "USD", "grossProfit": "8085079000", "totalRevenue": "8085079000", "costOfRevenue": "1147323000", "costofGoodsAndServicesSold": "1147323000", "operatingIncome": "-535998000", "sellingGeneralAndAdministrative": "1157697000", "researchAndDevelopment": "None", "operatingExpenses": "-8621077000", "investmentIncomeNet": "None", "netInterestIncome": "None", "interestIncome": "None", "interestExpense": "79638000", "nonInterestIncome": "None", "otherNonOperatingIncome": "None", "depreciation": "None", "depreciationAndAmortization": "None", "incomeBeforeTax": "6889369000", "incomeTaxExpense": "36998000", "interestAndDebtExpense": "None", "netIncomeFromContinuingOperations": "None", "comprehensiveIncomeNetOfTax": "None", "ebit": "-535998000", "ebitda": "-535998000", "netIncome": "849685000"}, {"fiscalDateEnding": "2008-12-31", "reportedCurrency": "USD", "grossProfit": "-12630058000", "totalRevenue": "-12630058000", "costOfRevenue": "12630058000", "costofGoodsAndServicesSold": "12630058000", "operatingIncome": "21835000", "sellingGeneralAndAdministrative": "387958000", "researchAndDevelopment": "None", "operatingExpenses": "12651893000", "investmentIncomeNet": "None", "netInterestIncome": "None", "interestIncome": "None", "interestExpense": "125561000", "nonInterestIncome": "None", "otherNonOperatingIncome": "None", "depreciation": "None", "depreciationAndAmortization": "None", "incomeBeforeTax": "-13048446000", "incomeTaxExpense": "6786000", "interestAndDebtExpense": "None", "netIncomeFromContinuingOperations": "None", "comprehensiveIncomeNetOfTax": "None", "ebit": "21835000", "ebitda": "21835000", "netIncome": "-1204471000"}, {"fiscalDateEnding": "2007-12-31", "reportedCurrency": "USD", "grossProfit": "2854048000", "totalRevenue": "2854048000", "costOfRevenue": "None", "costofGoodsAndServicesSold": "None", "operatingIncome": "1387819000", "sellingGeneralAndAdministrative": "420842000", "researchAndDevelopment": "None", "operatingExpenses": "-1466229000", "investmentIncomeNet": "None", "netInterestIncome": "None", "interestIncome": "None", "interestExpense": "86253000", "nonInterestIncome": "None", "otherNonOperatingIncome": "None", "depreciation": "None", "depreciationAndAmortization": "None", "incomeBeforeTax": "2413138000", "incomeTaxExpense": "12064000", "interestAndDebtExpense": "None", "netIncomeFromContinuingOperations": "None", "comprehensiveIncomeNetOfTax": "None", "ebit": "1387819000", "ebitda": "1387819000", "netIncome": "802764000"}], "quarterlyReports": [{"fiscalDateEnding": "2024-12-31", "reportedCurrency": "USD", "grossProfit": "948761000", "totalRevenue": "3200380000", "costOfRevenue": "2251619000", "costofGoodsAndServicesSold": "2251619000", "operatingIncome": "292742000", "sellingGeneralAndAdministrative": "656019000", "researchAndDevelopment": "None", "operatingExpenses": "656019000", "investmentIncomeNet": "None", "netInterestIncome": "-38196000", "interestIncome": "809636000", "interestExpense": "847832000", "nonInterestIncome": "None", "otherNonOperatingIncome": "None", "depreciation": "None", "depreciationAndAmortization": "22900000", "incomeBeforeTax": "1642613000", "incomeTaxExpense": "258330000", "interestAndDebtExpense": "None", "netIncomeFromContinuingOperations": "1384283000", "comprehensiveIncomeNetOfTax": "None", "ebit": "2467545000", "ebitda": "2490445000", "netIncome": "1125555000"}, {"fiscalDateEnding": "2024-09-30", "reportedCurrency": "USD", "grossProfit": "885639000", "totalRevenue": "4731534000", "costOfRevenue": "3845895000", "costofGoodsAndServicesSold": "3845895000", "operatingIncome": "64037000", "sellingGeneralAndAdministrative": "821602000", "researchAndDevelopment": "None", "operatingExpenses": "821602000", "investmentIncomeNet": "None", "netInterestIncome": "54479000", "interestIncome": "854927000", "interestExpense": "800448000", "nonInterestIncome": "None", "otherNonOperatingIncome": "None", "depreciation": "None", "depreciationAndAmortization": "23100000", "incomeBeforeTax": "1644564000", "incomeTaxExpense": "209896000", "interestAndDebtExpense": "None", "netIncomeFromContinuingOperations": "1434668000", "comprehensiveIncomeNetOfTax": "None", "ebit": "2421912000", "ebitda": "2445012000", "netIncome": "600550000"}, {"fiscalDateEnding": "2024-06-30", "reportedCurrency": "USD", "grossProfit": "980888000", "totalRevenue": "4108021000", "costOfRevenue": "3127133000", "costofGoodsAndServicesSold": "3127133000", "operatingIncome": "227442000", "sellingGeneralAndAdministrative": "753446000", "researchAndDevelopment": "None", "operatingExpenses": "753446000", "investmentIncomeNet": "None", "netInterestIncome": "54858000", "interestIncome": "903861000", "interestExpense": "849003000", "nonInterestIncome": "None", "otherNonOperatingIncome": "None", "depreciation": "None", "depreciationAndAmortization": "22300000", "incomeBeforeTax": "1210205000", "incomeTaxExpense": "216969000", "interestAndDebtExpense": "None", "netIncomeFromContinuingOperations": "993236000", "comprehensiveIncomeNetOfTax": "None", "ebit": "2036908000", "ebitda": "2059208000", "netIncome": "667926000"}, {"fiscalDateEnding": "2024-03-31", "reportedCurrency": "USD", "grossProfit": "1026588000", "totalRevenue": "9600353000", "costOfRevenue": "8573765000", "costofGoodsAndServicesSold": "8573765000", "operatingIncome": "341976000", "sellingGeneralAndAdministrative": "684612000", "researchAndDevelopment": "None", "operatingExpenses": "684612000", "investmentIncomeNet": "None", "netInterestIncome": "81471000", "interestIncome": "890102000", "interestExpense": "808631000", "nonInterestIncome": "None", "otherNonOperatingIncome": "None", "depreciation": "None", "depreciationAndAmortization": "22300000", "incomeBeforeTax": "1363051000", "incomeTaxExpense": "269201000", "interestAndDebtExpense": "None", "netIncomeFromContinuingOperations": "1093850000", "comprehensiveIncomeNetOfTax": "None", "ebit": "1068171000", "ebitda": "2171682000", "netIncome": "682214000"}, {"fiscalDateEnding": "2023-12-31", "reportedCurrency": "USD", "grossProfit": "1116236000", "totalRevenue": "4372746000", "costOfRevenue": "3256510000", "costofGoodsAndServicesSold": "3256510000", "operatingIncome": "361295000", "sellingGeneralAndAdministrative": "754941000", "researchAndDevelopment": "None", "operatingExpenses": "754941000", "investmentIncomeNet": "None", "netInterestIncome": "116964000", "interestIncome": "917330000", "interestExpense": "800366000", "nonInterestIncome": "None", "otherNonOperatingIncome": "None", "depreciation": "None", "depreciationAndAmortization": "22100000", "incomeBeforeTax": "1875971000", "incomeTaxExpense": "286611000", "interestAndDebtExpense": "None", "netIncomeFromContinuingOperations": "1589360000", "comprehensiveIncomeNetOfTax": "None", "ebit": "1578304000", "ebitda": "2676337000", "netIncome": "1040429000"}, {"fiscalDateEnding": "2023-09-30", "reportedCurrency": "USD", "grossProfit": "1607664000", "totalRevenue": "3273140000", "costOfRevenue": "1665476000", "costofGoodsAndServicesSold": "1665476000", "operatingIncome": "1002341000", "sellingGeneralAndAdministrative": "605323000", "researchAndDevelopment": "None", "operatingExpenses": "605323000", "investmentIncomeNet": "None", "netInterestIncome": "104374000", "interestIncome": "1819232000", "interestExpense": "769066000", "nonInterestIncome": "None", "otherNonOperatingIncome": "None", "depreciation": "None", "depreciationAndAmortization": "22700000", "incomeBeforeTax": "2819190000", "incomeTaxExpense": "437210000", "interestAndDebtExpense": "None", "netIncomeFromContinuingOperations": "2381980000", "comprehensiveIncomeNetOfTax": "None", "ebit": "1855305000", "ebitda": "3588256000", "netIncome": "1490126000"}, {"fiscalDateEnding": "2023-06-30", "reportedCurrency": "USD", "grossProfit": "1193362000", "totalRevenue": "3586660000", "costOfRevenue": "2393298000", "costofGoodsAndServicesSold": "2393298000", "operatingIncome": "504010000", "sellingGeneralAndAdministrative": "689352000", "researchAndDevelopment": "None", "operatingExpenses": "689352000", "investmentIncomeNet": "None", "netInterestIncome": "90121000", "interestIncome": "850061000", "interestExpense": "759940000", "nonInterestIncome": "None", "otherNonOperatingIncome": "1097000000", "depreciation": "None", "depreciationAndAmortization": "122085", "incomeBeforeTax": "1451013000", "incomeTaxExpense": "324955000", "interestAndDebtExpense": "None", "netIncomeFromContinuingOperations": "1126058000", "comprehensiveIncomeNetOfTax": "None", "ebit": "1395519915", "ebitda": "2210953000", "netIncome": "861712000"}, {"fiscalDateEnding": "2023-03-31", "reportedCurrency": "USD", "grossProfit": "943389000", "totalRevenue": "3090324000", "costOfRevenue": "2146935000", "costofGoodsAndServicesSold": "2146935000", "operatingIncome": "270502000", "sellingGeneralAndAdministrative": "672887000", "researchAndDevelopment": "None", "operatingExpenses": "672887000", "investmentIncomeNet": "None", "netInterestIncome": "112017000", "interestIncome": "728616000", "interestExpense": "616599000", "nonInterestIncome": "None", "otherNonOperatingIncome": "876783000", "depreciation": "None", "depreciationAndAmortization": "754532000", "incomeBeforeTax": "408435000", "incomeTaxExpense": "148747000", "interestAndDebtExpense": "None", "netIncomeFromContinuingOperations": "259688000", "comprehensiveIncomeNetOfTax": "None", "ebit": "270502000", "ebitda": "1025034000", "netIncome": "339994000"}, {"fiscalDateEnding": "2022-12-31", "reportedCurrency": "USD", "grossProfit": "749739000", "totalRevenue": "2528695000", "costOfRevenue": "1778956000", "costofGoodsAndServicesSold": "1778956000", "operatingIncome": "74534000", "sellingGeneralAndAdministrative": "675205000", "researchAndDevelopment": "None", "operatingExpenses": "675205000", "investmentIncomeNet": "None", "netInterestIncome": "73319000", "interestIncome": "5349000", "interestExpense": "577624000", "nonInterestIncome": "None", "otherNonOperatingIncome": "None", "depreciation": "None", "depreciationAndAmortization": "54880", "incomeBeforeTax": "51031000", "incomeTaxExpense": "93164000", "interestAndDebtExpense": "None", "netIncomeFromContinuingOperations": "-42133000", "comprehensiveIncomeNetOfTax": "None", "ebit": "420493120", "ebitda": "628655000", "netIncome": "100470000"}, {"fiscalDateEnding": "2022-09-30", "reportedCurrency": "USD", "grossProfit": "739028000", "totalRevenue": "1820800000", "costOfRevenue": "1081772000", "costofGoodsAndServicesSold": "1081772000", "operatingIncome": "172748000", "sellingGeneralAndAdministrative": "566280000", "researchAndDevelopment": "None", "operatingExpenses": "566280000", "investmentIncomeNet": "None", "netInterestIncome": "82573000", "interestIncome": "23949000", "interestExpense": "417661000", "nonInterestIncome": "None", "otherNonOperatingIncome": "794649000", "depreciation": "None", "depreciationAndAmortization": "27081", "incomeBeforeTax": "206188000", "incomeTaxExpense": "81685000", "interestAndDebtExpense": "None", "netIncomeFromContinuingOperations": "-79587000", "comprehensiveIncomeNetOfTax": "None", "ebit": "271787919", "ebitda": "623849000", "netIncome": "49887000"}, {"fiscalDateEnding": "2022-06-30", "reportedCurrency": "USD", "grossProfit": "319438000", "totalRevenue": "290881000", "costOfRevenue": "-28557000", "costofGoodsAndServicesSold": "-28557000", "operatingIncome": "-254844000", "sellingGeneralAndAdministrative": "574282000", "researchAndDevelopment": "None", "operatingExpenses": "574282000", "investmentIncomeNet": "None", "netInterestIncome": "43853000", "interestIncome": "391549000", "interestExpense": "347696000", "nonInterestIncome": "None", "otherNonOperatingIncome": "538904000", "depreciation": "None", "depreciationAndAmortization": "86065", "incomeBeforeTax": "-1916593000", "incomeTaxExpense": "-102511000", "interestAndDebtExpense": "None", "netIncomeFromContinuingOperations": "-2004410000", "comprehensiveIncomeNetOfTax": "None", "ebit": "1319925935", "ebitda": "-2326236000", "netIncome": "-717375000"}, {"fiscalDateEnding": "2022-03-31", "reportedCurrency": "USD", "grossProfit": "191091000", "totalRevenue": "999363000", "costOfRevenue": "808272000", "costofGoodsAndServicesSold": "808272000", "operatingIncome": "-345150000", "sellingGeneralAndAdministrative": "536241000", "researchAndDevelopment": "None", "operatingExpenses": "536241000", "investmentIncomeNet": "None", "netInterestIncome": "57578000", "interestIncome": "352556000", "interestExpense": "294978000", "nonInterestIncome": "None", "otherNonOperatingIncome": "1014906000", "depreciation": "None", "depreciationAndAmortization": "60459", "incomeBeforeTax": "1289039000", "incomeTaxExpense": "36651000", "interestAndDebtExpense": "None", "netIncomeFromContinuingOperations": "1102602000", "comprehensiveIncomeNetOfTax": "None", "ebit": "-21270459", "ebitda": "1584017000", "netIncome": "7464000"}, {"fiscalDateEnding": "2021-12-31", "reportedCurrency": "USD", "grossProfit": "1590304000", "totalRevenue": "4053596000", "costOfRevenue": "2463292000", "costofGoodsAndServicesSold": "2463292000", "operatingIncome": "921750000", "sellingGeneralAndAdministrative": "668554000", "researchAndDevelopment": "None", "operatingExpenses": "668554000", "investmentIncomeNet": "None", "netInterestIncome": "41353000", "interestIncome": "122304000", "interestExpense": "292569000", "nonInterestIncome": "None", "otherNonOperatingIncome": "709671000", "depreciation": "None", "depreciationAndAmortization": "71391", "incomeBeforeTax": "1026875000", "incomeTaxExpense": "191582000", "interestAndDebtExpense": "None", "netIncomeFromContinuingOperations": "835293000", "comprehensiveIncomeNetOfTax": "None", "ebit": "1671215609", "ebitda": "1319444000", "netIncome": "524808000"}, {"fiscalDateEnding": "2021-09-30", "reportedCurrency": "USD", "grossProfit": "1790382000", "totalRevenue": "4483365000", "costOfRevenue": "2692983000", "costofGoodsAndServicesSold": "2692983000", "operatingIncome": "1320560000", "sellingGeneralAndAdministrative": "469822000", "researchAndDevelopment": "None", "operatingExpenses": "469822000", "investmentIncomeNet": "None", "netInterestIncome": "102236000", "interestIncome": "2362804000", "interestExpense": "300603000", "nonInterestIncome": "None", "otherNonOperatingIncome": "524323000", "depreciation": "None", "depreciationAndAmortization": "54000", "incomeBeforeTax": "3660927000", "incomeTaxExpense": "379282000", "interestAndDebtExpense": "None", "netIncomeFromContinuingOperations": "3281645000", "comprehensiveIncomeNetOfTax": "None", "ebit": "1903066000", "ebitda": "3961530000", "netIncome": "1156557000"}, {"fiscalDateEnding": "2021-06-30", "reportedCurrency": "USD", "grossProfit": "1645590000", "totalRevenue": "3136181000", "costOfRevenue": "1490591000", "costofGoodsAndServicesSold": "1490591000", "operatingIncome": "1155842000", "sellingGeneralAndAdministrative": "489748000", "researchAndDevelopment": "None", "operatingExpenses": "489748000", "investmentIncomeNet": "None", "netInterestIncome": "104825000", "interestIncome": "3462072000", "interestExpense": "276429000", "nonInterestIncome": "None", "otherNonOperatingIncome": "507075000", "depreciation": "None", "depreciationAndAmortization": "55806", "incomeBeforeTax": "4606541000", "incomeTaxExpense": "343667000", "interestAndDebtExpense": "None", "netIncomeFromContinuingOperations": "4262874000", "comprehensiveIncomeNetOfTax": "None", "ebit": "1598497194", "ebitda": "4882970000", "netIncome": "1315275000"}, {"fiscalDateEnding": "2021-03-31", "reportedCurrency": "USD", "grossProfit": "1791369000", "totalRevenue": "4563006000", "costOfRevenue": "2771637000", "costofGoodsAndServicesSold": "2771637000", "operatingIncome": "1477133000", "sellingGeneralAndAdministrative": "314236000", "researchAndDevelopment": "None", "operatingExpenses": "314236000", "investmentIncomeNet": "None", "netInterestIncome": "105027000", "interestIncome": "2887645000", "interestExpense": "262428000", "nonInterestIncome": "None", "otherNonOperatingIncome": "443201000", "depreciation": "None", "depreciationAndAmortization": "55213", "incomeBeforeTax": "4354106000", "incomeTaxExpense": "438739000", "interestAndDebtExpense": "None", "netIncomeFromContinuingOperations": "3915367000", "comprehensiveIncomeNetOfTax": "None", "ebit": "1824054787", "ebitda": "4616534000", "netIncome": "1669836000"}, {"fiscalDateEnding": "2020-12-31", "reportedCurrency": "USD", "grossProfit": "1064200000", "totalRevenue": "2005164000", "costOfRevenue": "940964000", "costofGoodsAndServicesSold": "940964000", "operatingIncome": "826107000", "sellingGeneralAndAdministrative": "238093000", "researchAndDevelopment": "None", "operatingExpenses": "238093000", "investmentIncomeNet": "None", "netInterestIncome": "118762000", "interestIncome": "363388000", "interestExpense": "244626000", "nonInterestIncome": "None", "otherNonOperatingIncome": "420904000", "depreciation": "None", "depreciationAndAmortization": "55131", "incomeBeforeTax": "4824222000", "incomeTaxExpense": "404137000", "interestAndDebtExpense": "None", "netIncomeFromContinuingOperations": "4420085000", "comprehensiveIncomeNetOfTax": "None", "ebit": "1189439869", "ebitda": "5068848000", "netIncome": "1511221000"}, {"fiscalDateEnding": "2020-09-30", "reportedCurrency": "USD", "grossProfit": "1012899000", "totalRevenue": "1895238000", "costOfRevenue": "882339000", "costofGoodsAndServicesSold": "882339000", "operatingIncome": "801539000", "sellingGeneralAndAdministrative": "211360000", "researchAndDevelopment": "None", "operatingExpenses": "211360000", "investmentIncomeNet": "None", "netInterestIncome": "131156000", "interestIncome": "2532137000", "interestExpense": "223709000", "nonInterestIncome": "None", "otherNonOperatingIncome": "471244000", "depreciation": "None", "depreciationAndAmortization": "52750", "incomeBeforeTax": "3333676000", "incomeTaxExpense": "359375000", "interestAndDebtExpense": "None", "netIncomeFromContinuingOperations": "2974301000", "comprehensiveIncomeNetOfTax": "None", "ebit": "1156351250", "ebitda": "3557385000", "netIncome": "1064843000"}, {"fiscalDateEnding": "2020-06-30", "reportedCurrency": "USD", "grossProfit": "740670000", "totalRevenue": "1331994000", "costOfRevenue": "591324000", "costofGoodsAndServicesSold": "591324000", "operatingIncome": "574926000", "sellingGeneralAndAdministrative": "165744000", "researchAndDevelopment": "None", "operatingExpenses": "165744000", "investmentIncomeNet": "None", "netInterestIncome": "91665000", "interestIncome": "331732000", "interestExpense": "240067000", "nonInterestIncome": "None", "otherNonOperatingIncome": "341701000", "depreciation": "None", "depreciationAndAmortization": "51116", "incomeBeforeTax": "2157429000", "incomeTaxExpense": "206264000", "interestAndDebtExpense": "None", "netIncomeFromContinuingOperations": "1951165000", "comprehensiveIncomeNetOfTax": "None", "ebit": "906606884", "ebitda": "2397496000", "netIncome": "706969000"}, {"fiscalDateEnding": "2020-03-31", "reportedCurrency": "USD", "grossProfit": "-739368000", "totalRevenue": "-1001505000", "costOfRevenue": "-262137000", "costofGoodsAndServicesSold": "-262137000", "operatingIncome": "-904813000", "sellingGeneralAndAdministrative": "165445000", "researchAndDevelopment": "None", "operatingExpenses": "165445000", "investmentIncomeNet": "None", "netInterestIncome": "91986000", "interestIncome": "353455000", "interestExpense": "261469000", "nonInterestIncome": "None", "otherNonOperatingIncome": "522154000", "depreciation": "None", "depreciationAndAmortization": "47300", "incomeBeforeTax": "-4588632000", "incomeTaxExpense": "-360679000", "interestAndDebtExpense": "None", "netIncomeFromContinuingOperations": "-4227953000", "comprehensiveIncomeNetOfTax": "None", "ebit": "-551405300", "ebitda": "-5098706000", "netIncome": "-1280524000"}, {"fiscalDateEnding": "2019-12-31", "reportedCurrency": "USD", "grossProfit": "527237000", "totalRevenue": "1063071000", "costOfRevenue": "535834000", "costofGoodsAndServicesSold": "535834000", "operatingIncome": "311751000", "sellingGeneralAndAdministrative": "215486000", "researchAndDevelopment": "None", "operatingExpenses": "215486000", "investmentIncomeNet": "None", "netInterestIncome": "89188000", "interestIncome": "350138000", "interestExpense": "260950000", "nonInterestIncome": "None", "otherNonOperatingIncome": "481366000", "depreciation": "None", "depreciationAndAmortization": "46467", "incomeBeforeTax": "1456778000", "incomeTaxExpense": "142626000", "interestAndDebtExpense": "None", "netIncomeFromContinuingOperations": "1314152000", "comprehensiveIncomeNetOfTax": "None", "ebit": "661842533", "ebitda": "1717728000", "netIncome": "523442000"}, {"fiscalDateEnding": "2019-09-30", "reportedCurrency": "USD", "grossProfit": "362958000", "totalRevenue": "790485000", "costOfRevenue": "427527000", "costofGoodsAndServicesSold": "427527000", "operatingIncome": "170952000", "sellingGeneralAndAdministrative": "192006000", "researchAndDevelopment": "None", "operatingExpenses": "192006000", "investmentIncomeNet": "None", "netInterestIncome": "75393000", "interestIncome": "344140000", "interestExpense": "268747000", "nonInterestIncome": "None", "otherNonOperatingIncome": "492129000", "depreciation": "None", "depreciationAndAmortization": "44646", "incomeBeforeTax": "389744000", "incomeTaxExpense": "53132000", "interestAndDebtExpense": "None", "netIncomeFromContinuingOperations": "336612000", "comprehensiveIncomeNetOfTax": "None", "ebit": "515047354", "ebitda": "658491000", "netIncome": "249554000"}, {"fiscalDateEnding": "2019-06-30", "reportedCurrency": "USD", "grossProfit": "570897000", "totalRevenue": "1179864000", "costOfRevenue": "608967000", "costofGoodsAndServicesSold": "608967000", "operatingIncome": "371053000", "sellingGeneralAndAdministrative": "199844000", "researchAndDevelopment": "None", "operatingExpenses": "199844000", "investmentIncomeNet": "None", "netInterestIncome": "100961000", "interestIncome": "365727000", "interestExpense": "264766000", "nonInterestIncome": "None", "otherNonOperatingIncome": "382857000", "depreciation": "None", "depreciationAndAmortization": "40963", "incomeBeforeTax": "1527129000", "incomeTaxExpense": "165399000", "interestAndDebtExpense": "None", "netIncomeFromContinuingOperations": "1361730000", "comprehensiveIncomeNetOfTax": "None", "ebit": "736739037", "ebitda": "1791895000", "netIncome": "522734000"}, {"fiscalDateEnding": "2019-03-31", "reportedCurrency": "USD", "grossProfit": "642918000", "totalRevenue": "1187480000", "costOfRevenue": "544562000", "costofGoodsAndServicesSold": "544562000", "operatingIncome": "458713000", "sellingGeneralAndAdministrative": "184205000", "researchAndDevelopment": "None", "operatingExpenses": "184205000", "investmentIncomeNet": "None", "netInterestIncome": "109423000", "interestIncome": "1335926000", "interestExpense": "249088000", "nonInterestIncome": "None", "otherNonOperatingIncome": "381136000", "depreciation": "None", "depreciationAndAmortization": "40374", "incomeBeforeTax": "1794639000", "incomeTaxExpense": "167593000", "interestAndDebtExpense": "None", "netIncomeFromContinuingOperations": "1627046000", "comprehensiveIncomeNetOfTax": "None", "ebit": "817183626", "ebitda": "2043727000", "netIncome": "709319000"}, {"fiscalDateEnding": "2018-12-31", "reportedCurrency": "USD", "grossProfit": "-221349000", "totalRevenue": "-178056000", "costOfRevenue": "43293000", "costofGoodsAndServicesSold": "43293000", "operatingIncome": "-415792000", "sellingGeneralAndAdministrative": "194443000", "researchAndDevelopment": "0", "operatingExpenses": "194443000", "investmentIncomeNet": "None", "netInterestIncome": "None", "interestIncome": "None", "interestExpense": "241508000", "nonInterestIncome": "None", "otherNonOperatingIncome": "444679000", "depreciation": "None", "depreciationAndAmortization": "407178000", "incomeBeforeTax": "-1213907000", "incomeTaxExpense": "-143294000", "interestAndDebtExpense": "None", "netIncomeFromContinuingOperations": "-1070613000", "comprehensiveIncomeNetOfTax": "None", "ebit": "-415792000", "ebitda": "-1408046000", "netIncome": "-384641000"}, {"fiscalDateEnding": "2018-09-30", "reportedCurrency": "USD", "grossProfit": "569232000", "totalRevenue": "1129666000", "costOfRevenue": "560434000", "costofGoodsAndServicesSold": "560434000", "operatingIncome": "389576000", "sellingGeneralAndAdministrative": "179656000", "researchAndDevelopment": "0", "operatingExpenses": "179656000", "investmentIncomeNet": "None", "netInterestIncome": "None", "interestIncome": "None", "interestExpense": "211081000", "nonInterestIncome": "None", "otherNonOperatingIncome": "377638000", "depreciation": "None", "depreciationAndAmortization": "339393000", "incomeBeforeTax": "1222864000", "incomeTaxExpense": "-129405000", "interestAndDebtExpense": "None", "netIncomeFromContinuingOperations": "1352269000", "comprehensiveIncomeNetOfTax": "None", "ebit": "389576000", "ebitda": "1433945000", "netIncome": "648539000"}, {"fiscalDateEnding": "2018-06-30", "reportedCurrency": "USD", "grossProfit": "499120000", "totalRevenue": "971620000", "costOfRevenue": "472500000", "costofGoodsAndServicesSold": "472500000", "operatingIncome": "296570000", "sellingGeneralAndAdministrative": "202550000", "researchAndDevelopment": "0", "operatingExpenses": "202550000", "investmentIncomeNet": "None", "netInterestIncome": "None", "interestIncome": "None", "interestExpense": "203850000", "nonInterestIncome": "None", "otherNonOperatingIncome": "418049000", "depreciation": "None", "depreciationAndAmortization": "351705000", "incomeBeforeTax": "1627356000", "incomeTaxExpense": "60960000", "interestAndDebtExpense": "None", "netIncomeFromContinuingOperations": "1566396000", "comprehensiveIncomeNetOfTax": "None", "ebit": "296570000", "ebitda": "1831206000", "netIncome": "688722000"}, {"fiscalDateEnding": "2018-03-31", "reportedCurrency": "USD", "grossProfit": "174470000", "totalRevenue": "472606000", "costOfRevenue": "298136000", "costofGoodsAndServicesSold": "298136000", "operatingIncome": "36005000", "sellingGeneralAndAdministrative": "138465000", "researchAndDevelopment": "0", "operatingExpenses": "138465000", "investmentIncomeNet": "None", "netInterestIncome": "None", "interestIncome": "None", "interestExpense": "219590000", "nonInterestIncome": "None", "otherNonOperatingIncome": "331320000", "depreciation": "None", "depreciationAndAmortization": "298256000", "incomeBeforeTax": "620535000", "incomeTaxExpense": "17641000", "interestAndDebtExpense": "None", "netIncomeFromContinuingOperations": "602894000", "comprehensiveIncomeNetOfTax": "None", "ebit": "36005000", "ebitda": "840125000", "netIncome": "178443000"}, {"fiscalDateEnding": "2017-12-31", "reportedCurrency": "USD", "grossProfit": "480475000", "totalRevenue": "941648000", "costOfRevenue": "461173000", "costofGoodsAndServicesSold": "461173000", "operatingIncome": "304945000", "sellingGeneralAndAdministrative": "175530000", "researchAndDevelopment": "0", "operatingExpenses": "175530000", "investmentIncomeNet": "None", "netInterestIncome": "None", "interestIncome": "None", "interestExpense": "211495000", "nonInterestIncome": "None", "otherNonOperatingIncome": "450558000", "depreciation": "None", "depreciationAndAmortization": "348587000", "incomeBeforeTax": "661512000", "incomeTaxExpense": "146826000", "interestAndDebtExpense": "None", "netIncomeFromContinuingOperations": "514686000", "comprehensiveIncomeNetOfTax": "None", "ebit": "304945000", "ebitda": "873007000", "netIncome": "174730000"}, {"fiscalDateEnding": "2017-09-30", "reportedCurrency": "USD", "grossProfit": "381139000", "totalRevenue": "749652000", "costOfRevenue": "368513000", "costofGoodsAndServicesSold": "368513000", "operatingIncome": "219405000", "sellingGeneralAndAdministrative": "161734000", "researchAndDevelopment": "0", "operatingExpenses": "161734000", "investmentIncomeNet": "None", "netInterestIncome": "None", "interestIncome": "None", "interestExpense": "211959000", "nonInterestIncome": "None", "otherNonOperatingIncome": "337908000", "depreciation": "None", "depreciationAndAmortization": "317134000", "incomeBeforeTax": "397358000", "incomeTaxExpense": "18420000", "interestAndDebtExpense": "None", "netIncomeFromContinuingOperations": "378938000", "comprehensiveIncomeNetOfTax": "None", "ebit": "162630000", "ebitda": "609317000", "netIncome": "161904000"}, {"fiscalDateEnding": "2017-06-30", "reportedCurrency": "USD", "grossProfit": "552959000", "totalRevenue": "1015800000", "costOfRevenue": "462841000", "costofGoodsAndServicesSold": "462841000", "operatingIncome": "386072000", "sellingGeneralAndAdministrative": "166887000", "researchAndDevelopment": "0", "operatingExpenses": "166887000", "investmentIncomeNet": "None", "netInterestIncome": "None", "interestIncome": "None", "interestExpense": "198590000", "nonInterestIncome": "None", "otherNonOperatingIncome": "365164000", "depreciation": "None", "depreciationAndAmortization": "295718000", "incomeBeforeTax": "887062000", "incomeTaxExpense": "18538000", "interestAndDebtExpense": "None", "netIncomeFromContinuingOperations": "868524000", "comprehensiveIncomeNetOfTax": "None", "ebit": "302060000", "ebitda": "1085652000", "netIncome": "413987000"}, {"fiscalDateEnding": "2017-03-31", "reportedCurrency": "USD", "grossProfit": "364792000", "totalRevenue": "767755000", "costOfRevenue": "402963000", "costofGoodsAndServicesSold": "402963000", "operatingIncome": "227741000", "sellingGeneralAndAdministrative": "137051000", "researchAndDevelopment": "0", "operatingExpenses": "137051000", "investmentIncomeNet": "None", "netInterestIncome": "None", "interestIncome": "None", "interestExpense": "186854000", "nonInterestIncome": "None", "otherNonOperatingIncome": "290904000", "depreciation": "None", "depreciationAndAmortization": "280980000", "incomeBeforeTax": "838436000", "incomeTaxExpense": "40542000", "interestAndDebtExpense": "None", "netIncomeFromContinuingOperations": "797894000", "comprehensiveIncomeNetOfTax": "None", "ebit": "175938000", "ebitda": "1025290000", "netIncome": "267684000"}, {"fiscalDateEnding": "2016-12-31", "reportedCurrency": "USD", "grossProfit": "197724000", "totalRevenue": "481475000", "costOfRevenue": "283751000", "costofGoodsAndServicesSold": "283751000", "operatingIncome": "28659000", "sellingGeneralAndAdministrative": "169065000", "researchAndDevelopment": "0", "operatingExpenses": "169065000", "investmentIncomeNet": "None", "netInterestIncome": "None", "interestIncome": "None", "interestExpense": "182141000", "nonInterestIncome": "None", "otherNonOperatingIncome": "None", "depreciation": "None", "depreciationAndAmortization": "268615000", "incomeBeforeTax": "468807000", "incomeTaxExpense": "5800000", "interestAndDebtExpense": "None", "netIncomeFromContinuingOperations": "889060000", "comprehensiveIncomeNetOfTax": "None", "ebit": "28659000", "ebitda": "650948000", "netIncome": "179310000"}, {"fiscalDateEnding": "2016-09-30", "reportedCurrency": "USD", "grossProfit": "328895000", "totalRevenue": "687056000", "costOfRevenue": "358161000", "costofGoodsAndServicesSold": "358161000", "operatingIncome": "175939000", "sellingGeneralAndAdministrative": "152956000", "researchAndDevelopment": "0", "operatingExpenses": "152956000", "investmentIncomeNet": "None", "netInterestIncome": "None", "interestIncome": "None", "interestExpense": "255105000", "nonInterestIncome": "None", "otherNonOperatingIncome": "329610000", "depreciation": "None", "depreciationAndAmortization": "256505000", "incomeBeforeTax": "985588000", "incomeTaxExpense": "10826000", "interestAndDebtExpense": "None", "netIncomeFromContinuingOperations": "974762000", "comprehensiveIncomeNetOfTax": "None", "ebit": "175939000", "ebitda": "1240693000", "netIncome": "360353000"}, {"fiscalDateEnding": "2016-06-30", "reportedCurrency": "USD", "grossProfit": "280345000", "totalRevenue": "576757000", "costOfRevenue": "296412000", "costofGoodsAndServicesSold": "296412000", "operatingIncome": "153539000", "sellingGeneralAndAdministrative": "126806000", "researchAndDevelopment": "0", "operatingExpenses": "126806000", "investmentIncomeNet": "None", "netInterestIncome": "None", "interestIncome": "None", "interestExpense": "181313000", "nonInterestIncome": "None", "otherNonOperatingIncome": "297882000", "depreciation": "None", "depreciationAndAmortization": "266213000", "incomeBeforeTax": "279276000", "incomeTaxExpense": "6045000", "interestAndDebtExpense": "None", "netIncomeFromContinuingOperations": "273231000", "comprehensiveIncomeNetOfTax": "None", "ebit": "153539000", "ebitda": "460589000", "netIncome": "99583000"}, {"fiscalDateEnding": "2016-03-31", "reportedCurrency": "USD", "grossProfit": "37316000", "totalRevenue": "162805000", "costOfRevenue": "125489000", "costofGoodsAndServicesSold": "125489000", "operatingIncome": "-145518000", "sellingGeneralAndAdministrative": "182834000", "researchAndDevelopment": "0", "operatingExpenses": "182834000", "investmentIncomeNet": "None", "netInterestIncome": "None", "interestIncome": "None", "interestExpense": "171394000", "nonInterestIncome": "None", "otherNonOperatingIncome": "293689000", "depreciation": "None", "depreciationAndAmortization": "230476000", "incomeBeforeTax": "-758446000", "incomeTaxExpense": "1890000", "interestAndDebtExpense": "None", "netIncomeFromContinuingOperations": "-760336000", "comprehensiveIncomeNetOfTax": "None", "ebit": "-145518000", "ebitda": "-921251000", "netIncome": "-329939000"}, {"fiscalDateEnding": "2015-12-31", "reportedCurrency": "USD", "grossProfit": "981000", "totalRevenue": "307923000", "costOfRevenue": "306942000", "costofGoodsAndServicesSold": "306942000", "operatingIncome": "-217172000", "sellingGeneralAndAdministrative": "218153000", "researchAndDevelopment": "0", "operatingExpenses": "218153000", "investmentIncomeNet": "None", "netInterestIncome": "None", "interestIncome": "None", "interestExpense": "170282000", "nonInterestIncome": "None", "otherNonOperatingIncome": "460966000", "depreciation": "None", "depreciationAndAmortization": "320569000", "incomeBeforeTax": "1271391000", "incomeTaxExpense": "27341000", "interestAndDebtExpense": "None", "netIncomeFromContinuingOperations": "1244050000", "comprehensiveIncomeNetOfTax": "None", "ebit": "-217172000", "ebitda": "1441673000", "netIncome": "32257000"}, {"fiscalDateEnding": "2015-09-30", "reportedCurrency": "USD", "grossProfit": "91667000", "totalRevenue": "188626000", "costOfRevenue": "96959000", "costofGoodsAndServicesSold": "96959000", "operatingIncome": "-88294000", "sellingGeneralAndAdministrative": "179961000", "researchAndDevelopment": "0", "operatingExpenses": "179961000", "investmentIncomeNet": "None", "netInterestIncome": "None", "interestIncome": "None", "interestExpense": "151554000", "nonInterestIncome": "None", "otherNonOperatingIncome": "570244000", "depreciation": "None", "depreciationAndAmortization": "299485000", "incomeBeforeTax": "-1225285000", "incomeTaxExpense": "-7390000", "interestAndDebtExpense": "None", "netIncomeFromContinuingOperations": "-1217895000", "comprehensiveIncomeNetOfTax": "None", "ebit": "-88294000", "ebitda": "-1413911000", "netIncome": "-190588000"}, {"fiscalDateEnding": "2015-06-30", "reportedCurrency": "USD", "grossProfit": "-155817000", "totalRevenue": "255874000", "costOfRevenue": "411691000", "costofGoodsAndServicesSold": "411691000", "operatingIncome": "-298303000", "sellingGeneralAndAdministrative": "142486000", "researchAndDevelopment": "0", "operatingExpenses": "142486000", "investmentIncomeNet": "None", "netInterestIncome": "None", "interestIncome": "None", "interestExpense": "139427000", "nonInterestIncome": "None", "otherNonOperatingIncome": "663541000", "depreciation": "None", "depreciationAndAmortization": "302985000", "incomeBeforeTax": "3336415000", "incomeTaxExpense": "30547000", "interestAndDebtExpense": "None", "netIncomeFromContinuingOperations": "3305868000", "comprehensiveIncomeNetOfTax": "None", "ebit": "-298303000", "ebitda": "3475842000", "netIncome": "376306000"}, {"fiscalDateEnding": "2015-03-31", "reportedCurrency": "USD", "grossProfit": "-73654000", "totalRevenue": "291345000", "costOfRevenue": "364999000", "costofGoodsAndServicesSold": "364999000", "operatingIncome": "-223688000", "sellingGeneralAndAdministrative": "150034000", "researchAndDevelopment": "0", "operatingExpenses": "150034000", "investmentIncomeNet": "None", "netInterestIncome": "None", "interestIncome": "None", "interestExpense": "111963000", "nonInterestIncome": "None", "otherNonOperatingIncome": "374973000", "depreciation": "None", "depreciationAndAmortization": "296158000", "incomeBeforeTax": "1959147000", "incomeTaxExpense": "16138000", "interestAndDebtExpense": "None", "netIncomeFromContinuingOperations": "1943009000", "comprehensiveIncomeNetOfTax": "None", "ebit": "-223688000", "ebitda": "2071110000", "netIncome": "270507000"}, {"fiscalDateEnding": "2014-12-31", "reportedCurrency": "USD", "grossProfit": "-40717000", "totalRevenue": "212944000", "costOfRevenue": "253661000", "costofGoodsAndServicesSold": "253661000", "operatingIncome": "-420217000", "sellingGeneralAndAdministrative": "379500000", "researchAndDevelopment": "0", "operatingExpenses": "379500000", "investmentIncomeNet": "None", "netInterestIncome": "None", "interestIncome": "None", "interestExpense": "119846000", "nonInterestIncome": "None", "otherNonOperatingIncome": "None", "depreciation": "None", "depreciationAndAmortization": "271083000", "incomeBeforeTax": "472838000", "incomeTaxExpense": "6524000", "interestAndDebtExpense": "None", "netIncomeFromContinuingOperations": "5395020000", "comprehensiveIncomeNetOfTax": "None", "ebit": "-420217000", "ebitda": "592684000", "netIncome": "-583000"}, {"fiscalDateEnding": "2014-09-30", "reportedCurrency": "USD", "grossProfit": "24345000", "totalRevenue": "344768000", "costOfRevenue": "320423000", "costofGoodsAndServicesSold": "320423000", "operatingIncome": "-159642000", "sellingGeneralAndAdministrative": "183987000", "researchAndDevelopment": "0", "operatingExpenses": "183987000", "investmentIncomeNet": "None", "netInterestIncome": "None", "interestIncome": "None", "interestExpense": "96618000", "nonInterestIncome": "None", "otherNonOperatingIncome": "859312000", "depreciation": "None", "depreciationAndAmortization": "260292000", "incomeBeforeTax": "901311000", "incomeTaxExpense": "29267000", "interestAndDebtExpense": "None", "netIncomeFromContinuingOperations": "872044000", "comprehensiveIncomeNetOfTax": "None", "ebit": "-159642000", "ebitda": "997929000", "netIncome": "89938000"}, {"fiscalDateEnding": "2014-06-30", "reportedCurrency": "USD", "grossProfit": "-109360000", "totalRevenue": "249370000", "costOfRevenue": "358730000", "costofGoodsAndServicesSold": "358730000", "operatingIncome": "-335955000", "sellingGeneralAndAdministrative": "226595000", "researchAndDevelopment": "0", "operatingExpenses": "226595000", "investmentIncomeNet": "None", "netInterestIncome": "None", "interestIncome": "None", "interestExpense": "65997000", "nonInterestIncome": "None", "otherNonOperatingIncome": "488774000", "depreciation": "None", "depreciationAndAmortization": "215872000", "incomeBeforeTax": "2058672000", "incomeTaxExpense": "6176000", "interestAndDebtExpense": "None", "netIncomeFromContinuingOperations": "2052496000", "comprehensiveIncomeNetOfTax": "None", "ebit": "-335955000", "ebitda": "2124669000", "netIncome": "178215000"}, {"fiscalDateEnding": "2014-03-31", "reportedCurrency": "USD", "grossProfit": "-28112000", "totalRevenue": "302926000", "costOfRevenue": "331038000", "costofGoodsAndServicesSold": "331038000", "operatingIncome": "-170245000", "sellingGeneralAndAdministrative": "142133000", "researchAndDevelopment": "0", "operatingExpenses": "142133000", "investmentIncomeNet": "None", "netInterestIncome": "None", "interestIncome": "None", "interestExpense": "34731000", "nonInterestIncome": "None", "otherNonOperatingIncome": "258664000", "depreciation": "None", "depreciationAndAmortization": "161960000", "incomeBeforeTax": "2025868000", "incomeTaxExpense": "21702000", "interestAndDebtExpense": "None", "netIncomeFromContinuingOperations": "2004166000", "comprehensiveIncomeNetOfTax": "None", "ebit": "-170245000", "ebitda": "2060599000", "netIncome": "210041000"}, {"fiscalDateEnding": "2013-12-31", "reportedCurrency": "USD", "grossProfit": "-180785000", "totalRevenue": "224902000", "costOfRevenue": "405687000", "costofGoodsAndServicesSold": "405687000", "operatingIncome": "-355389000", "sellingGeneralAndAdministrative": "174604000", "researchAndDevelopment": "0", "operatingExpenses": "174604000", "investmentIncomeNet": "None", "netInterestIncome": "None", "interestIncome": "None", "interestExpense": "26923000", "nonInterestIncome": "None", "otherNonOperatingIncome": "448016000", "depreciation": "None", "depreciationAndAmortization": "122509000", "incomeBeforeTax": "3293031000", "incomeTaxExpense": "12401000", "interestAndDebtExpense": "None", "netIncomeFromContinuingOperations": "3280630000", "comprehensiveIncomeNetOfTax": "None", "ebit": "-355389000", "ebitda": "3319954000", "netIncome": "277913000"}, {"fiscalDateEnding": "2013-09-30", "reportedCurrency": "USD", "grossProfit": "-109154000", "totalRevenue": "220028000", "costOfRevenue": "329182000", "costofGoodsAndServicesSold": "329182000", "operatingIncome": "-235467000", "sellingGeneralAndAdministrative": "126313000", "researchAndDevelopment": "0", "operatingExpenses": "126313000", "investmentIncomeNet": "None", "netInterestIncome": "None", "interestIncome": "None", "interestExpense": "25056000", "nonInterestIncome": "None", "otherNonOperatingIncome": "235920000", "depreciation": "None", "depreciationAndAmortization": "114861000", "incomeBeforeTax": "2205798000", "incomeTaxExpense": "7644000", "interestAndDebtExpense": "None", "netIncomeFromContinuingOperations": "2198154000", "comprehensiveIncomeNetOfTax": "None", "ebit": "-235467000", "ebitda": "2230854000", "netIncome": "204740000"}, {"fiscalDateEnding": "2013-06-30", "reportedCurrency": "USD", "grossProfit": "-34226000", "totalRevenue": "166376000", "costOfRevenue": "200602000", "costofGoodsAndServicesSold": "200602000", "operatingIncome": "-125646000", "sellingGeneralAndAdministrative": "91420000", "researchAndDevelopment": "0", "operatingExpenses": "91420000", "investmentIncomeNet": "None", "netInterestIncome": "None", "interestIncome": "None", "interestExpense": "24614000", "nonInterestIncome": "None", "otherNonOperatingIncome": "337506000", "depreciation": "None", "depreciationAndAmortization": "128020000", "incomeBeforeTax": "285783000", "incomeTaxExpense": "8525000", "interestAndDebtExpense": "None", "netIncomeFromContinuingOperations": "277258000", "comprehensiveIncomeNetOfTax": "None", "ebit": "-125646000", "ebitda": "310397000", "netIncome": "15134000"}, {"fiscalDateEnding": "2013-03-31", "reportedCurrency": "USD", "grossProfit": "-179881000", "totalRevenue": "151240000", "costOfRevenue": "331121000", "costofGoodsAndServicesSold": "331121000", "operatingIncome": "-288090000", "sellingGeneralAndAdministrative": "108209000", "researchAndDevelopment": "0", "operatingExpenses": "108209000", "investmentIncomeNet": "None", "netInterestIncome": "None", "interestIncome": "None", "interestExpense": "23023000", "nonInterestIncome": "None", "otherNonOperatingIncome": "148838000", "depreciation": "None", "depreciationAndAmortization": "109369000", "incomeBeforeTax": "2107542000", "incomeTaxExpense": "9356000", "interestAndDebtExpense": "None", "netIncomeFromContinuingOperations": "2098186000", "comprehensiveIncomeNetOfTax": "None", "ebit": "-288090000", "ebitda": "2130565000", "netIncome": "193439000"}, {"fiscalDateEnding": "2012-12-31", "reportedCurrency": "USD", "grossProfit": "-83833000", "totalRevenue": "177621000", "costOfRevenue": "261454000", "costofGoodsAndServicesSold": "261454000", "operatingIncome": "-180651000", "sellingGeneralAndAdministrative": "96818000", "researchAndDevelopment": "0", "operatingExpenses": "96818000", "investmentIncomeNet": "None", "netInterestIncome": "None", "interestIncome": "None", "interestExpense": "16407000", "nonInterestIncome": "None", "otherNonOperatingIncome": "None", "depreciation": "None", "depreciationAndAmortization": "98929000", "incomeBeforeTax": "1453968000", "incomeTaxExpense": "5628000", "interestAndDebtExpense": "None", "netIncomeFromContinuingOperations": "0", "comprehensiveIncomeNetOfTax": "None", "ebit": "-180651000", "ebitda": "1470375000", "netIncome": "96728000"}, {"fiscalDateEnding": "2012-09-30", "reportedCurrency": "USD", "grossProfit": "2167783000", "totalRevenue": "2548477000", "costOfRevenue": "380694000", "costofGoodsAndServicesSold": "380694000", "operatingIncome": "-284365000", "sellingGeneralAndAdministrative": "446519000", "researchAndDevelopment": "0", "operatingExpenses": "65825000", "investmentIncomeNet": "None", "netInterestIncome": "None", "interestIncome": "None", "interestExpense": "17868000", "nonInterestIncome": "None", "otherNonOperatingIncome": "None", "depreciation": "None", "depreciationAndAmortization": "180022000", "incomeBeforeTax": "2112398000", "incomeTaxExpense": "9612000", "interestAndDebtExpense": "None", "netIncomeFromContinuingOperations": "0", "comprehensiveIncomeNetOfTax": "None", "ebit": "1950244000", "ebitda": "2130266000", "netIncome": "127411000"}, {"fiscalDateEnding": "2012-06-30", "reportedCurrency": "USD", "grossProfit": "1570240000", "totalRevenue": "1864975000", "costOfRevenue": "294735000", "costofGoodsAndServicesSold": "294735000", "operatingIncome": "-236379000", "sellingGeneralAndAdministrative": "334644000", "researchAndDevelopment": "0", "operatingExpenses": "54004000", "investmentIncomeNet": "None", "netInterestIncome": "None", "interestIncome": "None", "interestExpense": "16884000", "nonInterestIncome": "None", "otherNonOperatingIncome": "None", "depreciation": "None", "depreciationAndAmortization": "129244000", "incomeBeforeTax": "1516236000", "incomeTaxExpense": "11093000", "interestAndDebtExpense": "None", "netIncomeFromContinuingOperations": "0", "comprehensiveIncomeNetOfTax": "None", "ebit": "1403876000", "ebitda": "1533120000", "netIncome": "146261000"}, {"fiscalDateEnding": "2012-03-31", "reportedCurrency": "USD", "grossProfit": "3046698000", "totalRevenue": "3434305000", "costOfRevenue": "387607000", "costofGoodsAndServicesSold": "387607000", "operatingIncome": "-328951000", "sellingGeneralAndAdministrative": "430061000", "researchAndDevelopment": "0", "operatingExpenses": "57651000", "investmentIncomeNet": "None", "netInterestIncome": "None", "interestIncome": "None", "interestExpense": "18005000", "nonInterestIncome": "None", "otherNonOperatingIncome": "None", "depreciation": "None", "depreciationAndAmortization": "134312000", "incomeBeforeTax": "2989047000", "incomeTaxExpense": "17072000", "interestAndDebtExpense": "None", "netIncomeFromContinuingOperations": "0", "comprehensiveIncomeNetOfTax": "None", "ebit": "2872740000", "ebitda": "3007052000", "netIncome": "190436000"}, {"fiscalDateEnding": "2011-12-31", "reportedCurrency": "USD", "grossProfit": "924456000", "totalRevenue": "924456000", "costOfRevenue": "326618000", "costofGoodsAndServicesSold": "326618000", "operatingIncome": "614712000", "sellingGeneralAndAdministrative": "314940000", "researchAndDevelopment": "0", "operatingExpenses": "-844783000", "investmentIncomeNet": "None", "netInterestIncome": "None", "interestIncome": "None", "interestExpense": "20393000", "nonInterestIncome": "None", "otherNonOperatingIncome": "None", "depreciation": "None", "depreciationAndAmortization": "None", "incomeBeforeTax": "594319000", "incomeTaxExpense": "21322000", "interestAndDebtExpense": "None", "netIncomeFromContinuingOperations": "0", "comprehensiveIncomeNetOfTax": "None", "ebit": "594319000", "ebitda": "614712000", "netIncome": "-303489000"}, {"fiscalDateEnding": "2011-09-30", "reportedCurrency": "USD", "grossProfit": "-3118640000", "totalRevenue": "-3055990000", "costOfRevenue": "62650000", "costofGoodsAndServicesSold": "62650000", "operatingIncome": "-3336003000", "sellingGeneralAndAdministrative": "115128000", "researchAndDevelopment": "0", "operatingExpenses": "52555000", "investmentIncomeNet": "None", "netInterestIncome": "None", "interestIncome": "None", "interestExpense": "17742000", "nonInterestIncome": "None", "otherNonOperatingIncome": "135964000", "depreciation": "None", "depreciationAndAmortization": "168925000", "incomeBeforeTax": "-3184820000", "incomeTaxExpense": "11535000", "interestAndDebtExpense": "None", "netIncomeFromContinuingOperations": "-3196355000", "comprehensiveIncomeNetOfTax": "None", "ebit": "-3336003000", "ebitda": "-3167078000", "netIncome": "-3184820000"}, {"fiscalDateEnding": "2011-06-30", "reportedCurrency": "USD", "grossProfit": "1254050000", "totalRevenue": "1539294000", "costOfRevenue": "285244000", "costofGoodsAndServicesSold": "285244000", "operatingIncome": "1103535000", "sellingGeneralAndAdministrative": "318457000", "researchAndDevelopment": "0", "operatingExpenses": "32903000", "investmentIncomeNet": "None", "netInterestIncome": "None", "interestIncome": "None", "interestExpense": "17371000", "nonInterestIncome": "None", "otherNonOperatingIncome": "119964000", "depreciation": "None", "depreciationAndAmortization": "121844000", "incomeBeforeTax": "1208008000", "incomeTaxExpense": "25605000", "interestAndDebtExpense": "None", "netIncomeFromContinuingOperations": "1182403000", "comprehensiveIncomeNetOfTax": "None", "ebit": "1103535000", "ebitda": "1225379000", "netIncome": "1208008000"}, {"fiscalDateEnding": "2011-03-31", "reportedCurrency": "USD", "grossProfit": "2402868000", "totalRevenue": "2771976000", "costOfRevenue": "369108000", "costofGoodsAndServicesSold": "369108000", "operatingIncome": "2125904000", "sellingGeneralAndAdministrative": "411198000", "researchAndDevelopment": "0", "operatingExpenses": "45121000", "investmentIncomeNet": "None", "netInterestIncome": "None", "interestIncome": "None", "interestExpense": "17252000", "nonInterestIncome": "None", "otherNonOperatingIncome": "None", "depreciation": "None", "depreciationAndAmortization": "239572000", "incomeBeforeTax": "2348224000", "incomeTaxExpense": "30783000", "interestAndDebtExpense": "None", "netIncomeFromContinuingOperations": "0", "comprehensiveIncomeNetOfTax": "None", "ebit": "2125904000", "ebitda": "2365476000", "netIncome": "2348224000"}, {"fiscalDateEnding": "2010-12-31", "reportedCurrency": "USD", "grossProfit": "3611953000", "totalRevenue": "3611953000", "costOfRevenue": "415165000", "costofGoodsAndServicesSold": "415165000", "operatingIncome": "3211757000", "sellingGeneralAndAdministrative": "408778000", "researchAndDevelopment": "0", "operatingExpenses": "-1314193000", "investmentIncomeNet": "None", "netInterestIncome": "None", "interestIncome": "None", "interestExpense": "18706000", "nonInterestIncome": "None", "otherNonOperatingIncome": "None", "depreciation": "None", "depreciationAndAmortization": "None", "incomeBeforeTax": "3193051000", "incomeTaxExpense": "14362000", "interestAndDebtExpense": "None", "netIncomeFromContinuingOperations": "0", "comprehensiveIncomeNetOfTax": "None", "ebit": "3193051000", "ebitda": "3211757000", "netIncome": "-4597782000"}, {"fiscalDateEnding": "2010-09-30", "reportedCurrency": "USD", "grossProfit": "1478992000", "totalRevenue": "1820545000", "costOfRevenue": "341553000", "costofGoodsAndServicesSold": "341553000", "operatingIncome": "1288974000", "sellingGeneralAndAdministrative": "439494000", "researchAndDevelopment": "0", "operatingExpenses": "94000000", "investmentIncomeNet": "None", "netInterestIncome": "None", "interestIncome": "None", "interestExpense": "10432000", "nonInterestIncome": "None", "otherNonOperatingIncome": "None", "depreciation": "None", "depreciationAndAmortization": "92136000", "incomeBeforeTax": "1370678000", "incomeTaxExpense": "16263000", "interestAndDebtExpense": "None", "netIncomeFromContinuingOperations": "0", "comprehensiveIncomeNetOfTax": "None", "ebit": "1288974000", "ebitda": "1381110000", "netIncome": "1370678000"}, {"fiscalDateEnding": "2010-06-30", "reportedCurrency": "USD", "grossProfit": "953898000", "totalRevenue": "1312029000", "costOfRevenue": "358131000", "costofGoodsAndServicesSold": "358131000", "operatingIncome": "808782000", "sellingGeneralAndAdministrative": "421076000", "researchAndDevelopment": "0", "operatingExpenses": "58046000", "investmentIncomeNet": "None", "netInterestIncome": "None", "interestIncome": "None", "interestExpense": "10134000", "nonInterestIncome": "None", "otherNonOperatingIncome": "None", "depreciation": "None", "depreciationAndAmortization": "82795000", "incomeBeforeTax": "881443000", "incomeTaxExpense": "31283000", "interestAndDebtExpense": "None", "netIncomeFromContinuingOperations": "0", "comprehensiveIncomeNetOfTax": "None", "ebit": "808782000", "ebitda": "891577000", "netIncome": "881443000"}, {"fiscalDateEnding": "2010-03-31", "reportedCurrency": "USD", "grossProfit": "2869967000", "totalRevenue": "2869967000", "costOfRevenue": "459923000", "costofGoodsAndServicesSold": "459923000", "operatingIncome": "133933000", "sellingGeneralAndAdministrative": "453623000", "researchAndDevelopment": "0", "operatingExpenses": "-2736034000", "investmentIncomeNet": "None", "netInterestIncome": "None", "interestIncome": "None", "interestExpense": "13827000", "nonInterestIncome": "None", "otherNonOperatingIncome": "None", "depreciation": "None", "depreciationAndAmortization": "None", "incomeBeforeTax": "2406659000", "incomeTaxExpense": "13452000", "interestAndDebtExpense": "None", "netIncomeFromContinuingOperations": "0", "comprehensiveIncomeNetOfTax": "None", "ebit": "0", "ebitda": "2420486000", "netIncome": "113836000"}, {"fiscalDateEnding": "2009-12-31", "reportedCurrency": "USD", "grossProfit": "2119564000", "totalRevenue": "2119564000", "costOfRevenue": "799695000", "costofGoodsAndServicesSold": "799695000", "operatingIncome": "1299728000", "sellingGeneralAndAdministrative": "828737000", "researchAndDevelopment": "0", "operatingExpenses": "-819836000", "investmentIncomeNet": "None", "netInterestIncome": "None", "interestIncome": "None", "interestExpense": "18797000", "nonInterestIncome": "None", "otherNonOperatingIncome": "None", "depreciation": "None", "depreciationAndAmortization": "None", "incomeBeforeTax": "1280931000", "incomeTaxExpense": "31193000", "interestAndDebtExpense": "None", "netIncomeFromContinuingOperations": "0", "comprehensiveIncomeNetOfTax": "None", "ebit": "0", "ebitda": "1299728000", "netIncome": "1249738000"}, {"fiscalDateEnding": "2009-09-30", "reportedCurrency": "USD", "grossProfit": "4282698000", "totalRevenue": "4282698000", "costOfRevenue": "151353000", "costofGoodsAndServicesSold": "151353000", "operatingIncome": "4146572000", "sellingGeneralAndAdministrative": "145146000", "researchAndDevelopment": "0", "operatingExpenses": "-136126000", "investmentIncomeNet": "None", "netInterestIncome": "None", "interestIncome": "None", "interestExpense": "18471000", "nonInterestIncome": "None", "otherNonOperatingIncome": "None", "depreciation": "None", "depreciationAndAmortization": "None", "incomeBeforeTax": "4128101000", "incomeTaxExpense": "4115000", "interestAndDebtExpense": "None", "netIncomeFromContinuingOperations": "0", "comprehensiveIncomeNetOfTax": "None", "ebit": "0", "ebitda": "4146572000", "netIncome": "4123986000"}, {"fiscalDateEnding": "2009-06-30", "reportedCurrency": "USD", "grossProfit": "2359092000", "totalRevenue": "2359092000", "costOfRevenue": "94506000", "costofGoodsAndServicesSold": "94506000", "operatingIncome": "2281462000", "sellingGeneralAndAdministrative": "87941000", "researchAndDevelopment": "0", "operatingExpenses": "-77630000", "investmentIncomeNet": "None", "netInterestIncome": "None", "interestIncome": "None", "interestExpense": "20092000", "nonInterestIncome": "None", "otherNonOperatingIncome": "None", "depreciation": "None", "depreciationAndAmortization": "None", "incomeBeforeTax": "2261370000", "incomeTaxExpense": "159000", "interestAndDebtExpense": "None", "netIncomeFromContinuingOperations": "0", "comprehensiveIncomeNetOfTax": "None", "ebit": "0", "ebitda": "2281462000", "netIncome": "2261211000"}, {"fiscalDateEnding": "2009-03-31", "reportedCurrency": "USD", "grossProfit": "-676275000", "totalRevenue": "-676275000", "costOfRevenue": "101769000", "costofGoodsAndServicesSold": "101769000", "operatingIncome": "-37906000", "sellingGeneralAndAdministrative": "95873000", "researchAndDevelopment": "0", "operatingExpenses": "638369000", "investmentIncomeNet": "None", "netInterestIncome": "None", "interestIncome": "None", "interestExpense": "22278000", "nonInterestIncome": "None", "otherNonOperatingIncome": "None", "depreciation": "None", "depreciationAndAmortization": "None", "incomeBeforeTax": "-781033000", "incomeTaxExpense": "1531000", "interestAndDebtExpense": "None", "netIncomeFromContinuingOperations": "0", "comprehensiveIncomeNetOfTax": "None", "ebit": "0", "ebitda": "-758755000", "netIncome": "-54583000"}, {"fiscalDateEnding": "2008-12-31", "reportedCurrency": "USD", "grossProfit": "0", "totalRevenue": "0", "costOfRevenue": "398825000", "costofGoodsAndServicesSold": "398825000", "operatingIncome": "0", "sellingGeneralAndAdministrative": "0", "researchAndDevelopment": "0", "operatingExpenses": "0", "investmentIncomeNet": "None", "netInterestIncome": "None", "interestIncome": "None", "interestExpense": "125561000", "nonInterestIncome": "None", "otherNonOperatingIncome": "None", "depreciation": "None", "depreciationAndAmortization": "None", "incomeBeforeTax": "0", "incomeTaxExpense": "6786000", "interestAndDebtExpense": "None", "netIncomeFromContinuingOperations": "0", "comprehensiveIncomeNetOfTax": "None", "ebit": "0", "ebitda": "None", "netIncome": "0"}]}