{"symbol": "CCI", "annualReports": [{"fiscalDateEnding": "2024-12-31", "reportedCurrency": "USD", "grossProfit": "6568000000", "totalRevenue": "6568000000", "costOfRevenue": "1847000000", "costofGoodsAndServicesSold": "1847000000", "operatingIncome": "-2938000000", "sellingGeneralAndAdministrative": "706000000", "researchAndDevelopment": "None", "operatingExpenses": "9506000000", "investmentIncomeNet": "None", "netInterestIncome": "-913000000", "interestIncome": "19000000", "interestExpense": "900000000", "nonInterestIncome": "None", "otherNonOperatingIncome": "None", "depreciation": "None", "depreciationAndAmortization": "1738000000", "incomeBeforeTax": "-3879000000", "incomeTaxExpense": "24000000", "interestAndDebtExpense": "None", "netIncomeFromContinuingOperations": "-3903000000", "comprehensiveIncomeNetOfTax": "None", "ebit": "-2979000000", "ebitda": "-1241000000", "netIncome": "-3903000000"}, {"fiscalDateEnding": "2023-12-31", "reportedCurrency": "USD", "grossProfit": "5001000000", "totalRevenue": "6981000000", "costOfRevenue": "1980000000", "costofGoodsAndServicesSold": "1980000000", "operatingIncome": "2369000000", "sellingGeneralAndAdministrative": "773000000", "researchAndDevelopment": "0.22", "operatingExpenses": "2632000000", "investmentIncomeNet": "None", "netInterestIncome": "-808000000", "interestIncome": "12000000", "interestExpense": "821000000", "nonInterestIncome": "None", "otherNonOperatingIncome": "None", "depreciation": "None", "depreciationAndAmortization": "1754000000", "incomeBeforeTax": "1528000000", "incomeTaxExpense": "26000000", "interestAndDebtExpense": "None", "netIncomeFromContinuingOperations": "1553000000", "comprehensiveIncomeNetOfTax": "None", "ebit": "2443000000", "ebitda": "4197000000", "netIncome": "1502000000"}, {"fiscalDateEnding": "2022-12-31", "reportedCurrency": "USD", "grossProfit": "4918000000", "totalRevenue": "6986000000", "costOfRevenue": "2068000000", "costofGoodsAndServicesSold": "2068000000", "operatingIncome": "2461000000", "sellingGeneralAndAdministrative": "750000000", "researchAndDevelopment": "0.24", "operatingExpenses": "2531000000", "investmentIncomeNet": "None", "netInterestIncome": "-696000000", "interestIncome": "696000000", "interestExpense": "673000000", "nonInterestIncome": "None", "otherNonOperatingIncome": "-35000000", "depreciation": "None", "depreciationAndAmortization": "1658000000", "incomeBeforeTax": "1691000000", "incomeTaxExpense": "16000000", "interestAndDebtExpense": "None", "netIncomeFromContinuingOperations": "1675000000", "comprehensiveIncomeNetOfTax": "None", "ebit": "2510000000", "ebitda": "4168000000", "netIncome": "1675000000"}, {"fiscalDateEnding": "2021-12-31", "reportedCurrency": "USD", "grossProfit": "4347000000", "totalRevenue": "6340000000", "costOfRevenue": "1993000000", "costofGoodsAndServicesSold": "1993000000", "operatingIncome": "2023000000", "sellingGeneralAndAdministrative": "680000000", "researchAndDevelopment": "0.19", "operatingExpenses": "2512000000", "investmentIncomeNet": "None", "netInterestIncome": "-656000000", "interestIncome": "656000000", "interestExpense": "632000000", "nonInterestIncome": "None", "otherNonOperatingIncome": "-165000000", "depreciation": "None", "depreciationAndAmortization": "1590000000", "incomeBeforeTax": "1179000000", "incomeTaxExpense": "21000000", "interestAndDebtExpense": "None", "netIncomeFromContinuingOperations": "1158000000", "comprehensiveIncomeNetOfTax": "None", "ebit": "2077000000", "ebitda": "3667000000", "netIncome": "1096000000"}, {"fiscalDateEnding": "2020-12-31", "reportedCurrency": "USD", "grossProfit": "3891000000", "totalRevenue": "5840000000", "costOfRevenue": "1949000000", "costofGoodsAndServicesSold": "1949000000", "operatingIncome": "1605000000", "sellingGeneralAndAdministrative": "678000000", "researchAndDevelopment": "0.18", "operatingExpenses": "2128000000", "investmentIncomeNet": "None", "netInterestIncome": "-687000000", "interestIncome": "2000000", "interestExpense": "666000000", "nonInterestIncome": "None", "otherNonOperatingIncome": "-98000000", "depreciation": "None", "depreciationAndAmortization": "1550000000", "incomeBeforeTax": "1076000000", "incomeTaxExpense": "20000000", "interestAndDebtExpense": "None", "netIncomeFromContinuingOperations": "2434000000", "comprehensiveIncomeNetOfTax": "None", "ebit": "1643000000", "ebitda": "3193000000", "netIncome": "1056000000"}, {"fiscalDateEnding": "2019-12-31", "reportedCurrency": "USD", "grossProfit": "3782000000", "totalRevenue": "5773000000", "costOfRevenue": "1991000000", "costofGoodsAndServicesSold": "1991000000", "operatingIncome": "1562000000", "sellingGeneralAndAdministrative": "614000000", "researchAndDevelopment": "None", "operatingExpenses": "2188000000", "investmentIncomeNet": "None", "netInterestIncome": "-677000000", "interestIncome": "6000000", "interestExpense": "683000000", "nonInterestIncome": "None", "otherNonOperatingIncome": "5000000", "depreciation": "None", "depreciationAndAmortization": "1613000000", "incomeBeforeTax": "884000000", "incomeTaxExpense": "21000000", "interestAndDebtExpense": "None", "netIncomeFromContinuingOperations": "2226000000", "comprehensiveIncomeNetOfTax": "None", "ebit": "1562000000", "ebitda": "3175000000", "netIncome": "863000000"}, {"fiscalDateEnding": "2018-12-31", "reportedCurrency": "USD", "grossProfit": "3576000000", "totalRevenue": "5423000000", "costOfRevenue": "1847000000", "costofGoodsAndServicesSold": "1847000000", "operatingIncome": "1432000000", "sellingGeneralAndAdministrative": "563000000", "researchAndDevelopment": "0", "operatingExpenses": "2091000000", "investmentIncomeNet": "None", "netInterestIncome": "-637000000", "interestIncome": "5000000", "interestExpense": "642000000", "nonInterestIncome": "None", "otherNonOperatingIncome": "-100000000", "depreciation": "None", "depreciationAndAmortization": "1528000000", "incomeBeforeTax": "690000000", "incomeTaxExpense": "19000000", "interestAndDebtExpense": "None", "netIncomeFromContinuingOperations": "671000000", "comprehensiveIncomeNetOfTax": "None", "ebit": "1491000000", "ebitda": "3019000000", "netIncome": "671000000"}, {"fiscalDateEnding": "2017-12-31", "reportedCurrency": "USD", "grossProfit": "2791904000", "totalRevenue": "4355605000", "costOfRevenue": "1563701000", "costofGoodsAndServicesSold": "1563701000", "operatingIncome": "1044045000", "sellingGeneralAndAdministrative": "426698000", "researchAndDevelopment": "0", "operatingExpenses": "1669106000", "investmentIncomeNet": "None", "netInterestIncome": "-571921000", "interestIncome": "18761000", "interestExpense": "590682000", "nonInterestIncome": "None", "otherNonOperatingIncome": "17230000", "depreciation": "None", "depreciationAndAmortization": "1242408000", "incomeBeforeTax": "470593000", "incomeTaxExpense": "26043000", "interestAndDebtExpense": "None", "netIncomeFromContinuingOperations": "496636000", "comprehensiveIncomeNetOfTax": "None", "ebit": "1143553000", "ebitda": "2385961000", "netIncome": "444550000"}, {"fiscalDateEnding": "2016-12-31", "reportedCurrency": "USD", "grossProfit": "2480704000", "totalRevenue": "3921225000", "costOfRevenue": "1440521000", "costofGoodsAndServicesSold": "1440521000", "operatingIncome": "949216000", "sellingGeneralAndAdministrative": "371031000", "researchAndDevelopment": "0", "operatingExpenses": "1479582000", "investmentIncomeNet": "None", "netInterestIncome": "-514236000", "interestIncome": "796000", "interestExpense": "515032000", "nonInterestIncome": "None", "otherNonOperatingIncome": "-60330000", "depreciation": "None", "depreciationAndAmortization": "1108551000", "incomeBeforeTax": "373854000", "incomeTaxExpense": "16881000", "interestAndDebtExpense": "None", "netIncomeFromContinuingOperations": "390735000", "comprehensiveIncomeNetOfTax": "None", "ebit": "993083000", "ebitda": "2101634000", "netIncome": "356973000"}, {"fiscalDateEnding": "2015-12-31", "reportedCurrency": "USD", "grossProfit": "2342425000", "totalRevenue": "3663851000", "costOfRevenue": "1321426000", "costofGoodsAndServicesSold": "1321426000", "operatingIncome": "946180000", "sellingGeneralAndAdministrative": "310921000", "researchAndDevelopment": "0", "operatingExpenses": "1347099000", "investmentIncomeNet": "None", "netInterestIncome": "None", "interestIncome": "526251000", "interestExpense": "527128000", "nonInterestIncome": "None", "otherNonOperatingIncome": "54777000", "depreciation": "None", "depreciationAndAmortization": "1036178000", "incomeBeforeTax": "473829000", "incomeTaxExpense": "-51457000", "interestAndDebtExpense": "None", "netIncomeFromContinuingOperations": "422372000", "comprehensiveIncomeNetOfTax": "None", "ebit": "1054260000", "ebitda": "2090438000", "netIncome": "1520992000"}, {"fiscalDateEnding": "2014-12-31", "reportedCurrency": "USD", "grossProfit": "2339418000", "totalRevenue": "3689884000", "costOfRevenue": "1350466000", "costofGoodsAndServicesSold": "1350466000", "operatingIncome": "993576000", "sellingGeneralAndAdministrative": "282696000", "researchAndDevelopment": "0", "operatingExpenses": "1295760000", "investmentIncomeNet": "None", "netInterestIncome": "None", "interestIncome": "None", "interestExpense": "573291000", "nonInterestIncome": "None", "otherNonOperatingIncome": "-32151000", "depreciation": "None", "depreciationAndAmortization": "1013064000", "incomeBeforeTax": "388134000", "incomeTaxExpense": "-10640000", "interestAndDebtExpense": "None", "netIncomeFromContinuingOperations": "398774000", "comprehensiveIncomeNetOfTax": "None", "ebit": "1056136000", "ebitda": "2069200000", "netIncome": "390513000"}, {"fiscalDateEnding": "2013-12-31", "reportedCurrency": "USD", "grossProfit": "1975588000", "totalRevenue": "3022384000", "costOfRevenue": "1046796000", "costofGoodsAndServicesSold": "1046796000", "operatingIncome": "921803000", "sellingGeneralAndAdministrative": "238702000", "researchAndDevelopment": "0", "operatingExpenses": "1012917000", "investmentIncomeNet": "None", "netInterestIncome": "None", "interestIncome": "None", "interestExpense": "589630000", "nonInterestIncome": "None", "otherNonOperatingIncome": "-39644000", "depreciation": "None", "depreciationAndAmortization": "774215000", "incomeBeforeTax": "292529000", "incomeTaxExpense": "198628000", "interestAndDebtExpense": "None", "netIncomeFromContinuingOperations": "93901000", "comprehensiveIncomeNetOfTax": "None", "ebit": "960154000", "ebitda": "1734369000", "netIncome": "90111000"}, {"fiscalDateEnding": "2012-12-31", "reportedCurrency": "USD", "grossProfit": "1703691000", "totalRevenue": "2432680000", "costOfRevenue": "728989000", "costofGoodsAndServicesSold": "728989000", "operatingIncome": "834681000", "sellingGeneralAndAdministrative": "212572000", "researchAndDevelopment": "0", "operatingExpenses": "835164000", "investmentIncomeNet": "None", "netInterestIncome": "None", "interestIncome": "None", "interestExpense": "601044000", "nonInterestIncome": "None", "otherNonOperatingIncome": "-132810000", "depreciation": "None", "depreciationAndAmortization": "622592000", "incomeBeforeTax": "100827000", "incomeTaxExpense": "-100061000", "interestAndDebtExpense": "None", "netIncomeFromContinuingOperations": "200888000", "comprehensiveIncomeNetOfTax": "None", "ebit": "867691000", "ebitda": "1490283000", "netIncome": "188584000"}, {"fiscalDateEnding": "2011-12-31", "reportedCurrency": "USD", "grossProfit": "1444344000", "totalRevenue": "2032729000", "costOfRevenue": "588385000", "costofGoodsAndServicesSold": "588385000", "operatingIncome": "692305000", "sellingGeneralAndAdministrative": "173493000", "researchAndDevelopment": "0", "operatingExpenses": "726444000", "investmentIncomeNet": "None", "netInterestIncome": "None", "interestIncome": "None", "interestExpense": "507587000", "nonInterestIncome": "None", "otherNonOperatingIncome": "None", "depreciation": "None", "depreciationAndAmortization": "552951000", "incomeBeforeTax": "179807000", "incomeTaxExpense": "8347000", "interestAndDebtExpense": "None", "netIncomeFromContinuingOperations": "None", "comprehensiveIncomeNetOfTax": "None", "ebit": "718566000", "ebitda": "1271517000", "netIncome": "171077000"}, {"fiscalDateEnding": "2010-12-31", "reportedCurrency": "USD", "grossProfit": "1297281000", "totalRevenue": "1878658000", "costOfRevenue": "581377000", "costofGoodsAndServicesSold": "581377000", "operatingIncome": "575365000", "sellingGeneralAndAdministrative": "165356000", "researchAndDevelopment": "None", "operatingExpenses": "706127000", "investmentIncomeNet": "None", "netInterestIncome": "None", "interestIncome": "None", "interestExpense": "490269000", "nonInterestIncome": "None", "otherNonOperatingIncome": "-136766000", "depreciation": "None", "depreciationAndAmortization": "540771000", "incomeBeforeTax": "-338105000", "incomeTaxExpense": "-26846000", "interestAndDebtExpense": "None", "netIncomeFromContinuingOperations": "-311259000", "comprehensiveIncomeNetOfTax": "None", "ebit": "592755000", "ebitda": "1133526000", "netIncome": "-310940000"}, {"fiscalDateEnding": "2009-12-31", "reportedCurrency": "USD", "grossProfit": "1136039000", "totalRevenue": "1685407000", "costOfRevenue": "549368000", "costofGoodsAndServicesSold": "549368000", "operatingIncome": "433991000", "sellingGeneralAndAdministrative": "153072000", "researchAndDevelopment": "0", "operatingExpenses": "682811000", "investmentIncomeNet": "None", "netInterestIncome": "None", "interestIncome": "None", "interestExpense": "445882000", "nonInterestIncome": "None", "otherNonOperatingIncome": "None", "depreciation": "None", "depreciationAndAmortization": "529739000", "incomeBeforeTax": "-190523000", "incomeTaxExpense": "-76400000", "interestAndDebtExpense": "None", "netIncomeFromContinuingOperations": "None", "comprehensiveIncomeNetOfTax": "None", "ebit": "458641000", "ebitda": "988380000", "netIncome": "-114332000"}, {"fiscalDateEnding": "2008-12-31", "reportedCurrency": "USD", "grossProfit": "987929000", "totalRevenue": "1526504000", "costOfRevenue": "538575000", "costofGoodsAndServicesSold": "538575000", "operatingIncome": "292509000", "sellingGeneralAndAdministrative": "149586000", "researchAndDevelopment": "None", "operatingExpenses": "676028000", "investmentIncomeNet": "None", "netInterestIncome": "None", "interestIncome": "None", "interestExpense": "329284000", "nonInterestIncome": "None", "otherNonOperatingIncome": "None", "depreciation": "None", "depreciationAndAmortization": "526442000", "incomeBeforeTax": "-153219000", "incomeTaxExpense": "-104361000", "interestAndDebtExpense": "None", "netIncomeFromContinuingOperations": "None", "comprehensiveIncomeNetOfTax": "None", "ebit": "314002000", "ebitda": "840444000", "netIncome": "-48858000"}, {"fiscalDateEnding": "2007-12-31", "reportedCurrency": "USD", "grossProfit": "876402000", "totalRevenue": "1385486000", "costOfRevenue": "509084000", "costofGoodsAndServicesSold": "509084000", "operatingIncome": "99528000", "sellingGeneralAndAdministrative": "104532000", "researchAndDevelopment": "None", "operatingExpenses": "748265000", "investmentIncomeNet": "None", "netInterestIncome": "None", "interestIncome": "None", "interestExpense": "1629000", "nonInterestIncome": "None", "otherNonOperatingIncome": "None", "depreciation": "None", "depreciationAndAmortization": "560553000", "incomeBeforeTax": "-317003000", "incomeTaxExpense": "-94039000", "interestAndDebtExpense": "None", "netIncomeFromContinuingOperations": "None", "comprehensiveIncomeNetOfTax": "None", "ebit": "299290000", "ebitda": "859843000", "netIncome": "-222813000"}, {"fiscalDateEnding": "2006-12-31", "reportedCurrency": "USD", "grossProfit": "515260000", "totalRevenue": "788221000", "costOfRevenue": "272961000", "costofGoodsAndServicesSold": "272961000", "operatingIncome": "121427000", "sellingGeneralAndAdministrative": "95751000", "researchAndDevelopment": "8781000", "operatingExpenses": "383940000", "investmentIncomeNet": "None", "netInterestIncome": "None", "interestIncome": "None", "interestExpense": "1629000", "nonInterestIncome": "None", "otherNonOperatingIncome": "None", "depreciation": "None", "depreciationAndAmortization": "293844000", "incomeBeforeTax": "-48373000", "incomeTaxExpense": "843000", "interestAndDebtExpense": "None", "netIncomeFromContinuingOperations": "None", "comprehensiveIncomeNetOfTax": "None", "ebit": "150001000", "ebitda": "443845000", "netIncome": "-41893000"}, {"fiscalDateEnding": "2005-12-31", "reportedCurrency": "USD", "grossProfit": "424774000", "totalRevenue": "676759000", "costOfRevenue": "251985000", "costofGoodsAndServicesSold": "251985000", "operatingIncome": "22595000", "sellingGeneralAndAdministrative": "105763000", "researchAndDevelopment": "3896000", "operatingExpenses": "393702000", "investmentIncomeNet": "None", "netInterestIncome": "None", "interestIncome": "None", "interestExpense": "282443000", "nonInterestIncome": "None", "otherNonOperatingIncome": "None", "depreciation": "None", "depreciationAndAmortization": "287864000", "incomeBeforeTax": "-390129000", "incomeTaxExpense": "3225000", "interestAndDebtExpense": "None", "netIncomeFromContinuingOperations": "None", "comprehensiveIncomeNetOfTax": "None", "ebit": "324917000", "ebitda": "612781000", "netIncome": "-401537000"}], "quarterlyReports": [{"fiscalDateEnding": "2024-12-31", "reportedCurrency": "USD", "grossProfit": "1649000000", "totalRevenue": "1649000000", "costOfRevenue": "464000000", "costofGoodsAndServicesSold": "464000000", "operatingIncome": "-4505000000", "sellingGeneralAndAdministrative": "166000000", "researchAndDevelopment": "None", "operatingExpenses": "6154000000", "investmentIncomeNet": "None", "netInterestIncome": "-235000000", "interestIncome": "5000000", "interestExpense": "232000000", "nonInterestIncome": "None", "otherNonOperatingIncome": "None", "depreciation": "None", "depreciationAndAmortization": "437000000", "incomeBeforeTax": "-4763000000", "incomeTaxExpense": "5000000", "interestAndDebtExpense": "None", "netIncomeFromContinuingOperations": "-4768000000", "comprehensiveIncomeNetOfTax": "None", "ebit": "-4531000000", "ebitda": "-4094000000", "netIncome": "-4768000000"}, {"fiscalDateEnding": "2024-09-30", "reportedCurrency": "USD", "grossProfit": "1222000000", "totalRevenue": "1652000000", "costOfRevenue": "430000000", "costofGoodsAndServicesSold": "430000000", "operatingIncome": "544000000", "sellingGeneralAndAdministrative": "153000000", "researchAndDevelopment": "None", "operatingExpenses": "678000000", "investmentIncomeNet": "None", "netInterestIncome": "-230000000", "interestIncome": "6000000", "interestExpense": "228000000", "nonInterestIncome": "None", "otherNonOperatingIncome": "None", "depreciation": "None", "depreciationAndAmortization": "432000000", "incomeBeforeTax": "308000000", "incomeTaxExpense": "5000000", "interestAndDebtExpense": "None", "netIncomeFromContinuingOperations": "303000000", "comprehensiveIncomeNetOfTax": "None", "ebit": "536000000", "ebitda": "968000000", "netIncome": "303000000"}, {"fiscalDateEnding": "2024-06-30", "reportedCurrency": "USD", "grossProfit": "1167000000", "totalRevenue": "1626000000", "costOfRevenue": "459000000", "costofGoodsAndServicesSold": "459000000", "operatingIncome": "484000000", "sellingGeneralAndAdministrative": "204000000", "researchAndDevelopment": "None", "operatingExpenses": "683000000", "investmentIncomeNet": "None", "netInterestIncome": "-226000000", "interestIncome": "4000000", "interestExpense": "222000000", "nonInterestIncome": "None", "otherNonOperatingIncome": "None", "depreciation": "None", "depreciationAndAmortization": "430000000", "incomeBeforeTax": "258000000", "incomeTaxExpense": "7000000", "interestAndDebtExpense": "None", "netIncomeFromContinuingOperations": "251000000", "comprehensiveIncomeNetOfTax": "None", "ebit": "533000000", "ebitda": "963000000", "netIncome": "251000000"}, {"fiscalDateEnding": "2024-03-31", "reportedCurrency": "USD", "grossProfit": "1177000000", "totalRevenue": "1641000000", "costOfRevenue": "464000000", "costofGoodsAndServicesSold": "464000000", "operatingIncome": "538000000", "sellingGeneralAndAdministrative": "183000000", "researchAndDevelopment": "None", "operatingExpenses": "622000000", "investmentIncomeNet": "None", "netInterestIncome": "-222000000", "interestIncome": "4000000", "interestExpense": "218000000", "nonInterestIncome": "None", "otherNonOperatingIncome": "None", "depreciation": "None", "depreciationAndAmortization": "439000000", "incomeBeforeTax": "318000000", "incomeTaxExpense": "7000000", "interestAndDebtExpense": "None", "netIncomeFromContinuingOperations": "311000000", "comprehensiveIncomeNetOfTax": "None", "ebit": "555000000", "ebitda": "994000000", "netIncome": "311000000"}, {"fiscalDateEnding": "2023-12-31", "reportedCurrency": "USD", "grossProfit": "1221000000", "totalRevenue": "1674000000", "costOfRevenue": "453000000", "costofGoodsAndServicesSold": "453000000", "operatingIncome": "604000000", "sellingGeneralAndAdministrative": "178000000", "researchAndDevelopment": "None", "operatingExpenses": "635000000", "investmentIncomeNet": "None", "netInterestIncome": "-218000000", "interestIncome": "5000000", "interestExpense": "216000000", "nonInterestIncome": "None", "otherNonOperatingIncome": "None", "depreciation": "None", "depreciationAndAmortization": "394000000", "incomeBeforeTax": "368000000", "incomeTaxExpense": "5000000", "interestAndDebtExpense": "None", "netIncomeFromContinuingOperations": "363000000", "comprehensiveIncomeNetOfTax": "None", "ebit": "604000000", "ebitda": "998000000", "netIncome": "363000000"}, {"fiscalDateEnding": "2023-09-30", "reportedCurrency": "USD", "grossProfit": "1181000000", "totalRevenue": "1667000000", "costOfRevenue": "486000000", "costofGoodsAndServicesSold": "486000000", "operatingIncome": "566000000", "sellingGeneralAndAdministrative": "176000000", "researchAndDevelopment": "None", "operatingExpenses": "695000000", "investmentIncomeNet": "None", "netInterestIncome": "-214000000", "interestIncome": "214000000", "interestExpense": "209000000", "nonInterestIncome": "None", "otherNonOperatingIncome": "None", "depreciation": "None", "depreciationAndAmortization": "439000000", "incomeBeforeTax": "272000000", "incomeTaxExpense": "7000000", "interestAndDebtExpense": "None", "netIncomeFromContinuingOperations": "265000000", "comprehensiveIncomeNetOfTax": "None", "ebit": "566000000", "ebitda": "1005000000", "netIncome": "265000000"}, {"fiscalDateEnding": "2023-06-30", "reportedCurrency": "USD", "grossProfit": "1345000000", "totalRevenue": "1867000000", "costOfRevenue": "522000000", "costofGoodsAndServicesSold": "522000000", "operatingIncome": "667000000", "sellingGeneralAndAdministrative": "210000000", "researchAndDevelopment": "None", "operatingExpenses": "655000000", "investmentIncomeNet": "None", "netInterestIncome": "-203000000", "interestIncome": "5000000", "interestExpense": "201000000", "nonInterestIncome": "None", "otherNonOperatingIncome": "3000000", "depreciation": "None", "depreciationAndAmortization": "464000000", "incomeBeforeTax": "462000000", "incomeTaxExpense": "7000000", "interestAndDebtExpense": "None", "netIncomeFromContinuingOperations": "455000000", "comprehensiveIncomeNetOfTax": "None", "ebit": "667000000", "ebitda": "1131000000", "netIncome": "455000000"}, {"fiscalDateEnding": "2023-03-31", "reportedCurrency": "USD", "grossProfit": "1254000000", "totalRevenue": "1773000000", "costOfRevenue": "519000000", "costofGoodsAndServicesSold": "519000000", "operatingIncome": "628000000", "sellingGeneralAndAdministrative": "195000000", "researchAndDevelopment": "None", "operatingExpenses": "626000000", "investmentIncomeNet": "None", "netInterestIncome": "-200000000", "interestIncome": "2000000", "interestExpense": "195000000", "nonInterestIncome": "None", "otherNonOperatingIncome": "-1000000", "depreciation": "None", "depreciationAndAmortization": "423000000", "incomeBeforeTax": "425000000", "incomeTaxExpense": "7000000", "interestAndDebtExpense": "None", "netIncomeFromContinuingOperations": "418000000", "comprehensiveIncomeNetOfTax": "None", "ebit": "628000000", "ebitda": "1051000000", "netIncome": "418000000"}, {"fiscalDateEnding": "2022-12-31", "reportedCurrency": "USD", "grossProfit": "1242000000", "totalRevenue": "1764000000", "costOfRevenue": "522000000", "costofGoodsAndServicesSold": "522000000", "operatingIncome": "610000000", "sellingGeneralAndAdministrative": "192000000", "researchAndDevelopment": "None", "operatingExpenses": "623000000", "investmentIncomeNet": "None", "netInterestIncome": "-190000000", "interestIncome": "190000000", "interestExpense": "186000000", "nonInterestIncome": "None", "otherNonOperatingIncome": "-5000000", "depreciation": "None", "depreciationAndAmortization": "431000000", "incomeBeforeTax": "415000000", "incomeTaxExpense": "2000000", "interestAndDebtExpense": "None", "netIncomeFromContinuingOperations": "413000000", "comprehensiveIncomeNetOfTax": "None", "ebit": "610000000", "ebitda": "1041000000", "netIncome": "414000000"}, {"fiscalDateEnding": "2022-09-30", "reportedCurrency": "USD", "grossProfit": "1222000000", "totalRevenue": "1746000000", "costOfRevenue": "524000000", "costofGoodsAndServicesSold": "524000000", "operatingIncome": "602000000", "sellingGeneralAndAdministrative": "187000000", "researchAndDevelopment": "None", "operatingExpenses": "617000000", "investmentIncomeNet": "None", "netInterestIncome": "-176000000", "interestIncome": "176000000", "interestExpense": "171000000", "nonInterestIncome": "None", "otherNonOperatingIncome": "-2000000", "depreciation": "None", "depreciationAndAmortization": "426000000", "incomeBeforeTax": "422000000", "incomeTaxExpense": "3000000", "interestAndDebtExpense": "None", "netIncomeFromContinuingOperations": "419000000", "comprehensiveIncomeNetOfTax": "None", "ebit": "602000000", "ebitda": "1028000000", "netIncome": "419000000"}, {"fiscalDateEnding": "2022-06-30", "reportedCurrency": "USD", "grossProfit": "1220000000", "totalRevenue": "1734000000", "costOfRevenue": "514000000", "costofGoodsAndServicesSold": "514000000", "operatingIncome": "593000000", "sellingGeneralAndAdministrative": "190000000", "researchAndDevelopment": "None", "operatingExpenses": "617000000", "investmentIncomeNet": "None", "netInterestIncome": "-165000000", "interestIncome": "165000000", "interestExpense": "158000000", "nonInterestIncome": "None", "otherNonOperatingIncome": "-2000000", "depreciation": "None", "depreciationAndAmortization": "428000000", "incomeBeforeTax": "426000000", "incomeTaxExpense": "5000000", "interestAndDebtExpense": "None", "netIncomeFromContinuingOperations": "421000000", "comprehensiveIncomeNetOfTax": "None", "ebit": "593000000", "ebitda": "1021000000", "netIncome": "421000000"}, {"fiscalDateEnding": "2022-03-31", "reportedCurrency": "USD", "grossProfit": "1233000000", "totalRevenue": "1742000000", "costOfRevenue": "509000000", "costofGoodsAndServicesSold": "509000000", "operatingIncome": "618000000", "sellingGeneralAndAdministrative": "181000000", "researchAndDevelopment": "None", "operatingExpenses": "601000000", "investmentIncomeNet": "None", "netInterestIncome": "-164000000", "interestIncome": "164000000", "interestExpense": "157000000", "nonInterestIncome": "None", "otherNonOperatingIncome": "-26000000", "depreciation": "None", "depreciationAndAmortization": "426000000", "incomeBeforeTax": "427000000", "incomeTaxExpense": "6000000", "interestAndDebtExpense": "None", "netIncomeFromContinuingOperations": "421000000", "comprehensiveIncomeNetOfTax": "None", "ebit": "618000000", "ebitda": "1044000000", "netIncome": "421000000"}, {"fiscalDateEnding": "2021-12-31", "reportedCurrency": "USD", "grossProfit": "1129000000", "totalRevenue": "1654000000", "costOfRevenue": "525000000", "costofGoodsAndServicesSold": "525000000", "operatingIncome": "522000000", "sellingGeneralAndAdministrative": "180000000", "researchAndDevelopment": "None", "operatingExpenses": "595000000", "investmentIncomeNet": "None", "netInterestIncome": "-164000000", "interestIncome": "164000000", "interestExpense": "158000000", "nonInterestIncome": "None", "otherNonOperatingIncome": "-20000000", "depreciation": "None", "depreciationAndAmortization": "415000000", "incomeBeforeTax": "354000000", "incomeTaxExpense": "1000000", "interestAndDebtExpense": "None", "netIncomeFromContinuingOperations": "353000000", "comprehensiveIncomeNetOfTax": "None", "ebit": "524000000", "ebitda": "939000000", "netIncome": "353000000"}, {"fiscalDateEnding": "2021-09-30", "reportedCurrency": "USD", "grossProfit": "1106000000", "totalRevenue": "1618000000", "costOfRevenue": "512000000", "costofGoodsAndServicesSold": "512000000", "operatingIncome": "526000000", "sellingGeneralAndAdministrative": "167000000", "researchAndDevelopment": "None", "operatingExpenses": "580000000", "investmentIncomeNet": "None", "netInterestIncome": "-163000000", "interestIncome": "163000000", "interestExpense": "157000000", "nonInterestIncome": "None", "otherNonOperatingIncome": "-1000000", "depreciation": "None", "depreciationAndAmortization": "413000000", "incomeBeforeTax": "358000000", "incomeTaxExpense": "7000000", "interestAndDebtExpense": "None", "netIncomeFromContinuingOperations": "351000000", "comprehensiveIncomeNetOfTax": "None", "ebit": "516000000", "ebitda": "929000000", "netIncome": "351000000"}, {"fiscalDateEnding": "2021-06-30", "reportedCurrency": "USD", "grossProfit": "1089000000", "totalRevenue": "1583000000", "costOfRevenue": "494000000", "costofGoodsAndServicesSold": "494000000", "operatingIncome": "505000000", "sellingGeneralAndAdministrative": "169000000", "researchAndDevelopment": "None", "operatingExpenses": "577000000", "investmentIncomeNet": "None", "netInterestIncome": "-160000000", "interestIncome": "1000000", "interestExpense": "154000000", "nonInterestIncome": "None", "otherNonOperatingIncome": "-1000000", "depreciation": "None", "depreciationAndAmortization": "408000000", "incomeBeforeTax": "339000000", "incomeTaxExpense": "6000000", "interestAndDebtExpense": "None", "netIncomeFromContinuingOperations": "333000000", "comprehensiveIncomeNetOfTax": "None", "ebit": "501000000", "ebitda": "909000000", "netIncome": "334000000"}, {"fiscalDateEnding": "2021-03-31", "reportedCurrency": "USD", "grossProfit": "1023000000", "totalRevenue": "1485000000", "costOfRevenue": "462000000", "costofGoodsAndServicesSold": "462000000", "operatingIncome": "448000000", "sellingGeneralAndAdministrative": "164000000", "researchAndDevelopment": "None", "operatingExpenses": "572000000", "investmentIncomeNet": "None", "netInterestIncome": "-169000000", "interestIncome": "169000000", "interestExpense": "167000000", "nonInterestIncome": "None", "otherNonOperatingIncome": "-143000000", "depreciation": "None", "depreciationAndAmortization": "408000000", "incomeBeforeTax": "128000000", "incomeTaxExpense": "7000000", "interestAndDebtExpense": "None", "netIncomeFromContinuingOperations": "121000000", "comprehensiveIncomeNetOfTax": "None", "ebit": "441000000", "ebitda": "849000000", "netIncome": "121000000"}, {"fiscalDateEnding": "2020-12-31", "reportedCurrency": "USD", "grossProfit": "969000000", "totalRevenue": "1493000000", "costOfRevenue": "524000000", "costofGoodsAndServicesSold": "524000000", "operatingIncome": "680000000", "sellingGeneralAndAdministrative": "678000000", "researchAndDevelopment": "None", "operatingExpenses": "224000000", "investmentIncomeNet": "None", "netInterestIncome": "-167000000", "interestIncome": "168000000", "interestExpense": "161000000", "nonInterestIncome": "None", "otherNonOperatingIncome": "-2000000", "depreciation": "None", "depreciationAndAmortization": "401000000", "incomeBeforeTax": "513000000", "incomeTaxExpense": "5000000", "interestAndDebtExpense": "None", "netIncomeFromContinuingOperations": "1854000000", "comprehensiveIncomeNetOfTax": "None", "ebit": "739000000", "ebitda": "1140000000", "netIncome": "508000000"}, {"fiscalDateEnding": "2020-09-30", "reportedCurrency": "USD", "grossProfit": "999000000", "totalRevenue": "1486000000", "costOfRevenue": "487000000", "costofGoodsAndServicesSold": "487000000", "operatingIncome": "434000000", "sellingGeneralAndAdministrative": "154000000", "researchAndDevelopment": "None", "operatingExpenses": "560000000", "investmentIncomeNet": "None", "netInterestIncome": "-168000000", "interestIncome": "168000000", "interestExpense": "162000000", "nonInterestIncome": "None", "otherNonOperatingIncome": "-98000000", "depreciation": "None", "depreciationAndAmortization": "406000000", "incomeBeforeTax": "168000000", "incomeTaxExpense": "5000000", "interestAndDebtExpense": "None", "netIncomeFromContinuingOperations": "173000000", "comprehensiveIncomeNetOfTax": "None", "ebit": "430000000", "ebitda": "836000000", "netIncome": "163000000"}, {"fiscalDateEnding": "2020-06-30", "reportedCurrency": "USD", "grossProfit": "954000000", "totalRevenue": "1440000000", "costOfRevenue": "486000000", "costofGoodsAndServicesSold": "486000000", "operatingIncome": "383000000", "sellingGeneralAndAdministrative": "164000000", "researchAndDevelopment": "None", "operatingExpenses": "566000000", "investmentIncomeNet": "None", "netInterestIncome": "-177000000", "interestIncome": "1000000", "interestExpense": "176000000", "nonInterestIncome": "None", "otherNonOperatingIncome": "1000000", "depreciation": "None", "depreciationAndAmortization": "402000000", "incomeBeforeTax": "206000000", "incomeTaxExpense": "6000000", "interestAndDebtExpense": "None", "netIncomeFromContinuingOperations": "212000000", "comprehensiveIncomeNetOfTax": "None", "ebit": "387000000", "ebitda": "789000000", "netIncome": "200000000"}, {"fiscalDateEnding": "2020-03-31", "reportedCurrency": "USD", "grossProfit": "947000000", "totalRevenue": "1421000000", "costOfRevenue": "474000000", "costofGoodsAndServicesSold": "474000000", "operatingIncome": "364000000", "sellingGeneralAndAdministrative": "175000000", "researchAndDevelopment": "None", "operatingExpenses": "574000000", "investmentIncomeNet": "None", "netInterestIncome": "-174000000", "interestIncome": "1000000", "interestExpense": "174000000", "nonInterestIncome": "None", "otherNonOperatingIncome": "1000000", "depreciation": "None", "depreciationAndAmortization": "399000000", "incomeBeforeTax": "190000000", "incomeTaxExpense": "5000000", "interestAndDebtExpense": "None", "netIncomeFromContinuingOperations": "195000000", "comprehensiveIncomeNetOfTax": "None", "ebit": "373000000", "ebitda": "772000000", "netIncome": "185000000"}, {"fiscalDateEnding": "2019-12-31", "reportedCurrency": "USD", "grossProfit": "943000000", "totalRevenue": "1429000000", "costOfRevenue": "486000000", "costofGoodsAndServicesSold": "486000000", "operatingIncome": "379000000", "sellingGeneralAndAdministrative": "457000000", "researchAndDevelopment": "None", "operatingExpenses": "555000000", "investmentIncomeNet": "None", "netInterestIncome": "-172000000", "interestIncome": "1000000", "interestExpense": "173000000", "nonInterestIncome": "None", "otherNonOperatingIncome": "8000000", "depreciation": "None", "depreciationAndAmortization": "398000000", "incomeBeforeTax": "214000000", "incomeTaxExpense": "6000000", "interestAndDebtExpense": "None", "netIncomeFromContinuingOperations": "1468000000", "comprehensiveIncomeNetOfTax": "None", "ebit": "396000000", "ebitda": "794000000", "netIncome": "208000000"}, {"fiscalDateEnding": "2019-09-30", "reportedCurrency": "USD", "grossProfit": "998000000", "totalRevenue": "1514000000", "costOfRevenue": "516000000", "costofGoodsAndServicesSold": "516000000", "operatingIncome": "453000000", "sellingGeneralAndAdministrative": "150000000", "researchAndDevelopment": "None", "operatingExpenses": "539000000", "investmentIncomeNet": "None", "netInterestIncome": "-171000000", "interestIncome": "2000000", "interestExpense": "173000000", "nonInterestIncome": "None", "otherNonOperatingIncome": "-3000000", "depreciation": "None", "depreciationAndAmortization": "389000000", "incomeBeforeTax": "277000000", "incomeTaxExpense": "5000000", "interestAndDebtExpense": "None", "netIncomeFromContinuingOperations": "282000000", "comprehensiveIncomeNetOfTax": "None", "ebit": "456000000", "ebitda": "845000000", "netIncome": "272000000"}, {"fiscalDateEnding": "2019-06-30", "reportedCurrency": "USD", "grossProfit": "975000000", "totalRevenue": "1478000000", "costOfRevenue": "503000000", "costofGoodsAndServicesSold": "503000000", "operatingIncome": "419000000", "sellingGeneralAndAdministrative": "155000000", "researchAndDevelopment": "None", "operatingExpenses": "548000000", "investmentIncomeNet": "None", "netInterestIncome": "-168000000", "interestIncome": "1000000", "interestExpense": "169000000", "nonInterestIncome": "None", "otherNonOperatingIncome": "None", "depreciation": "None", "depreciationAndAmortization": "393000000", "incomeBeforeTax": "250000000", "incomeTaxExpense": "4000000", "interestAndDebtExpense": "None", "netIncomeFromContinuingOperations": "254000000", "comprehensiveIncomeNetOfTax": "None", "ebit": "428000000", "ebitda": "821000000", "netIncome": "246000000"}, {"fiscalDateEnding": "2019-03-31", "reportedCurrency": "USD", "grossProfit": "940000000", "totalRevenue": "1426000000", "costOfRevenue": "486000000", "costofGoodsAndServicesSold": "486000000", "operatingIncome": "384000000", "sellingGeneralAndAdministrative": "152000000", "researchAndDevelopment": "None", "operatingExpenses": "546000000", "investmentIncomeNet": "None", "netInterestIncome": "-166000000", "interestIncome": "166000000", "interestExpense": "167000000", "nonInterestIncome": "None", "otherNonOperatingIncome": "None", "depreciation": "None", "depreciationAndAmortization": "394000000", "incomeBeforeTax": "216000000", "incomeTaxExpense": "6000000", "interestAndDebtExpense": "None", "netIncomeFromContinuingOperations": "222000000", "comprehensiveIncomeNetOfTax": "None", "ebit": "394000000", "ebitda": "788000000", "netIncome": "210000000"}, {"fiscalDateEnding": "2018-12-31", "reportedCurrency": "USD", "grossProfit": "931000000", "totalRevenue": "1419000000", "costOfRevenue": "488000000", "costofGoodsAndServicesSold": "488000000", "operatingIncome": "379000000", "sellingGeneralAndAdministrative": "145000000", "researchAndDevelopment": "0", "operatingExpenses": "535000000", "investmentIncomeNet": "None", "netInterestIncome": "None", "interestIncome": "None", "interestExpense": "162000000", "nonInterestIncome": "None", "otherNonOperatingIncome": "3000000", "depreciation": "None", "depreciationAndAmortization": "390000000", "incomeBeforeTax": "218000000", "incomeTaxExpense": "5000000", "interestAndDebtExpense": "None", "netIncomeFromContinuingOperations": "195000000", "comprehensiveIncomeNetOfTax": "None", "ebit": "397000000", "ebitda": "787000000", "netIncome": "213000000"}, {"fiscalDateEnding": "2018-09-30", "reportedCurrency": "USD", "grossProfit": "901000000", "totalRevenue": "1375000000", "costOfRevenue": "474000000", "costofGoodsAndServicesSold": "474000000", "operatingIncome": "359000000", "sellingGeneralAndAdministrative": "145000000", "researchAndDevelopment": "0", "operatingExpenses": "530000000", "investmentIncomeNet": "None", "netInterestIncome": "None", "interestIncome": "None", "interestExpense": "158000000", "nonInterestIncome": "None", "otherNonOperatingIncome": "-30000000", "depreciation": "None", "depreciationAndAmortization": "385000000", "incomeBeforeTax": "169000000", "incomeTaxExpense": "5000000", "interestAndDebtExpense": "None", "netIncomeFromContinuingOperations": "164000000", "comprehensiveIncomeNetOfTax": "None", "ebit": "371000000", "ebitda": "756000000", "netIncome": "164000000"}, {"fiscalDateEnding": "2018-06-30", "reportedCurrency": "USD", "grossProfit": "876000000", "totalRevenue": "1330000000", "costOfRevenue": "454000000", "costofGoodsAndServicesSold": "454000000", "operatingIncome": "345000000", "sellingGeneralAndAdministrative": "138000000", "researchAndDevelopment": "0", "operatingExpenses": "517000000", "investmentIncomeNet": "None", "netInterestIncome": "None", "interestIncome": "None", "interestExpense": "157000000", "nonInterestIncome": "None", "otherNonOperatingIncome": "-2000000", "depreciation": "None", "depreciationAndAmortization": "379000000", "incomeBeforeTax": "185000000", "incomeTaxExpense": "5000000", "interestAndDebtExpense": "None", "netIncomeFromContinuingOperations": "190000000", "comprehensiveIncomeNetOfTax": "None", "ebit": "359000000", "ebitda": "738000000", "netIncome": "180000000"}, {"fiscalDateEnding": "2018-03-31", "reportedCurrency": "USD", "grossProfit": "866000000", "totalRevenue": "1299000000", "costOfRevenue": "433000000", "costofGoodsAndServicesSold": "433000000", "operatingIncome": "349000000", "sellingGeneralAndAdministrative": "134000000", "researchAndDevelopment": "0", "operatingExpenses": "508000000", "investmentIncomeNet": "None", "netInterestIncome": "None", "interestIncome": "None", "interestExpense": "158000000", "nonInterestIncome": "None", "otherNonOperatingIncome": "-71000000", "depreciation": "None", "depreciationAndAmortization": "374000000", "incomeBeforeTax": "118000000", "incomeTaxExpense": "4000000", "interestAndDebtExpense": "None", "netIncomeFromContinuingOperations": "122000000", "comprehensiveIncomeNetOfTax": "None", "ebit": "356000000", "ebitda": "730000000", "netIncome": "114000000"}, {"fiscalDateEnding": "2017-12-31", "reportedCurrency": "USD", "grossProfit": "799495000", "totalRevenue": "1238090000", "costOfRevenue": "438595000", "costofGoodsAndServicesSold": "438595000", "operatingIncome": "268429000", "sellingGeneralAndAdministrative": "127466000", "researchAndDevelopment": "0", "operatingExpenses": "489677000", "investmentIncomeNet": "None", "netInterestIncome": "None", "interestIncome": "None", "interestExpense": "158549000", "nonInterestIncome": "None", "otherNonOperatingIncome": "4708000", "depreciation": "None", "depreciationAndAmortization": "362211000", "incomeBeforeTax": "112857000", "incomeTaxExpense": "14753000", "interestAndDebtExpense": "None", "netIncomeFromContinuingOperations": "127610000", "comprehensiveIncomeNetOfTax": "None", "ebit": "312795000", "ebitda": "675006000", "netIncome": "98104000"}, {"fiscalDateEnding": "2017-09-30", "reportedCurrency": "USD", "grossProfit": "675864000", "totalRevenue": "1063238000", "costOfRevenue": "387374000", "costofGoodsAndServicesSold": "387374000", "operatingIncome": "260567000", "sellingGeneralAndAdministrative": "100772000", "researchAndDevelopment": "0", "operatingExpenses": "396805000", "investmentIncomeNet": "None", "netInterestIncome": "None", "interestIncome": "None", "interestExpense": "151765000", "nonInterestIncome": "None", "otherNonOperatingIncome": "11156000", "depreciation": "None", "depreciationAndAmortization": "296033000", "incomeBeforeTax": "117577000", "incomeTaxExpense": "2383000", "interestAndDebtExpense": "None", "netIncomeFromContinuingOperations": "119960000", "comprehensiveIncomeNetOfTax": "None", "ebit": "287834000", "ebitda": "583867000", "netIncome": "115194000"}, {"fiscalDateEnding": "2017-06-30", "reportedCurrency": "USD", "grossProfit": "664428000", "totalRevenue": "1038335000", "costOfRevenue": "373907000", "costofGoodsAndServicesSold": "373907000", "operatingIncome": "258500000", "sellingGeneralAndAdministrative": "97736000", "researchAndDevelopment": "0", "operatingExpenses": "393351000", "investmentIncomeNet": "None", "netInterestIncome": "None", "interestIncome": "None", "interestExpense": "139349000", "nonInterestIncome": "None", "otherNonOperatingIncome": "-79000", "depreciation": "None", "depreciationAndAmortization": "295615000", "incomeBeforeTax": "116652000", "incomeTaxExpense": "4538000", "interestAndDebtExpense": "None", "netIncomeFromContinuingOperations": "121190000", "comprehensiveIncomeNetOfTax": "None", "ebit": "268578000", "ebitda": "564193000", "netIncome": "112114000"}, {"fiscalDateEnding": "2017-03-31", "reportedCurrency": "USD", "grossProfit": "652117000", "totalRevenue": "1015942000", "costOfRevenue": "363825000", "costofGoodsAndServicesSold": "363825000", "operatingIncome": "256549000", "sellingGeneralAndAdministrative": "100724000", "researchAndDevelopment": "0", "operatingExpenses": "389273000", "investmentIncomeNet": "None", "netInterestIncome": "None", "interestIncome": "None", "interestExpense": "131651000", "nonInterestIncome": "None", "otherNonOperatingIncome": "1445000", "depreciation": "None", "depreciationAndAmortization": "288549000", "incomeBeforeTax": "123507000", "incomeTaxExpense": "4369000", "interestAndDebtExpense": "None", "netIncomeFromContinuingOperations": "127876000", "comprehensiveIncomeNetOfTax": "None", "ebit": "264978000", "ebitda": "553527000", "netIncome": "119138000"}, {"fiscalDateEnding": "2016-12-31", "reportedCurrency": "USD", "grossProfit": "640184000", "totalRevenue": "1032416000", "costOfRevenue": "392232000", "costofGoodsAndServicesSold": "392232000", "operatingIncome": "262040000", "sellingGeneralAndAdministrative": "92122000", "researchAndDevelopment": "0", "operatingExpenses": "365948000", "investmentIncomeNet": "None", "netInterestIncome": "None", "interestIncome": "None", "interestExpense": "126336000", "nonInterestIncome": "None", "otherNonOperatingIncome": "None", "depreciation": "None", "depreciationAndAmortization": "273826000", "incomeBeforeTax": "128794000", "incomeTaxExpense": "4084000", "interestAndDebtExpense": "None", "netIncomeFromContinuingOperations": "315827000", "comprehensiveIncomeNetOfTax": "None", "ebit": "267326000", "ebitda": "541152000", "netIncome": "124710000"}, {"fiscalDateEnding": "2016-09-30", "reportedCurrency": "USD", "grossProfit": "626038000", "totalRevenue": "992016000", "costOfRevenue": "365978000", "costofGoodsAndServicesSold": "365978000", "operatingIncome": "244254000", "sellingGeneralAndAdministrative": "89941000", "researchAndDevelopment": "0", "operatingExpenses": "370765000", "investmentIncomeNet": "None", "netInterestIncome": "None", "interestIncome": "None", "interestExpense": "126616000", "nonInterestIncome": "None", "otherNonOperatingIncome": "-10931000", "depreciation": "None", "depreciationAndAmortization": "280824000", "incomeBeforeTax": "103407000", "incomeTaxExpense": "5041000", "interestAndDebtExpense": "None", "netIncomeFromContinuingOperations": "108448000", "comprehensiveIncomeNetOfTax": "None", "ebit": "251316000", "ebitda": "532140000", "netIncome": "98366000"}, {"fiscalDateEnding": "2016-06-30", "reportedCurrency": "USD", "grossProfit": "613690000", "totalRevenue": "962409000", "costOfRevenue": "348719000", "costofGoodsAndServicesSold": "348719000", "operatingIncome": "231185000", "sellingGeneralAndAdministrative": "91386000", "researchAndDevelopment": "0", "operatingExpenses": "367412000", "investmentIncomeNet": "None", "netInterestIncome": "None", "interestIncome": "None", "interestExpense": "125580000", "nonInterestIncome": "None", "otherNonOperatingIncome": "-11881000", "depreciation": "None", "depreciationAndAmortization": "276026000", "incomeBeforeTax": "89942000", "incomeTaxExpense": "3884000", "interestAndDebtExpense": "None", "netIncomeFromContinuingOperations": "93826000", "comprehensiveIncomeNetOfTax": "None", "ebit": "242083000", "ebitda": "518109000", "netIncome": "86058000"}, {"fiscalDateEnding": "2016-03-31", "reportedCurrency": "USD", "grossProfit": "600792000", "totalRevenue": "934384000", "costOfRevenue": "333592000", "costofGoodsAndServicesSold": "333592000", "operatingIncome": "211739000", "sellingGeneralAndAdministrative": "97581000", "researchAndDevelopment": "0", "operatingExpenses": "375456000", "investmentIncomeNet": "None", "netInterestIncome": "None", "interestIncome": "None", "interestExpense": "122167000", "nonInterestIncome": "None", "otherNonOperatingIncome": "-33649000", "depreciation": "None", "depreciationAndAmortization": "277875000", "incomeBeforeTax": "51712000", "incomeTaxExpense": "3872000", "interestAndDebtExpense": "None", "netIncomeFromContinuingOperations": "55584000", "comprehensiveIncomeNetOfTax": "None", "ebit": "218026000", "ebitda": "495901000", "netIncome": "47840000"}, {"fiscalDateEnding": "2015-12-31", "reportedCurrency": "USD", "grossProfit": "603830000", "totalRevenue": "945836000", "costOfRevenue": "342006000", "costofGoodsAndServicesSold": "342006000", "operatingIncome": "229736000", "sellingGeneralAndAdministrative": "87042000", "researchAndDevelopment": "0", "operatingExpenses": "356600000", "investmentIncomeNet": "None", "netInterestIncome": "None", "interestIncome": "None", "interestExpense": "123731000", "nonInterestIncome": "None", "otherNonOperatingIncome": "None", "depreciation": "None", "depreciationAndAmortization": "269557000", "incomeBeforeTax": "100644000", "incomeTaxExpense": "-42077000", "interestAndDebtExpense": "None", "netIncomeFromContinuingOperations": "525286000", "comprehensiveIncomeNetOfTax": "None", "ebit": "241870000", "ebitda": "511427000", "netIncome": "141062000"}, {"fiscalDateEnding": "2015-09-30", "reportedCurrency": "USD", "grossProfit": "584248000", "totalRevenue": "918107000", "costOfRevenue": "333859000", "costofGoodsAndServicesSold": "333859000", "operatingIncome": "230802000", "sellingGeneralAndAdministrative": "76699000", "researchAndDevelopment": "0", "operatingExpenses": "338361000", "investmentIncomeNet": "None", "netInterestIncome": "None", "interestIncome": "None", "interestExpense": "120682000", "nonInterestIncome": "None", "otherNonOperatingIncome": "None", "depreciation": "None", "depreciationAndAmortization": "261662000", "incomeBeforeTax": "100500000", "incomeTaxExpense": "-3801000", "interestAndDebtExpense": "None", "netIncomeFromContinuingOperations": "0", "comprehensiveIncomeNetOfTax": "None", "ebit": "240011000", "ebitda": "501673000", "netIncome": "103779000"}, {"fiscalDateEnding": "2015-06-30", "reportedCurrency": "USD", "grossProfit": "573006000", "totalRevenue": "899437000", "costOfRevenue": "326431000", "costofGoodsAndServicesSold": "326431000", "operatingIncome": "240731000", "sellingGeneralAndAdministrative": "73125000", "researchAndDevelopment": "0", "operatingExpenses": "326278000", "investmentIncomeNet": "None", "netInterestIncome": "None", "interestIncome": "None", "interestExpense": "122017000", "nonInterestIncome": "None", "otherNonOperatingIncome": "56117000", "depreciation": "None", "depreciationAndAmortization": "246899000", "incomeBeforeTax": "162382000", "incomeTaxExpense": "-4144000", "interestAndDebtExpense": "None", "netIncomeFromContinuingOperations": "158238000", "comprehensiveIncomeNetOfTax": "None", "ebit": "248542000", "ebitda": "495441000", "netIncome": "1153360000"}, {"fiscalDateEnding": "2015-03-31", "reportedCurrency": "USD", "grossProfit": "611143000", "totalRevenue": "941001000", "costOfRevenue": "329858000", "costofGoodsAndServicesSold": "329858000", "operatingIncome": "262954000", "sellingGeneralAndAdministrative": "79487000", "researchAndDevelopment": "0", "operatingExpenses": "337547000", "investmentIncomeNet": "None", "netInterestIncome": "None", "interestIncome": "None", "interestExpense": "121822000", "nonInterestIncome": "None", "otherNonOperatingIncome": "-121000", "depreciation": "None", "depreciationAndAmortization": "258060000", "incomeBeforeTax": "128394000", "incomeTaxExpense": "3282000", "interestAndDebtExpense": "None", "netIncomeFromContinuingOperations": "125112000", "comprehensiveIncomeNetOfTax": "None", "ebit": "268349000", "ebitda": "526409000", "netIncome": "122787000"}, {"fiscalDateEnding": "2014-12-31", "reportedCurrency": "USD", "grossProfit": "602619000", "totalRevenue": "967564000", "costOfRevenue": "364945000", "costofGoodsAndServicesSold": "364945000", "operatingIncome": "261530000", "sellingGeneralAndAdministrative": "77299000", "researchAndDevelopment": "0", "operatingExpenses": "331075000", "investmentIncomeNet": "None", "netInterestIncome": "None", "interestIncome": "None", "interestExpense": "120653000", "nonInterestIncome": "None", "otherNonOperatingIncome": "None", "depreciation": "None", "depreciationAndAmortization": "253776000", "incomeBeforeTax": "141861000", "incomeTaxExpense": "-10726000", "interestAndDebtExpense": "None", "netIncomeFromContinuingOperations": "346314000", "comprehensiveIncomeNetOfTax": "None", "ebit": "287781000", "ebitda": "541557000", "netIncome": "148070000"}, {"fiscalDateEnding": "2014-09-30", "reportedCurrency": "USD", "grossProfit": "585892000", "totalRevenue": "930025000", "costOfRevenue": "344133000", "costofGoodsAndServicesSold": "344133000", "operatingIncome": "250292000", "sellingGeneralAndAdministrative": "71395000", "researchAndDevelopment": "0", "operatingExpenses": "326257000", "investmentIncomeNet": "None", "netInterestIncome": "None", "interestIncome": "None", "interestExpense": "120558000", "nonInterestIncome": "None", "otherNonOperatingIncome": "-486000", "depreciation": "None", "depreciationAndAmortization": "254862000", "incomeBeforeTax": "108519000", "incomeTaxExpense": "482000", "interestAndDebtExpense": "None", "netIncomeFromContinuingOperations": "108037000", "comprehensiveIncomeNetOfTax": "None", "ebit": "253971000", "ebitda": "508833000", "netIncome": "106937000"}, {"fiscalDateEnding": "2014-06-30", "reportedCurrency": "USD", "grossProfit": "575907000", "totalRevenue": "916345000", "costOfRevenue": "340438000", "costofGoodsAndServicesSold": "340438000", "operatingIncome": "230186000", "sellingGeneralAndAdministrative": "69153000", "researchAndDevelopment": "0", "operatingExpenses": "323388000", "investmentIncomeNet": "None", "netInterestIncome": "None", "interestIncome": "None", "interestExpense": "123034000", "nonInterestIncome": "None", "otherNonOperatingIncome": "-50503000", "depreciation": "None", "depreciationAndAmortization": "254235000", "incomeBeforeTax": "35149000", "incomeTaxExpense": "-208000", "interestAndDebtExpense": "None", "netIncomeFromContinuingOperations": "35357000", "comprehensiveIncomeNetOfTax": "None", "ebit": "241307000", "ebitda": "495542000", "netIncome": "34009000"}, {"fiscalDateEnding": "2014-03-31", "reportedCurrency": "USD", "grossProfit": "575000000", "totalRevenue": "875950000", "costOfRevenue": "300950000", "costofGoodsAndServicesSold": "300950000", "operatingIncome": "251568000", "sellingGeneralAndAdministrative": "64849000", "researchAndDevelopment": "0", "operatingExpenses": "315040000", "investmentIncomeNet": "None", "netInterestIncome": "None", "interestIncome": "None", "interestExpense": "124564000", "nonInterestIncome": "None", "otherNonOperatingIncome": "-2563000", "depreciation": "None", "depreciationAndAmortization": "250191000", "incomeBeforeTax": "102605000", "incomeTaxExpense": "-188000", "interestAndDebtExpense": "None", "netIncomeFromContinuingOperations": "102793000", "comprehensiveIncomeNetOfTax": "None", "ebit": "251743000", "ebitda": "501934000", "netIncome": "101497000"}, {"fiscalDateEnding": "2013-12-31", "reportedCurrency": "USD", "grossProfit": "519786000", "totalRevenue": "798421000", "costOfRevenue": "278635000", "costofGoodsAndServicesSold": "278635000", "operatingIncome": "233948000", "sellingGeneralAndAdministrative": "67163000", "researchAndDevelopment": "0", "operatingExpenses": "268860000", "investmentIncomeNet": "None", "netInterestIncome": "None", "interestIncome": "None", "interestExpense": "142989000", "nonInterestIncome": "None", "otherNonOperatingIncome": "None", "depreciation": "None", "depreciationAndAmortization": "201697000", "incomeBeforeTax": "87696000", "incomeTaxExpense": "110374000", "interestAndDebtExpense": "None", "netIncomeFromContinuingOperations": "0", "comprehensiveIncomeNetOfTax": "None", "ebit": "248303000", "ebitda": "450000000", "netIncome": "-23544000"}, {"fiscalDateEnding": "2013-09-30", "reportedCurrency": "USD", "grossProfit": "485013000", "totalRevenue": "748977000", "costOfRevenue": "263964000", "costofGoodsAndServicesSold": "263964000", "operatingIncome": "222839000", "sellingGeneralAndAdministrative": "58504000", "researchAndDevelopment": "0", "operatingExpenses": "253912000", "investmentIncomeNet": "None", "netInterestIncome": "None", "interestIncome": "None", "interestExpense": "142016000", "nonInterestIncome": "None", "otherNonOperatingIncome": "None", "depreciation": "None", "depreciationAndAmortization": "195408000", "incomeBeforeTax": "80427000", "incomeTaxExpense": "33959000", "interestAndDebtExpense": "None", "netIncomeFromContinuingOperations": "0", "comprehensiveIncomeNetOfTax": "None", "ebit": "230706000", "ebitda": "426114000", "netIncome": "45836000"}, {"fiscalDateEnding": "2013-06-30", "reportedCurrency": "USD", "grossProfit": "485714000", "totalRevenue": "734928000", "costOfRevenue": "249214000", "costofGoodsAndServicesSold": "249214000", "operatingIncome": "229961000", "sellingGeneralAndAdministrative": "54790000", "researchAndDevelopment": "0", "operatingExpenses": "245441000", "investmentIncomeNet": "None", "netInterestIncome": "None", "interestIncome": "None", "interestExpense": "140256000", "nonInterestIncome": "None", "otherNonOperatingIncome": "258000", "depreciation": "None", "depreciationAndAmortization": "190651000", "incomeBeforeTax": "89963000", "incomeTaxExpense": "36587000", "interestAndDebtExpense": "None", "netIncomeFromContinuingOperations": "53376000", "comprehensiveIncomeNetOfTax": "None", "ebit": "241108000", "ebitda": "431759000", "netIncome": "52359000"}, {"fiscalDateEnding": "2013-03-31", "reportedCurrency": "USD", "grossProfit": "485077000", "totalRevenue": "740060000", "costOfRevenue": "254983000", "costofGoodsAndServicesSold": "254983000", "operatingIncome": "235055000", "sellingGeneralAndAdministrative": "58246000", "researchAndDevelopment": "0", "operatingExpenses": "244705000", "investmentIncomeNet": "None", "netInterestIncome": "None", "interestIncome": "None", "interestExpense": "164369000", "nonInterestIncome": "None", "otherNonOperatingIncome": "-36241000", "depreciation": "None", "depreciationAndAmortization": "186459000", "incomeBeforeTax": "34445000", "incomeTaxExpense": "17708000", "interestAndDebtExpense": "None", "netIncomeFromContinuingOperations": "16737000", "comprehensiveIncomeNetOfTax": "None", "ebit": "240040000", "ebitda": "426499000", "netIncome": "15462000"}, {"fiscalDateEnding": "2012-12-31", "reportedCurrency": "USD", "grossProfit": "456666000", "totalRevenue": "674087000", "costOfRevenue": "217421000", "costofGoodsAndServicesSold": "217421000", "operatingIncome": "208708000", "sellingGeneralAndAdministrative": "58631000", "researchAndDevelopment": "0", "operatingExpenses": "234474000", "investmentIncomeNet": "None", "netInterestIncome": "None", "interestIncome": "None", "interestExpense": "173683000", "nonInterestIncome": "None", "otherNonOperatingIncome": "None", "depreciation": "None", "depreciationAndAmortization": "175843000", "incomeBeforeTax": "-80267000", "incomeTaxExpense": "-70623000", "interestAndDebtExpense": "None", "netIncomeFromContinuingOperations": "0", "comprehensiveIncomeNetOfTax": "None", "ebit": "224288000", "ebitda": "400131000", "netIncome": "-19505000"}, {"fiscalDateEnding": "2012-09-30", "reportedCurrency": "USD", "grossProfit": "435994000", "totalRevenue": "621337000", "costOfRevenue": "185343000", "costofGoodsAndServicesSold": "185343000", "operatingIncome": "220768000", "sellingGeneralAndAdministrative": "55862000", "researchAndDevelopment": "0", "operatingExpenses": "210729000", "investmentIncomeNet": "None", "netInterestIncome": "None", "interestIncome": "None", "interestExpense": "144949000", "nonInterestIncome": "None", "otherNonOperatingIncome": "None", "depreciation": "None", "depreciationAndAmortization": "154867000", "incomeBeforeTax": "75478000", "incomeTaxExpense": "32300000", "interestAndDebtExpense": "None", "netIncomeFromContinuingOperations": "0", "comprehensiveIncomeNetOfTax": "None", "ebit": "225556000", "ebitda": "380423000", "netIncome": "42045000"}, {"fiscalDateEnding": "2012-06-30", "reportedCurrency": "USD", "grossProfit": "413678000", "totalRevenue": "585511000", "costOfRevenue": "171833000", "costofGoodsAndServicesSold": "171833000", "operatingIncome": "202977000", "sellingGeneralAndAdministrative": "47078000", "researchAndDevelopment": "0", "operatingExpenses": "199560000", "investmentIncomeNet": "None", "netInterestIncome": "None", "interestIncome": "None", "interestExpense": "144940000", "nonInterestIncome": "None", "otherNonOperatingIncome": "None", "depreciation": "None", "depreciationAndAmortization": "152482000", "incomeBeforeTax": "48652000", "incomeTaxExpense": "-68432000", "interestAndDebtExpense": "None", "netIncomeFromContinuingOperations": "0", "comprehensiveIncomeNetOfTax": "None", "ebit": "214500000", "ebitda": "366982000", "netIncome": "116013000"}, {"fiscalDateEnding": "2012-03-31", "reportedCurrency": "USD", "grossProfit": "397353000", "totalRevenue": "551745000", "costOfRevenue": "154392000", "costofGoodsAndServicesSold": "154392000", "operatingIncome": "202228000", "sellingGeneralAndAdministrative": "51001000", "researchAndDevelopment": "0", "operatingExpenses": "190401000", "investmentIncomeNet": "None", "netInterestIncome": "None", "interestIncome": "None", "interestExpense": "137472000", "nonInterestIncome": "None", "otherNonOperatingIncome": "None", "depreciation": "None", "depreciationAndAmortization": "139400000", "incomeBeforeTax": "56965000", "incomeTaxExpense": "6695000", "interestAndDebtExpense": "None", "netIncomeFromContinuingOperations": "0", "comprehensiveIncomeNetOfTax": "None", "ebit": "207306000", "ebitda": "346706000", "netIncome": "50031000"}, {"fiscalDateEnding": "2011-12-31", "reportedCurrency": "USD", "grossProfit": "370616000", "totalRevenue": "519471000", "costOfRevenue": "148855000", "costofGoodsAndServicesSold": "148855000", "operatingIncome": "176846000", "sellingGeneralAndAdministrative": "173493000", "researchAndDevelopment": "0", "operatingExpenses": "183532000", "investmentIncomeNet": "None", "netInterestIncome": "None", "interestIncome": "None", "interestExpense": "96690000", "nonInterestIncome": "None", "otherNonOperatingIncome": "None", "depreciation": "None", "depreciationAndAmortization": "138964000", "incomeBeforeTax": "49523000", "incomeTaxExpense": "584000", "interestAndDebtExpense": "None", "netIncomeFromContinuingOperations": "0", "comprehensiveIncomeNetOfTax": "None", "ebit": "264971000", "ebitda": "403935000", "netIncome": "48911000"}, {"fiscalDateEnding": "2011-09-30", "reportedCurrency": "USD", "grossProfit": "367041000", "totalRevenue": "513883000", "costOfRevenue": "146842000", "costofGoodsAndServicesSold": "146842000", "operatingIncome": "181889000", "sellingGeneralAndAdministrative": "42922000", "researchAndDevelopment": "0", "operatingExpenses": "181445000", "investmentIncomeNet": "None", "netInterestIncome": "None", "interestIncome": "None", "interestExpense": "127119000", "nonInterestIncome": "None", "otherNonOperatingIncome": "-562000", "depreciation": "None", "depreciationAndAmortization": "138523000", "incomeBeforeTax": "54208000", "incomeTaxExpense": "2825000", "interestAndDebtExpense": "None", "netIncomeFromContinuingOperations": "51383000", "comprehensiveIncomeNetOfTax": "None", "ebit": "185596000", "ebitda": "324119000", "netIncome": "51278000"}, {"fiscalDateEnding": "2011-06-30", "reportedCurrency": "USD", "grossProfit": "353287000", "totalRevenue": "500336000", "costOfRevenue": "147049000", "costofGoodsAndServicesSold": "147049000", "operatingIncome": "167142000", "sellingGeneralAndAdministrative": "41259000", "researchAndDevelopment": "0", "operatingExpenses": "179450000", "investmentIncomeNet": "None", "netInterestIncome": "None", "interestIncome": "None", "interestExpense": "126483000", "nonInterestIncome": "None", "otherNonOperatingIncome": "-3890000", "depreciation": "None", "depreciationAndAmortization": "138191000", "incomeBeforeTax": "36769000", "incomeTaxExpense": "5755000", "interestAndDebtExpense": "None", "netIncomeFromContinuingOperations": "31014000", "comprehensiveIncomeNetOfTax": "None", "ebit": "173837000", "ebitda": "312028000", "netIncome": "30871000"}, {"fiscalDateEnding": "2011-03-31", "reportedCurrency": "USD", "grossProfit": "353400000", "totalRevenue": "499039000", "costOfRevenue": "145639000", "costofGoodsAndServicesSold": "145639000", "operatingIncome": "166428000", "sellingGeneralAndAdministrative": "44744000", "researchAndDevelopment": "0", "operatingExpenses": "182017000", "investmentIncomeNet": "None", "netInterestIncome": "None", "interestIncome": "None", "interestExpense": "127121000", "nonInterestIncome": "None", "otherNonOperatingIncome": "-435000", "depreciation": "None", "depreciationAndAmortization": "137273000", "incomeBeforeTax": "39307000", "incomeTaxExpense": "-817000", "interestAndDebtExpense": "None", "netIncomeFromContinuingOperations": "40124000", "comprehensiveIncomeNetOfTax": "None", "ebit": "171383000", "ebitda": "308656000", "netIncome": "40017000"}, {"fiscalDateEnding": "2010-12-31", "reportedCurrency": "USD", "grossProfit": "343380000", "totalRevenue": "496314000", "costOfRevenue": "152934000", "costofGoodsAndServicesSold": "152934000", "operatingIncome": "156152000", "sellingGeneralAndAdministrative": "165356000", "researchAndDevelopment": "0", "operatingExpenses": "181166000", "investmentIncomeNet": "None", "netInterestIncome": "None", "interestIncome": "None", "interestExpense": "125947000", "nonInterestIncome": "None", "otherNonOperatingIncome": "None", "depreciation": "None", "depreciationAndAmortization": "137259000", "incomeBeforeTax": "36681000", "incomeTaxExpense": "-4224000", "interestAndDebtExpense": "None", "netIncomeFromContinuingOperations": "0", "comprehensiveIncomeNetOfTax": "None", "ebit": "162830000", "ebitda": "300089000", "netIncome": "40873000"}, {"fiscalDateEnding": "2010-09-30", "reportedCurrency": "USD", "grossProfit": "338890000", "totalRevenue": "481890000", "costOfRevenue": "143000000", "costofGoodsAndServicesSold": "143000000", "operatingIncome": "155956000", "sellingGeneralAndAdministrative": "41420000", "researchAndDevelopment": "0", "operatingExpenses": "177638000", "investmentIncomeNet": "None", "netInterestIncome": "None", "interestIncome": "None", "interestExpense": "123196000", "nonInterestIncome": "None", "otherNonOperatingIncome": "None", "depreciation": "None", "depreciationAndAmortization": "136218000", "incomeBeforeTax": "-142747000", "incomeTaxExpense": "-7597000", "interestAndDebtExpense": "None", "netIncomeFromContinuingOperations": "0", "comprehensiveIncomeNetOfTax": "None", "ebit": "162099000", "ebitda": "298317000", "netIncome": "-135009000"}, {"fiscalDateEnding": "2010-06-30", "reportedCurrency": "USD", "grossProfit": "310735000", "totalRevenue": "456127000", "costOfRevenue": "145392000", "costofGoodsAndServicesSold": "145392000", "operatingIncome": "132884000", "sellingGeneralAndAdministrative": "40556000", "researchAndDevelopment": "0", "operatingExpenses": "174982000", "investmentIncomeNet": "None", "netInterestIncome": "None", "interestIncome": "None", "interestExpense": "120586000", "nonInterestIncome": "None", "otherNonOperatingIncome": "None", "depreciation": "None", "depreciationAndAmortization": "134426000", "incomeBeforeTax": "-102300000", "incomeTaxExpense": "-4686000", "interestAndDebtExpense": "None", "netIncomeFromContinuingOperations": "0", "comprehensiveIncomeNetOfTax": "None", "ebit": "135753000", "ebitda": "270179000", "netIncome": "-97529000"}, {"fiscalDateEnding": "2010-03-31", "reportedCurrency": "USD", "grossProfit": "304276000", "totalRevenue": "444327000", "costOfRevenue": "140051000", "costofGoodsAndServicesSold": "140051000", "operatingIncome": "130373000", "sellingGeneralAndAdministrative": "39473000", "researchAndDevelopment": "0", "operatingExpenses": "172341000", "investmentIncomeNet": "None", "netInterestIncome": "None", "interestIncome": "None", "interestExpense": "120781000", "nonInterestIncome": "None", "otherNonOperatingIncome": "None", "depreciation": "None", "depreciationAndAmortization": "132868000", "incomeBeforeTax": "-129739000", "incomeTaxExpense": "-10339000", "interestAndDebtExpense": "None", "netIncomeFromContinuingOperations": "0", "comprehensiveIncomeNetOfTax": "None", "ebit": "132314000", "ebitda": "265182000", "netIncome": "-119275000"}, {"fiscalDateEnding": "2009-12-31", "reportedCurrency": "USD", "grossProfit": "296838000", "totalRevenue": "443544000", "costOfRevenue": "146706000", "costofGoodsAndServicesSold": "146706000", "operatingIncome": "119454000", "sellingGeneralAndAdministrative": "153072000", "researchAndDevelopment": "0", "operatingExpenses": "172606000", "investmentIncomeNet": "None", "netInterestIncome": "None", "interestIncome": "None", "interestExpense": "118876000", "nonInterestIncome": "None", "otherNonOperatingIncome": "None", "depreciation": "None", "depreciationAndAmortization": "133503000", "incomeBeforeTax": "20608000", "incomeTaxExpense": "1876000", "interestAndDebtExpense": "None", "netIncomeFromContinuingOperations": "0", "comprehensiveIncomeNetOfTax": "None", "ebit": "124073000", "ebitda": "257576000", "netIncome": "18148000"}, {"fiscalDateEnding": "2009-09-30", "reportedCurrency": "USD", "grossProfit": "292567000", "totalRevenue": "429079000", "costOfRevenue": "136512000", "costofGoodsAndServicesSold": "136512000", "operatingIncome": "118801000", "sellingGeneralAndAdministrative": "39230000", "researchAndDevelopment": "0", "operatingExpenses": "170693000", "investmentIncomeNet": "None", "netInterestIncome": "None", "interestIncome": "None", "interestExpense": "111169000", "nonInterestIncome": "None", "otherNonOperatingIncome": "None", "depreciation": "None", "depreciationAndAmortization": "131463000", "incomeBeforeTax": "-52974000", "incomeTaxExpense": "-21836000", "interestAndDebtExpense": "None", "netIncomeFromContinuingOperations": "0", "comprehensiveIncomeNetOfTax": "None", "ebit": "124443000", "ebitda": "255906000", "netIncome": "-31639000"}, {"fiscalDateEnding": "2009-06-30", "reportedCurrency": "USD", "grossProfit": "275483000", "totalRevenue": "409874000", "costOfRevenue": "134391000", "costofGoodsAndServicesSold": "134391000", "operatingIncome": "98489000", "sellingGeneralAndAdministrative": "38102000", "researchAndDevelopment": "0", "operatingExpenses": "169699000", "investmentIncomeNet": "None", "netInterestIncome": "None", "interestIncome": "None", "interestExpense": "110250000", "nonInterestIncome": "None", "otherNonOperatingIncome": "None", "depreciation": "None", "depreciationAndAmortization": "131597000", "incomeBeforeTax": "-166716000", "incomeTaxExpense": "-54949000", "interestAndDebtExpense": "None", "netIncomeFromContinuingOperations": "0", "comprehensiveIncomeNetOfTax": "None", "ebit": "109033000", "ebitda": "240630000", "netIncome": "-111418000"}, {"fiscalDateEnding": "2009-03-31", "reportedCurrency": "USD", "grossProfit": "271151000", "totalRevenue": "402910000", "costOfRevenue": "131759000", "costofGoodsAndServicesSold": "131759000", "operatingIncome": "97247000", "sellingGeneralAndAdministrative": "36637000", "researchAndDevelopment": "0", "operatingExpenses": "169813000", "investmentIncomeNet": "None", "netInterestIncome": "None", "interestIncome": "None", "interestExpense": "105833000", "nonInterestIncome": "None", "otherNonOperatingIncome": "None", "depreciation": "None", "depreciationAndAmortization": "133176000", "incomeBeforeTax": "8559000", "incomeTaxExpense": "-1491000", "interestAndDebtExpense": "None", "netIncomeFromContinuingOperations": "0", "comprehensiveIncomeNetOfTax": "None", "ebit": "101338000", "ebitda": "234514000", "netIncome": "10577000"}, {"fiscalDateEnding": "2008-12-31", "reportedCurrency": "USD", "grossProfit": "256103000", "totalRevenue": "392022000", "costOfRevenue": "135919000", "costofGoodsAndServicesSold": "135919000", "operatingIncome": "78944000", "sellingGeneralAndAdministrative": "104532000", "researchAndDevelopment": "0", "operatingExpenses": "160271000", "investmentIncomeNet": "None", "netInterestIncome": "None", "interestIncome": "None", "interestExpense": "162328000", "nonInterestIncome": "None", "otherNonOperatingIncome": "None", "depreciation": "None", "depreciationAndAmortization": "130799000", "incomeBeforeTax": "-81099000", "incomeTaxExpense": "-17282000", "interestAndDebtExpense": "None", "netIncomeFromContinuingOperations": "0", "comprehensiveIncomeNetOfTax": "None", "ebit": "62512000", "ebitda": "193311000", "netIncome": "-63817000"}, {"fiscalDateEnding": "2008-09-30", "reportedCurrency": "USD", "grossProfit": "248049000", "totalRevenue": "384348000", "costOfRevenue": "136299000", "costofGoodsAndServicesSold": "136299000", "operatingIncome": "75996000", "sellingGeneralAndAdministrative": "37437000", "researchAndDevelopment": "0", "operatingExpenses": "172053000", "investmentIncomeNet": "None", "netInterestIncome": "None", "interestIncome": "None", "interestExpense": "1557000", "nonInterestIncome": "None", "otherNonOperatingIncome": "None", "depreciation": "None", "depreciationAndAmortization": "120644000", "incomeBeforeTax": "-34303000", "incomeTaxExpense": "-2096000", "interestAndDebtExpense": "None", "netIncomeFromContinuingOperations": "0", "comprehensiveIncomeNetOfTax": "None", "ebit": "113686000", "ebitda": "234330000", "netIncome": "-32207000"}, {"fiscalDateEnding": "2008-06-30", "reportedCurrency": "USD", "grossProfit": "243947000", "totalRevenue": "379513000", "costOfRevenue": "135566000", "costofGoodsAndServicesSold": "135566000", "operatingIncome": "68566000", "sellingGeneralAndAdministrative": "38492000", "researchAndDevelopment": "0", "operatingExpenses": "175381000", "investmentIncomeNet": "None", "netInterestIncome": "None", "interestIncome": "None", "interestExpense": "206000", "nonInterestIncome": "None", "otherNonOperatingIncome": "None", "depreciation": "None", "depreciationAndAmortization": "137436000", "incomeBeforeTax": "-19985000", "incomeTaxExpense": "-80324000", "interestAndDebtExpense": "None", "netIncomeFromContinuingOperations": "0", "comprehensiveIncomeNetOfTax": "None", "ebit": "73559000", "ebitda": "210995000", "netIncome": "60339000"}, {"fiscalDateEnding": "2008-03-31", "reportedCurrency": "USD", "grossProfit": "239830000", "totalRevenue": "370621000", "costOfRevenue": "130791000", "costofGoodsAndServicesSold": "130791000", "operatingIncome": "69003000", "sellingGeneralAndAdministrative": "34986000", "researchAndDevelopment": "0", "operatingExpenses": "168323000", "investmentIncomeNet": "None", "netInterestIncome": "None", "interestIncome": "None", "interestExpense": "2310000", "nonInterestIncome": "None", "otherNonOperatingIncome": "None", "depreciation": "None", "depreciationAndAmortization": "137563000", "incomeBeforeTax": "-17832000", "incomeTaxExpense": "-4659000", "interestAndDebtExpense": "None", "netIncomeFromContinuingOperations": "0", "comprehensiveIncomeNetOfTax": "None", "ebit": "75315000", "ebitda": "212878000", "netIncome": "-13173000"}, {"fiscalDateEnding": "2007-12-31", "reportedCurrency": "USD", "grossProfit": "240187000", "totalRevenue": "375163000", "costOfRevenue": "134976000", "costofGoodsAndServicesSold": "134976000", "operatingIncome": "60986000", "sellingGeneralAndAdministrative": "113910000", "researchAndDevelopment": "3296000", "operatingExpenses": "172449000", "investmentIncomeNet": "None", "netInterestIncome": "None", "interestIncome": "None", "interestExpense": "1354000", "nonInterestIncome": "None", "otherNonOperatingIncome": "None", "depreciation": "None", "depreciationAndAmortization": "138870000", "incomeBeforeTax": "-104503000", "incomeTaxExpense": "-24334000", "interestAndDebtExpense": "None", "netIncomeFromContinuingOperations": "0", "comprehensiveIncomeNetOfTax": "None", "ebit": "167111000", "ebitda": "305981000", "netIncome": "-80169000"}, {"fiscalDateEnding": "2007-09-30", "reportedCurrency": "USD", "grossProfit": "222849000", "totalRevenue": "351744000", "costOfRevenue": "128895000", "costofGoodsAndServicesSold": "128895000", "operatingIncome": "-12818000", "sellingGeneralAndAdministrative": "32881000", "researchAndDevelopment": "2111000", "operatingExpenses": "227727000", "investmentIncomeNet": "None", "netInterestIncome": "None", "interestIncome": "None", "interestExpense": "2965000", "nonInterestIncome": "None", "otherNonOperatingIncome": "None", "depreciation": "None", "depreciationAndAmortization": "140406000", "incomeBeforeTax": "-99260000", "incomeTaxExpense": "-31923000", "interestAndDebtExpense": "None", "netIncomeFromContinuingOperations": "0", "comprehensiveIncomeNetOfTax": "None", "ebit": "62368000", "ebitda": "202774000", "netIncome": "-67013000"}, {"fiscalDateEnding": "2007-06-30", "reportedCurrency": "USD", "grossProfit": "216025000", "totalRevenue": "342870000", "costOfRevenue": "126845000", "costofGoodsAndServicesSold": "126845000", "operatingIncome": "37914000", "sellingGeneralAndAdministrative": "34216000", "researchAndDevelopment": "2111000", "operatingExpenses": "173042000", "investmentIncomeNet": "None", "netInterestIncome": "None", "interestIncome": "None", "interestExpense": "2906000", "nonInterestIncome": "None", "otherNonOperatingIncome": "None", "depreciation": "None", "depreciationAndAmortization": "138121000", "incomeBeforeTax": "-47970000", "incomeTaxExpense": "-15620000", "interestAndDebtExpense": "None", "netIncomeFromContinuingOperations": "0", "comprehensiveIncomeNetOfTax": "None", "ebit": "51443000", "ebitda": "189564000", "netIncome": "-32740000"}, {"fiscalDateEnding": "2007-03-31", "reportedCurrency": "USD", "grossProfit": "197341000", "totalRevenue": "315709000", "costOfRevenue": "118368000", "costofGoodsAndServicesSold": "118368000", "operatingIncome": "13446000", "sellingGeneralAndAdministrative": "33817000", "researchAndDevelopment": "1185000", "operatingExpenses": "175047000", "investmentIncomeNet": "None", "netInterestIncome": "None", "interestIncome": "None", "interestExpense": "3299000", "nonInterestIncome": "None", "otherNonOperatingIncome": "None", "depreciation": "None", "depreciationAndAmortization": "143156000", "incomeBeforeTax": "-65270000", "incomeTaxExpense": "-22162000", "interestAndDebtExpense": "None", "netIncomeFromContinuingOperations": "0", "comprehensiveIncomeNetOfTax": "None", "ebit": "32494000", "ebitda": "175650000", "netIncome": "-42891000"}, {"fiscalDateEnding": "2006-12-31", "reportedCurrency": "USD", "grossProfit": "138159000", "totalRevenue": "210841000", "costOfRevenue": "72682000", "costofGoodsAndServicesSold": "72682000", "operatingIncome": "40542000", "sellingGeneralAndAdministrative": "95751000", "researchAndDevelopment": "6839000", "operatingExpenses": "87724000", "investmentIncomeNet": "None", "netInterestIncome": "None", "interestIncome": "None", "interestExpense": "1629000", "nonInterestIncome": "None", "otherNonOperatingIncome": "None", "depreciation": "None", "depreciationAndAmortization": "74148000", "incomeBeforeTax": "-7396000", "incomeTaxExpense": "-855000", "interestAndDebtExpense": "None", "netIncomeFromContinuingOperations": "0", "comprehensiveIncomeNetOfTax": "None", "ebit": "65134000", "ebitda": "139282000", "netIncome": "-6275000"}, {"fiscalDateEnding": "2006-09-30", "reportedCurrency": "USD", "grossProfit": "130943000", "totalRevenue": "200939000", "costOfRevenue": "69996000", "costofGoodsAndServicesSold": "69996000", "operatingIncome": "32401000", "sellingGeneralAndAdministrative": "22958000", "researchAndDevelopment": "2475000", "operatingExpenses": "98542000", "investmentIncomeNet": "None", "netInterestIncome": "None", "interestIncome": "None", "interestExpense": "985000", "nonInterestIncome": "None", "otherNonOperatingIncome": "None", "depreciation": "None", "depreciationAndAmortization": "74148000", "incomeBeforeTax": "-15471000", "incomeTaxExpense": "575000", "interestAndDebtExpense": "None", "netIncomeFromContinuingOperations": "0", "comprehensiveIncomeNetOfTax": "None", "ebit": "33786000", "ebitda": "107934000", "netIncome": "-15561000"}, {"fiscalDateEnding": "2006-06-30", "reportedCurrency": "USD", "grossProfit": "126969000", "totalRevenue": "193776000", "costOfRevenue": "66807000", "costofGoodsAndServicesSold": "66807000", "operatingIncome": "27562000", "sellingGeneralAndAdministrative": "25825000", "researchAndDevelopment": "2686000", "operatingExpenses": "99407000", "investmentIncomeNet": "None", "netInterestIncome": "None", "interestIncome": "None", "interestExpense": "2939000", "nonInterestIncome": "None", "otherNonOperatingIncome": "None", "depreciation": "None", "depreciationAndAmortization": "71107000", "incomeBeforeTax": "12832000", "incomeTaxExpense": "507000", "interestAndDebtExpense": "None", "netIncomeFromContinuingOperations": "0", "comprehensiveIncomeNetOfTax": "None", "ebit": "32023000", "ebitda": "103130000", "netIncome": "-13335000"}, {"fiscalDateEnding": "2006-03-31", "reportedCurrency": "USD", "grossProfit": "119189000", "totalRevenue": "182665000", "costOfRevenue": "63476000", "costofGoodsAndServicesSold": "63476000", "operatingIncome": "20922000", "sellingGeneralAndAdministrative": "24163000", "researchAndDevelopment": "1678000", "operatingExpenses": "98267000", "investmentIncomeNet": "None", "netInterestIncome": "None", "interestIncome": "None", "interestExpense": "1336000", "nonInterestIncome": "None", "otherNonOperatingIncome": "None", "depreciation": "None", "depreciationAndAmortization": "74441000", "incomeBeforeTax": "-12674000", "incomeTaxExpense": "616000", "interestAndDebtExpense": "None", "netIncomeFromContinuingOperations": "0", "comprehensiveIncomeNetOfTax": "None", "ebit": "21257000", "ebitda": "95698000", "netIncome": "-6722000"}, {"fiscalDateEnding": "2005-12-31", "reportedCurrency": "USD", "grossProfit": "112939000", "totalRevenue": "180252000", "costOfRevenue": "67313000", "costofGoodsAndServicesSold": "67313000", "operatingIncome": "20496000", "sellingGeneralAndAdministrative": "105763000", "researchAndDevelopment": "1219000", "operatingExpenses": "92443000", "investmentIncomeNet": "None", "netInterestIncome": "None", "interestIncome": "None", "interestExpense": "282443000", "nonInterestIncome": "None", "otherNonOperatingIncome": "None", "depreciation": "None", "depreciationAndAmortization": "66328000", "incomeBeforeTax": "-3931000", "incomeTaxExpense": "2817000", "interestAndDebtExpense": "None", "netIncomeFromContinuingOperations": "0", "comprehensiveIncomeNetOfTax": "None", "ebit": "303712000", "ebitda": "370040000", "netIncome": "-17259000"}, {"fiscalDateEnding": "2005-09-30", "reportedCurrency": "USD", "grossProfit": "108355000", "totalRevenue": "171717000", "costOfRevenue": "63362000", "costofGoodsAndServicesSold": "63362000", "operatingIncome": "627000", "sellingGeneralAndAdministrative": "33484000", "researchAndDevelopment": "1172000", "operatingExpenses": "107728000", "investmentIncomeNet": "None", "netInterestIncome": "None", "interestIncome": "None", "interestExpense": "617000", "nonInterestIncome": "None", "otherNonOperatingIncome": "None", "depreciation": "None", "depreciationAndAmortization": "74282000", "incomeBeforeTax": "-27356000", "incomeTaxExpense": "117000", "interestAndDebtExpense": "None", "netIncomeFromContinuingOperations": "0", "comprehensiveIncomeNetOfTax": "None", "ebit": "1788000", "ebitda": "76070000", "netIncome": "-28066000"}, {"fiscalDateEnding": "2005-06-30", "reportedCurrency": "USD", "grossProfit": "105523000", "totalRevenue": "167685000", "costOfRevenue": "62162000", "costofGoodsAndServicesSold": "62162000", "operatingIncome": "7579000", "sellingGeneralAndAdministrative": "23890000", "researchAndDevelopment": "787000", "operatingExpenses": "97944000", "investmentIncomeNet": "None", "netInterestIncome": "None", "interestIncome": "None", "interestExpense": "202635000", "nonInterestIncome": "None", "otherNonOperatingIncome": "None", "depreciation": "None", "depreciationAndAmortization": "73588000", "incomeBeforeTax": "-230449000", "incomeTaxExpense": "147000", "interestAndDebtExpense": "None", "netIncomeFromContinuingOperations": "0", "comprehensiveIncomeNetOfTax": "None", "ebit": "210769000", "ebitda": "284357000", "netIncome": "-227451000"}, {"fiscalDateEnding": "2005-03-31", "reportedCurrency": "USD", "grossProfit": "97957000", "totalRevenue": "157105000", "costOfRevenue": "59148000", "costofGoodsAndServicesSold": "59148000", "operatingIncome": "-6107000", "sellingGeneralAndAdministrative": "22547000", "researchAndDevelopment": "432000", "operatingExpenses": "95587000", "investmentIncomeNet": "None", "netInterestIncome": "None", "interestIncome": "None", "interestExpense": "83017000", "nonInterestIncome": "None", "otherNonOperatingIncome": "None", "depreciation": "None", "depreciationAndAmortization": "73666000", "incomeBeforeTax": "-128393000", "incomeTaxExpense": "144000", "interestAndDebtExpense": "None", "netIncomeFromContinuingOperations": "0", "comprehensiveIncomeNetOfTax": "None", "ebit": "11283000", "ebitda": "84949000", "netIncome": "-128761000"}, {"fiscalDateEnding": "2004-12-31", "reportedCurrency": "USD", "grossProfit": "89384000", "totalRevenue": "161271000", "costOfRevenue": "71887000", "costofGoodsAndServicesSold": "71887000", "operatingIncome": "-46670000", "sellingGeneralAndAdministrative": "90230000", "researchAndDevelopment": "434000", "operatingExpenses": "134706000", "investmentIncomeNet": "None", "netInterestIncome": "None", "interestIncome": "None", "interestExpense": "78508000", "nonInterestIncome": "None", "otherNonOperatingIncome": "None", "depreciation": "None", "depreciationAndAmortization": "102589000", "incomeBeforeTax": "-125811000", "incomeTaxExpense": "-5851000", "interestAndDebtExpense": "None", "netIncomeFromContinuingOperations": "0", "comprehensiveIncomeNetOfTax": "None", "ebit": "-80104000", "ebitda": "22485000", "netIncome": "-121662000"}]}