{"symbol": "ABNB", "annualReports": [{"fiscalDateEnding": "2024-12-31", "reportedCurrency": "USD", "grossProfit": "9224000000", "totalRevenue": "11102000000", "costOfRevenue": "1878000000", "costofGoodsAndServicesSold": "1878000000", "operatingIncome": "2553000000", "sellingGeneralAndAdministrative": "1185000000", "researchAndDevelopment": "2056000000", "operatingExpenses": "6671000000", "investmentIncomeNet": "None", "netInterestIncome": "818000000", "interestIncome": "818000000", "interestExpense": "None", "nonInterestIncome": "None", "otherNonOperatingIncome": "None", "depreciation": "None", "depreciationAndAmortization": "None", "incomeBeforeTax": "3331000000", "incomeTaxExpense": "683000000", "interestAndDebtExpense": "None", "netIncomeFromContinuingOperations": "2648000000", "comprehensiveIncomeNetOfTax": "None", "ebit": "None", "ebitda": "2553000000", "netIncome": "2648000000"}, {"fiscalDateEnding": "2023-12-31", "reportedCurrency": "USD", "grossProfit": "8214000000", "totalRevenue": "9917000000", "costOfRevenue": "1703000000", "costofGoodsAndServicesSold": "1703000000", "operatingIncome": "1518000000", "sellingGeneralAndAdministrative": "2025000000", "researchAndDevelopment": "1722000000", "operatingExpenses": "6696000000", "investmentIncomeNet": "None", "netInterestIncome": "614000000", "interestIncome": "631000000", "interestExpense": "83000000", "nonInterestIncome": "None", "otherNonOperatingIncome": "None", "depreciation": "None", "depreciationAndAmortization": "44000000", "incomeBeforeTax": "2102000000", "incomeTaxExpense": "-2690000000", "interestAndDebtExpense": "None", "netIncomeFromContinuingOperations": "5460000000", "comprehensiveIncomeNetOfTax": "None", "ebit": "2185000000", "ebitda": "2229000000", "netIncome": "4792000000"}, {"fiscalDateEnding": "2022-12-31", "reportedCurrency": "USD", "grossProfit": "6900000000", "totalRevenue": "8399000000", "costOfRevenue": "1499000000", "costofGoodsAndServicesSold": "1499000000", "operatingIncome": "1802000000", "sellingGeneralAndAdministrative": "950000000", "researchAndDevelopment": "1502000000", "operatingExpenses": "5009000000", "investmentIncomeNet": "None", "netInterestIncome": "162000000", "interestIncome": "186000000", "interestExpense": "24000000", "nonInterestIncome": "None", "otherNonOperatingIncome": "211000000", "depreciation": "None", "depreciationAndAmortization": "89300000", "incomeBeforeTax": "1989000000", "incomeTaxExpense": "96000000", "interestAndDebtExpense": "None", "netIncomeFromContinuingOperations": "1893000000", "comprehensiveIncomeNetOfTax": "None", "ebit": "2013000000", "ebitda": "2102300000", "netIncome": "1893000000"}, {"fiscalDateEnding": "2021-12-31", "reportedCurrency": "USD", "grossProfit": "4836000000", "totalRevenue": "5992000000", "costOfRevenue": "1156000000", "costofGoodsAndServicesSold": "1156000000", "operatingIncome": "429000000", "sellingGeneralAndAdministrative": "836000000", "researchAndDevelopment": "1425000000", "operatingExpenses": "4294000000", "investmentIncomeNet": "None", "netInterestIncome": "-424865000", "interestIncome": "12734000", "interestExpense": "438000000", "nonInterestIncome": "None", "otherNonOperatingIncome": "-291925000", "depreciation": "None", "depreciationAndAmortization": "175500000", "incomeBeforeTax": "-300000000", "incomeTaxExpense": "52000000", "interestAndDebtExpense": "None", "netIncomeFromContinuingOperations": "-352034000", "comprehensiveIncomeNetOfTax": "None", "ebit": "-239856000", "ebitda": "-64356000", "netIncome": "-352000000"}, {"fiscalDateEnding": "2020-12-31", "reportedCurrency": "USD", "grossProfit": "2502157000", "totalRevenue": "3378199000", "costOfRevenue": "876042000", "costofGoodsAndServicesSold": "876042000", "operatingIncome": "-3590147000", "sellingGeneralAndAdministrative": "1134851000", "researchAndDevelopment": "2752872000", "operatingExpenses": "5940949000", "investmentIncomeNet": "None", "netInterestIncome": "-144571000", "interestIncome": "27117000", "interestExpense": "171688000", "nonInterestIncome": "None", "otherNonOperatingIncome": "None", "depreciation": "None", "depreciationAndAmortization": "125876000", "incomeBeforeTax": "-4681938000", "incomeTaxExpense": "-97222000", "interestAndDebtExpense": "None", "netIncomeFromContinuingOperations": "-4584716000", "comprehensiveIncomeNetOfTax": "None", "ebit": "-4510250000", "ebitda": "-4384374000", "netIncome": "-4584716000"}, {"fiscalDateEnding": "2019-12-31", "reportedCurrency": "USD", "grossProfit": "3608926000", "totalRevenue": "4805239000", "costOfRevenue": "1196313000", "costofGoodsAndServicesSold": "1196313000", "operatingIncome": "-501543000", "sellingGeneralAndAdministrative": "697181000", "researchAndDevelopment": "976695000", "operatingExpenses": "4110469000", "investmentIncomeNet": "None", "netInterestIncome": "75934000", "interestIncome": "85902000", "interestExpense": "9968000", "nonInterestIncome": "None", "otherNonOperatingIncome": "None", "depreciation": "None", "depreciationAndAmortization": "114162000", "incomeBeforeTax": "-411703000", "incomeTaxExpense": "262636000", "interestAndDebtExpense": "None", "netIncomeFromContinuingOperations": "-674339000", "comprehensiveIncomeNetOfTax": "None", "ebit": "-401735000", "ebitda": "-287573000", "netIncome": "-674339000"}, {"fiscalDateEnding": "2018-12-31", "reportedCurrency": "USD", "grossProfit": "2787953000", "totalRevenue": "3651985000", "costOfRevenue": "864032000", "costofGoodsAndServicesSold": "864032000", "operatingIncome": "18744000", "sellingGeneralAndAdministrative": "479487000", "researchAndDevelopment": "579193000", "operatingExpenses": "2769209000", "investmentIncomeNet": "None", "netInterestIncome": "40650000", "interestIncome": "66793000", "interestExpense": "26143000", "nonInterestIncome": "None", "otherNonOperatingIncome": "None", "depreciation": "None", "depreciationAndAmortization": "82401000", "incomeBeforeTax": "47033000", "incomeTaxExpense": "63893000", "interestAndDebtExpense": "None", "netIncomeFromContinuingOperations": "-16860000", "comprehensiveIncomeNetOfTax": "None", "ebit": "73176000", "ebitda": "155577000", "netIncome": "-16860000"}, {"fiscalDateEnding": "2017-12-31", "reportedCurrency": "USD", "grossProfit": "1914031000", "totalRevenue": "2561721000", "costOfRevenue": "647690000", "costofGoodsAndServicesSold": "647690000", "operatingIncome": "-81362000", "sellingGeneralAndAdministrative": "327156000", "researchAndDevelopment": "400749000", "operatingExpenses": "1995393000", "investmentIncomeNet": "None", "netInterestIncome": "15699000", "interestIncome": "32102000", "interestExpense": "16403000", "nonInterestIncome": "None", "otherNonOperatingIncome": "None", "depreciation": "None", "depreciationAndAmortization": "79342000", "incomeBeforeTax": "-59099000", "incomeTaxExpense": "10947000", "interestAndDebtExpense": "None", "netIncomeFromContinuingOperations": "-70046000", "comprehensiveIncomeNetOfTax": "None", "ebit": "-42696000", "ebitda": "36646000", "netIncome": "-70046000"}], "quarterlyReports": [{"fiscalDateEnding": "2024-12-31", "reportedCurrency": "USD", "grossProfit": "2053000000", "totalRevenue": "2480000000", "costOfRevenue": "427000000", "costofGoodsAndServicesSold": "427000000", "operatingIncome": "430000000", "sellingGeneralAndAdministrative": "248000000", "researchAndDevelopment": "538000000", "operatingExpenses": "1623000000", "investmentIncomeNet": "None", "netInterestIncome": "183000000", "interestIncome": "183000000", "interestExpense": "None", "nonInterestIncome": "None", "otherNonOperatingIncome": "None", "depreciation": "None", "depreciationAndAmortization": "22000000", "incomeBeforeTax": "622000000", "incomeTaxExpense": "161000000", "interestAndDebtExpense": "None", "netIncomeFromContinuingOperations": "461000000", "comprehensiveIncomeNetOfTax": "None", "ebit": "430000000", "ebitda": "452000000", "netIncome": "461000000"}, {"fiscalDateEnding": "2024-09-30", "reportedCurrency": "USD", "grossProfit": "3267000000", "totalRevenue": "3732000000", "costOfRevenue": "465000000", "costofGoodsAndServicesSold": "465000000", "operatingIncome": "1525000000", "sellingGeneralAndAdministrative": "335000000", "researchAndDevelopment": "524000000", "operatingExpenses": "1742000000", "investmentIncomeNet": "None", "netInterestIncome": "207000000", "interestIncome": "207000000", "interestExpense": "None", "nonInterestIncome": "None", "otherNonOperatingIncome": "None", "depreciation": "None", "depreciationAndAmortization": "None", "incomeBeforeTax": "1735000000", "incomeTaxExpense": "367000000", "interestAndDebtExpense": "None", "netIncomeFromContinuingOperations": "1368000000", "comprehensiveIncomeNetOfTax": "None", "ebit": "None", "ebitda": "1525000000", "netIncome": "1368000000"}, {"fiscalDateEnding": "2024-06-30", "reportedCurrency": "USD", "grossProfit": "1904000000", "totalRevenue": "2748000000", "costOfRevenue": "844000000", "costofGoodsAndServicesSold": "844000000", "operatingIncome": "497000000", "sellingGeneralAndAdministrative": "315000000", "researchAndDevelopment": "519000000", "operatingExpenses": "1407000000", "investmentIncomeNet": "None", "netInterestIncome": "226000000", "interestIncome": "226000000", "interestExpense": "None", "nonInterestIncome": "None", "otherNonOperatingIncome": "None", "depreciation": "None", "depreciationAndAmortization": "14000000", "incomeBeforeTax": "681000000", "incomeTaxExpense": "126000000", "interestAndDebtExpense": "None", "netIncomeFromContinuingOperations": "555000000", "comprehensiveIncomeNetOfTax": "None", "ebit": "497000000", "ebitda": "511000000", "netIncome": "555000000"}, {"fiscalDateEnding": "2024-03-31", "reportedCurrency": "USD", "grossProfit": "1377000000", "totalRevenue": "2142000000", "costOfRevenue": "765000000", "costofGoodsAndServicesSold": "765000000", "operatingIncome": "101000000", "sellingGeneralAndAdministrative": "287000000", "researchAndDevelopment": "475000000", "operatingExpenses": "1276000000", "investmentIncomeNet": "None", "netInterestIncome": "202000000", "interestIncome": "202000000", "interestExpense": "None", "nonInterestIncome": "None", "otherNonOperatingIncome": "None", "depreciation": "None", "depreciationAndAmortization": "14000000", "incomeBeforeTax": "293000000", "incomeTaxExpense": "29000000", "interestAndDebtExpense": "None", "netIncomeFromContinuingOperations": "264000000", "comprehensiveIncomeNetOfTax": "None", "ebit": "101000000", "ebitda": "115000000", "netIncome": "264000000"}, {"fiscalDateEnding": "2023-12-31", "reportedCurrency": "USD", "grossProfit": "1834000000", "totalRevenue": "2218000000", "costOfRevenue": "384000000", "costofGoodsAndServicesSold": "384000000", "operatingIncome": "-496000000", "sellingGeneralAndAdministrative": "1203000000", "researchAndDevelopment": "432000000", "operatingExpenses": "2330000000", "investmentIncomeNet": "None", "netInterestIncome": "121000000", "interestIncome": "192000000", "interestExpense": "71000000", "nonInterestIncome": "None", "otherNonOperatingIncome": "None", "depreciation": "None", "depreciationAndAmortization": "16000000", "incomeBeforeTax": "-383000000", "incomeTaxExpense": "-34000000", "interestAndDebtExpense": "None", "netIncomeFromContinuingOperations": "-349000000", "comprehensiveIncomeNetOfTax": "None", "ebit": "-312000000", "ebitda": "-296000000", "netIncome": "-349000000"}, {"fiscalDateEnding": "2023-09-30", "reportedCurrency": "USD", "grossProfit": "2938000000", "totalRevenue": "3397000000", "costOfRevenue": "459000000", "costofGoodsAndServicesSold": "459000000", "operatingIncome": "1496000000", "sellingGeneralAndAdministrative": "304000000", "researchAndDevelopment": "419000000", "operatingExpenses": "1442000000", "investmentIncomeNet": "None", "netInterestIncome": "186000000", "interestIncome": "192000000", "interestExpense": "6000000", "nonInterestIncome": "None", "otherNonOperatingIncome": "None", "depreciation": "None", "depreciationAndAmortization": "8000000", "incomeBeforeTax": "1679000000", "incomeTaxExpense": "-2695000000", "interestAndDebtExpense": "None", "netIncomeFromContinuingOperations": "4374000000", "comprehensiveIncomeNetOfTax": "None", "ebit": "1496000000", "ebitda": "1504000000", "netIncome": "4374000000"}, {"fiscalDateEnding": "2023-06-30", "reportedCurrency": "USD", "grossProfit": "2052000000", "totalRevenue": "2484000000", "costOfRevenue": "432000000", "costofGoodsAndServicesSold": "432000000", "operatingIncome": "523000000", "sellingGeneralAndAdministrative": "275000000", "researchAndDevelopment": "451000000", "operatingExpenses": "1529000000", "investmentIncomeNet": "None", "netInterestIncome": "189000000", "interestIncome": "191000000", "interestExpense": "2000000", "nonInterestIncome": "None", "otherNonOperatingIncome": "155000000", "depreciation": "None", "depreciationAndAmortization": "9000000", "incomeBeforeTax": "676000000", "incomeTaxExpense": "26000000", "interestAndDebtExpense": "None", "netIncomeFromContinuingOperations": "650000000", "comprehensiveIncomeNetOfTax": "None", "ebit": "523000000", "ebitda": "532000000", "netIncome": "650000000"}, {"fiscalDateEnding": "2023-03-31", "reportedCurrency": "USD", "grossProfit": "1390000000", "totalRevenue": "1818000000", "costOfRevenue": "428000000", "costofGoodsAndServicesSold": "428000000", "operatingIncome": "-5000000", "sellingGeneralAndAdministrative": "243000000", "researchAndDevelopment": "420000000", "operatingExpenses": "1395000000", "investmentIncomeNet": "None", "netInterestIncome": "142000000", "interestIncome": "146000000", "interestExpense": "4000000", "nonInterestIncome": "None", "otherNonOperatingIncome": "139000000", "depreciation": "None", "depreciationAndAmortization": "11000000", "incomeBeforeTax": "130000000", "incomeTaxExpense": "13000000", "interestAndDebtExpense": "None", "netIncomeFromContinuingOperations": "116600000", "comprehensiveIncomeNetOfTax": "None", "ebit": "-5000000", "ebitda": "6000000", "netIncome": "117000000"}, {"fiscalDateEnding": "2022-12-31", "reportedCurrency": "USD", "grossProfit": "1556425000", "totalRevenue": "1901546000", "costOfRevenue": "345121000", "costofGoodsAndServicesSold": "345121000", "operatingIncome": "234827000", "sellingGeneralAndAdministrative": "255738000", "researchAndDevelopment": "397841000", "operatingExpenses": "1321710000", "investmentIncomeNet": "None", "netInterestIncome": "98000000", "interestIncome": "103000000", "interestExpense": "5071000", "nonInterestIncome": "None", "otherNonOperatingIncome": "114320000", "depreciation": "None", "depreciationAndAmortization": "13000000", "incomeBeforeTax": "344076000", "incomeTaxExpense": "25413000", "interestAndDebtExpense": "None", "netIncomeFromContinuingOperations": "319000000", "comprehensiveIncomeNetOfTax": "None", "ebit": "349000000", "ebitda": "362000000", "netIncome": "318663000"}, {"fiscalDateEnding": "2022-09-30", "reportedCurrency": "USD", "grossProfit": "2483000000", "totalRevenue": "2884000000", "costOfRevenue": "401000000", "costofGoodsAndServicesSold": "401000000", "operatingIncome": "1203000000", "sellingGeneralAndAdministrative": "240000000", "researchAndDevelopment": "366000000", "operatingExpenses": "1280000000", "investmentIncomeNet": "None", "netInterestIncome": "52775000", "interestIncome": "58457000", "interestExpense": "5000000", "nonInterestIncome": "None", "otherNonOperatingIncome": "72100000", "depreciation": "None", "depreciationAndAmortization": "12815000", "incomeBeforeTax": "1270000000", "incomeTaxExpense": "56000000", "interestAndDebtExpense": "None", "netIncomeFromContinuingOperations": "1214288000", "comprehensiveIncomeNetOfTax": "None", "ebit": "1275581000", "ebitda": "1288396000", "netIncome": "1214000000"}, {"fiscalDateEnding": "2022-06-30", "reportedCurrency": "USD", "grossProfit": "1714000000", "totalRevenue": "2104000000", "costOfRevenue": "390000000", "costofGoodsAndServicesSold": "390000000", "operatingIncome": "369000000", "sellingGeneralAndAdministrative": "244000000", "researchAndDevelopment": "375000000", "operatingExpenses": "1256000000", "investmentIncomeNet": "None", "netInterestIncome": "12764000", "interestIncome": "20247000", "interestExpense": "8000000", "nonInterestIncome": "None", "otherNonOperatingIncome": "21771000", "depreciation": "None", "depreciationAndAmortization": "26005000", "incomeBeforeTax": "383000000", "incomeTaxExpense": "4000000", "interestAndDebtExpense": "None", "netIncomeFromContinuingOperations": "378841000", "comprehensiveIncomeNetOfTax": "None", "ebit": "390594000", "ebitda": "416599000", "netIncome": "379000000"}, {"fiscalDateEnding": "2022-03-31", "reportedCurrency": "USD", "grossProfit": "1146000000", "totalRevenue": "1509000000", "costOfRevenue": "363000000", "costofGoodsAndServicesSold": "363000000", "operatingIncome": "-5000000", "sellingGeneralAndAdministrative": "210000000", "researchAndDevelopment": "363000000", "operatingExpenses": "1151000000", "investmentIncomeNet": "None", "netInterestIncome": "-1020000", "interestIncome": "4744000", "interestExpense": "6000000", "nonInterestIncome": "None", "otherNonOperatingIncome": "2809000", "depreciation": "None", "depreciationAndAmortization": "29232000", "incomeBeforeTax": "-8000000", "incomeTaxExpense": "11000000", "interestAndDebtExpense": "None", "netIncomeFromContinuingOperations": "-18792000", "comprehensiveIncomeNetOfTax": "None", "ebit": "-2232000", "ebitda": "27000000", "netIncome": "-19000000"}, {"fiscalDateEnding": "2021-12-31", "reportedCurrency": "USD", "grossProfit": "1236885000", "totalRevenue": "1532196000", "costOfRevenue": "295311000", "costofGoodsAndServicesSold": "295311000", "operatingIncome": "75567000", "sellingGeneralAndAdministrative": "216511000", "researchAndDevelopment": "367843000", "operatingExpenses": "1160548000", "investmentIncomeNet": "None", "netInterestIncome": "1259000", "interestIncome": "3778000", "interestExpense": "2519000", "nonInterestIncome": "None", "otherNonOperatingIncome": "-827000", "depreciation": "None", "depreciationAndAmortization": "30844000", "incomeBeforeTax": "72221000", "incomeTaxExpense": "17720000", "interestAndDebtExpense": "None", "netIncomeFromContinuingOperations": "54501000", "comprehensiveIncomeNetOfTax": "None", "ebit": "76171000", "ebitda": "107015000", "netIncome": "54501000"}, {"fiscalDateEnding": "2021-09-30", "reportedCurrency": "USD", "grossProfit": "1925852000", "totalRevenue": "2237432000", "costOfRevenue": "311580000", "costofGoodsAndServicesSold": "311580000", "operatingIncome": "851973000", "sellingGeneralAndAdministrative": "210748000", "researchAndDevelopment": "344410000", "operatingExpenses": "1074344000", "investmentIncomeNet": "None", "netInterestIncome": "-3687000", "interestIncome": "2962000", "interestExpense": "6649000", "nonInterestIncome": "None", "otherNonOperatingIncome": "5134000", "depreciation": "None", "depreciationAndAmortization": "33687000", "incomeBeforeTax": "850458000", "incomeTaxExpense": "16565000", "interestAndDebtExpense": "None", "netIncomeFromContinuingOperations": "833893000", "comprehensiveIncomeNetOfTax": "None", "ebit": "851508000", "ebitda": "885195000", "netIncome": "833893000"}, {"fiscalDateEnding": "2021-06-30", "reportedCurrency": "USD", "grossProfit": "1040769000", "totalRevenue": "1335196000", "costOfRevenue": "294427000", "costofGoodsAndServicesSold": "294427000", "operatingIncome": "-51278000", "sellingGeneralAndAdministrative": "218303000", "researchAndDevelopment": "349734000", "operatingExpenses": "1091485000", "investmentIncomeNet": "None", "netInterestIncome": "-3578000", "interestIncome": "2942000", "interestExpense": "6520000", "nonInterestIncome": "None", "otherNonOperatingIncome": "814000", "depreciation": "None", "depreciationAndAmortization": "35536000", "incomeBeforeTax": "-56984000", "incomeTaxExpense": "11233000", "interestAndDebtExpense": "None", "netIncomeFromContinuingOperations": "-68217000", "comprehensiveIncomeNetOfTax": "None", "ebit": "-50464000", "ebitda": "-14928000", "netIncome": "-68217000"}, {"fiscalDateEnding": "2021-03-31", "reportedCurrency": "USD", "grossProfit": "632421000", "totalRevenue": "886936000", "costOfRevenue": "254515000", "costofGoodsAndServicesSold": "254515000", "operatingIncome": "-446945000", "sellingGeneralAndAdministrative": "189762000", "researchAndDevelopment": "363061000", "operatingExpenses": "967384000", "investmentIncomeNet": "None", "netInterestIncome": "-418859000", "interestIncome": "3052000", "interestExpense": "421911000", "nonInterestIncome": "None", "otherNonOperatingIncome": "-297046000", "depreciation": "None", "depreciationAndAmortization": "38252000", "incomeBeforeTax": "-1165902000", "incomeTaxExpense": "6309000", "interestAndDebtExpense": "None", "netIncomeFromContinuingOperations": "-1172211000", "comprehensiveIncomeNetOfTax": "None", "ebit": "-743991000", "ebitda": "-705739000", "netIncome": "-1172211000"}, {"fiscalDateEnding": "2020-12-31", "reportedCurrency": "USD", "grossProfit": "649517000", "totalRevenue": "859264000", "costOfRevenue": "209747000", "costofGoodsAndServicesSold": "209747000", "operatingIncome": "-3100180000", "sellingGeneralAndAdministrative": "713769000", "researchAndDevelopment": "2062195000", "operatingExpenses": "3735311000", "investmentIncomeNet": "None", "netInterestIncome": "-60853000", "interestIncome": "3287000", "interestExpense": "64140000", "nonInterestIncome": "None", "otherNonOperatingIncome": "None", "depreciation": "None", "depreciationAndAmortization": "32438000", "incomeBeforeTax": "-3992502000", "incomeTaxExpense": "-104651000", "interestAndDebtExpense": "None", "netIncomeFromContinuingOperations": "-3887851000", "comprehensiveIncomeNetOfTax": "None", "ebit": "-3928362000", "ebitda": "-3895924000", "netIncome": "-3887851000"}, {"fiscalDateEnding": "2020-09-30", "reportedCurrency": "USD", "grossProfit": "1115006000", "totalRevenue": "1342331000", "costOfRevenue": "227325000", "costofGoodsAndServicesSold": "227325000", "operatingIncome": "418737000", "sellingGeneralAndAdministrative": "180021000", "researchAndDevelopment": "213920000", "operatingExpenses": "673541000", "investmentIncomeNet": "None", "netInterestIncome": "-55542000", "interestIncome": "4325000", "interestExpense": "59867000", "nonInterestIncome": "None", "otherNonOperatingIncome": "None", "depreciation": "None", "depreciationAndAmortization": "29638000", "incomeBeforeTax": "307052000", "incomeTaxExpense": "87724000", "interestAndDebtExpense": "None", "netIncomeFromContinuingOperations": "219328000", "comprehensiveIncomeNetOfTax": "None", "ebit": "441465000", "ebitda": "471103000", "netIncome": "219328000"}, {"fiscalDateEnding": "2020-06-30", "reportedCurrency": "USD", "grossProfit": "173576000", "totalRevenue": "334774000", "costOfRevenue": "161198000", "costofGoodsAndServicesSold": "161198000", "operatingIncome": "-583215000", "sellingGeneralAndAdministrative": "149299000", "researchAndDevelopment": "217938000", "operatingExpenses": "642550000", "investmentIncomeNet": "None", "netInterestIncome": "-43335000", "interestIncome": "5856000", "interestExpense": "49191000", "nonInterestIncome": "None", "otherNonOperatingIncome": "None", "depreciation": "None", "depreciationAndAmortization": "29928000", "incomeBeforeTax": "-639398000", "incomeTaxExpense": "-63810000", "interestAndDebtExpense": "None", "netIncomeFromContinuingOperations": "-575588000", "comprehensiveIncomeNetOfTax": "None", "ebit": "-590207000", "ebitda": "-560279000", "netIncome": "-575588000"}, {"fiscalDateEnding": "2020-03-31", "reportedCurrency": "USD", "grossProfit": "564058000", "totalRevenue": "841830000", "costOfRevenue": "277772000", "costofGoodsAndServicesSold": "277772000", "operatingIncome": "-325489000", "sellingGeneralAndAdministrative": "91762000", "researchAndDevelopment": "258819000", "operatingExpenses": "889547000", "investmentIncomeNet": "None", "netInterestIncome": "15159000", "interestIncome": "15159000", "interestExpense": "15159000", "nonInterestIncome": "None", "otherNonOperatingIncome": "None", "depreciation": "None", "depreciationAndAmortization": "33872000", "incomeBeforeTax": "-357090000", "incomeTaxExpense": "-16485000", "interestAndDebtExpense": "None", "netIncomeFromContinuingOperations": "-340605000", "comprehensiveIncomeNetOfTax": "None", "ebit": "-357090000", "ebitda": "-323218000", "netIncome": "-340605000"}, {"fiscalDateEnding": "2019-12-31", "reportedCurrency": "USD", "grossProfit": "813178000", "totalRevenue": "1106796000", "costOfRevenue": "293618000", "costofGoodsAndServicesSold": "293618000", "operatingIncome": "-327939000", "sellingGeneralAndAdministrative": "206919000", "researchAndDevelopment": "282899000", "operatingExpenses": "1141117000", "investmentIncomeNet": "None", "netInterestIncome": "14074000", "interestIncome": "17241000", "interestExpense": "3167000", "nonInterestIncome": "None", "otherNonOperatingIncome": "None", "depreciation": "None", "depreciationAndAmortization": "37830000", "incomeBeforeTax": "-342089000", "incomeTaxExpense": "9449000", "interestAndDebtExpense": "None", "netIncomeFromContinuingOperations": "-351538000", "comprehensiveIncomeNetOfTax": "None", "ebit": "-338922000", "ebitda": "-301092000", "netIncome": "-351538000"}, {"fiscalDateEnding": "2019-09-30", "reportedCurrency": "USD", "grossProfit": "1337094000", "totalRevenue": "1645761000", "costOfRevenue": "308667000", "costofGoodsAndServicesSold": "308667000", "operatingIncome": "232530000", "sellingGeneralAndAdministrative": "175018000", "researchAndDevelopment": "276368000", "operatingExpenses": "1075249000", "investmentIncomeNet": "None", "netInterestIncome": "None", "interestIncome": "None", "interestExpense": "None", "nonInterestIncome": "None", "otherNonOperatingIncome": "None", "depreciation": "None", "depreciationAndAmortization": "22877310", "incomeBeforeTax": "281302000", "incomeTaxExpense": "14652000", "interestAndDebtExpense": "None", "netIncomeFromContinuingOperations": "None", "comprehensiveIncomeNetOfTax": "None", "ebit": "292155690", "ebitda": "315033000", "netIncome": "266649999"}]}