{"symbol": "MMC", "annualReports": [{"fiscalDateEnding": "2024-12-31", "reportedCurrency": "USD", "grossProfit": "24458000000", "totalRevenue": "24458000000", "costOfRevenue": "13996000000", "costofGoodsAndServicesSold": "13996000000", "operatingIncome": "5817000000", "sellingGeneralAndAdministrative": "None", "researchAndDevelopment": "None", "operatingExpenses": "18641000000", "investmentIncomeNet": "None", "netInterestIncome": "-617000000", "interestIncome": "83000000", "interestExpense": "700000000", "nonInterestIncome": "None", "otherNonOperatingIncome": "None", "depreciation": "None", "depreciationAndAmortization": "746000000", "incomeBeforeTax": "5480000000", "incomeTaxExpense": "1363000000", "interestAndDebtExpense": "None", "netIncomeFromContinuingOperations": "4117000000", "comprehensiveIncomeNetOfTax": "None", "ebit": "6180000000", "ebitda": "6926000000", "netIncome": "4060000000"}, {"fiscalDateEnding": "2023-12-31", "reportedCurrency": "USD", "grossProfit": "18381000000", "totalRevenue": "22736000000", "costOfRevenue": "4355000000", "costofGoodsAndServicesSold": "4355000000", "operatingIncome": "5282000000", "sellingGeneralAndAdministrative": "None", "researchAndDevelopment": "0.22", "operatingExpenses": "17454000000", "investmentIncomeNet": "None", "netInterestIncome": "-505000000", "interestIncome": "49000000", "interestExpense": "578000000", "nonInterestIncome": "None", "otherNonOperatingIncome": "None", "depreciation": "None", "depreciationAndAmortization": "713000000", "incomeBeforeTax": "5026000000", "incomeTaxExpense": "1224000000", "interestAndDebtExpense": "None", "netIncomeFromContinuingOperations": "3508000000", "comprehensiveIncomeNetOfTax": "None", "ebit": "5282000000", "ebitda": "5282000000", "netIncome": "3756000000"}, {"fiscalDateEnding": "2022-12-31", "reportedCurrency": "USD", "grossProfit": "8649000000", "totalRevenue": "20720000000", "costOfRevenue": "12071000000", "costofGoodsAndServicesSold": "12071000000", "operatingIncome": "4280000000", "sellingGeneralAndAdministrative": "12071000000", "researchAndDevelopment": "0.20", "operatingExpenses": "4369000000", "investmentIncomeNet": "None", "netInterestIncome": "-454000000", "interestIncome": "433000000", "interestExpense": "469000000", "nonInterestIncome": "None", "otherNonOperatingIncome": "36000000", "depreciation": "None", "depreciationAndAmortization": "15793000000", "incomeBeforeTax": "4082000000", "incomeTaxExpense": "995000000", "interestAndDebtExpense": "None", "netIncomeFromContinuingOperations": "3087000000", "comprehensiveIncomeNetOfTax": "None", "ebit": "-10103000000", "ebitda": "5690000000", "netIncome": "3050000000"}, {"fiscalDateEnding": "2021-12-31", "reportedCurrency": "USD", "grossProfit": "8395000000", "totalRevenue": "19820000000", "costOfRevenue": "11425000000", "costofGoodsAndServicesSold": "11425000000", "operatingIncome": "4312000000", "sellingGeneralAndAdministrative": "11425000000", "researchAndDevelopment": "0.21", "operatingExpenses": "4083000000", "investmentIncomeNet": "None", "netInterestIncome": "-442000000", "interestIncome": "381000000", "interestExpense": "444000000", "nonInterestIncome": "None", "otherNonOperatingIncome": "63000000", "depreciation": "None", "depreciationAndAmortization": "15160000000", "incomeBeforeTax": "4208000000", "incomeTaxExpense": "1034000000", "interestAndDebtExpense": "None", "netIncomeFromContinuingOperations": "3174000000", "comprehensiveIncomeNetOfTax": "None", "ebit": "-9661000000", "ebitda": "5499000000", "netIncome": "3143000000"}, {"fiscalDateEnding": "2020-12-31", "reportedCurrency": "USD", "grossProfit": "7095000000", "totalRevenue": "17224000000", "costOfRevenue": "10129000000", "costofGoodsAndServicesSold": "10129000000", "operatingIncome": "3066000000", "sellingGeneralAndAdministrative": "14158000000", "researchAndDevelopment": "0.16", "operatingExpenses": "4029000000", "investmentIncomeNet": "None", "netInterestIncome": "-508000000", "interestIncome": "7000000", "interestExpense": "515000000", "nonInterestIncome": "None", "otherNonOperatingIncome": "-15000000", "depreciation": "None", "depreciationAndAmortization": "13639000000", "incomeBeforeTax": "2793000000", "incomeTaxExpense": "747000000", "interestAndDebtExpense": "None", "netIncomeFromContinuingOperations": "2046000000", "comprehensiveIncomeNetOfTax": "None", "ebit": "-9575000000", "ebitda": "4064000000", "netIncome": "2016000000"}, {"fiscalDateEnding": "2019-12-31", "reportedCurrency": "USD", "grossProfit": "6918000000", "totalRevenue": "16652000000", "costOfRevenue": "9734000000", "costofGoodsAndServicesSold": "9734000000", "operatingIncome": "2677000000", "sellingGeneralAndAdministrative": "9734000000", "researchAndDevelopment": "0.15", "operatingExpenses": "4241000000", "investmentIncomeNet": "None", "netInterestIncome": "-485000000", "interestIncome": "39000000", "interestExpense": "524000000", "nonInterestIncome": "None", "otherNonOperatingIncome": "7000000", "depreciation": "None", "depreciationAndAmortization": "13509000000", "incomeBeforeTax": "2439000000", "incomeTaxExpense": "666000000", "interestAndDebtExpense": "None", "netIncomeFromContinuingOperations": "1773000000", "comprehensiveIncomeNetOfTax": "None", "ebit": "-9920000000", "ebitda": "3589000000", "netIncome": "1742000000"}, {"fiscalDateEnding": "2018-12-31", "reportedCurrency": "USD", "grossProfit": "6345000000", "totalRevenue": "14950000000", "costOfRevenue": "8605000000", "costofGoodsAndServicesSold": "8605000000", "operatingIncome": "2761000000", "sellingGeneralAndAdministrative": "8605000000", "researchAndDevelopment": "0.15", "operatingExpenses": "3584000000", "investmentIncomeNet": "None", "netInterestIncome": "-279000000", "interestIncome": "11000000", "interestExpense": "290000000", "nonInterestIncome": "None", "otherNonOperatingIncome": "11000000", "depreciation": "None", "depreciationAndAmortization": "12369000000", "incomeBeforeTax": "2244000000", "incomeTaxExpense": "574000000", "interestAndDebtExpense": "None", "netIncomeFromContinuingOperations": "1670000000", "comprehensiveIncomeNetOfTax": "None", "ebit": "-8892000000", "ebitda": "3477000000", "netIncome": "1650000000"}, {"fiscalDateEnding": "2017-12-31", "reportedCurrency": "USD", "grossProfit": "5939000000", "totalRevenue": "14024000000", "costOfRevenue": "8085000000", "costofGoodsAndServicesSold": "8085000000", "operatingIncome": "2655000000", "sellingGeneralAndAdministrative": "8085000000", "researchAndDevelopment": "0.19", "operatingExpenses": "3284000000", "investmentIncomeNet": "None", "netInterestIncome": "-228000000", "interestIncome": "9000000", "interestExpense": "237000000", "nonInterestIncome": "None", "otherNonOperatingIncome": "24000000", "depreciation": "None", "depreciationAndAmortization": "11125000000", "incomeBeforeTax": "2643000000", "incomeTaxExpense": "1133000000", "interestAndDebtExpense": "None", "netIncomeFromContinuingOperations": "1510000000", "comprehensiveIncomeNetOfTax": "None", "ebit": "-7788000000", "ebitda": "3337000000", "netIncome": "1492000000"}, {"fiscalDateEnding": "2016-12-31", "reportedCurrency": "USD", "grossProfit": "5750000000", "totalRevenue": "13211000000", "costOfRevenue": "7461000000", "costofGoodsAndServicesSold": "7461000000", "operatingIncome": "2664000000", "sellingGeneralAndAdministrative": "7461000000", "researchAndDevelopment": "0.19", "operatingExpenses": "3086000000", "investmentIncomeNet": "None", "netInterestIncome": "-184000000", "interestIncome": "5000000", "interestExpense": "189000000", "nonInterestIncome": "None", "otherNonOperatingIncome": "6000000", "depreciation": "None", "depreciationAndAmortization": "10500999993", "incomeBeforeTax": "2480000000", "incomeTaxExpense": "685000000", "interestAndDebtExpense": "None", "netIncomeFromContinuingOperations": "1795000000", "comprehensiveIncomeNetOfTax": "None", "ebit": "-7398999993", "ebitda": "3102000000", "netIncome": "1768000000"}, {"fiscalDateEnding": "2015-12-31", "reportedCurrency": "USD", "grossProfit": "5559000000", "totalRevenue": "12893000000", "costOfRevenue": "7334000000", "costofGoodsAndServicesSold": "7334000000", "operatingIncome": "2419000000", "sellingGeneralAndAdministrative": "7334000000", "researchAndDevelopment": "0", "operatingExpenses": "3140000000", "investmentIncomeNet": "None", "netInterestIncome": "None", "interestIncome": "112000000", "interestExpense": "163000000", "nonInterestIncome": "None", "otherNonOperatingIncome": "51000000", "depreciation": "None", "depreciationAndAmortization": "423000000", "incomeBeforeTax": "2307000000", "incomeTaxExpense": "671000000", "interestAndDebtExpense": "None", "netIncomeFromContinuingOperations": "1636000000", "comprehensiveIncomeNetOfTax": "None", "ebit": "2419000000", "ebitda": "2842000000", "netIncome": "1599000000"}, {"fiscalDateEnding": "2014-12-31", "reportedCurrency": "USD", "grossProfit": "5436000000", "totalRevenue": "12951000000", "costOfRevenue": "7515000000", "costofGoodsAndServicesSold": "7515000000", "operatingIncome": "2301000000", "sellingGeneralAndAdministrative": "7515000000", "researchAndDevelopment": "0", "operatingExpenses": "3135000000", "investmentIncomeNet": "None", "netInterestIncome": "None", "interestIncome": "None", "interestExpense": "165000000", "nonInterestIncome": "None", "otherNonOperatingIncome": "-79000000", "depreciation": "None", "depreciationAndAmortization": "388000000", "incomeBeforeTax": "2057000000", "incomeTaxExpense": "586000000", "interestAndDebtExpense": "None", "netIncomeFromContinuingOperations": "1471000000", "comprehensiveIncomeNetOfTax": "None", "ebit": "2301000000", "ebitda": "2689000000", "netIncome": "1465000000"}, {"fiscalDateEnding": "2013-12-31", "reportedCurrency": "USD", "grossProfit": "5035000000", "totalRevenue": "12261000000", "costOfRevenue": "7226000000", "costofGoodsAndServicesSold": "7226000000", "operatingIncome": "2077000000", "sellingGeneralAndAdministrative": "7226000000", "researchAndDevelopment": "0", "operatingExpenses": "2958000000", "investmentIncomeNet": "None", "netInterestIncome": "None", "interestIncome": "None", "interestExpense": "167000000", "nonInterestIncome": "None", "otherNonOperatingIncome": "63000000", "depreciation": "None", "depreciationAndAmortization": "358000000", "incomeBeforeTax": "1973000000", "incomeTaxExpense": "594000000", "interestAndDebtExpense": "None", "netIncomeFromContinuingOperations": "1379000000", "comprehensiveIncomeNetOfTax": "None", "ebit": "2077000000", "ebitda": "2435000000", "netIncome": "1357000000"}, {"fiscalDateEnding": "2012-12-31", "reportedCurrency": "USD", "grossProfit": "4790000000", "totalRevenue": "11924000000", "costOfRevenue": "7134000000", "costofGoodsAndServicesSold": "7134000000", "operatingIncome": "1829000000", "sellingGeneralAndAdministrative": "7134000000", "researchAndDevelopment": "0", "operatingExpenses": "2961000000", "investmentIncomeNet": "None", "netInterestIncome": "None", "interestIncome": "None", "interestExpense": "181000000", "nonInterestIncome": "None", "otherNonOperatingIncome": "48000000", "depreciation": "None", "depreciationAndAmortization": "349000000", "incomeBeforeTax": "1696000000", "incomeTaxExpense": "492000000", "interestAndDebtExpense": "None", "netIncomeFromContinuingOperations": "1204000000", "comprehensiveIncomeNetOfTax": "None", "ebit": "1829000000", "ebitda": "2178000000", "netIncome": "1176000000"}, {"fiscalDateEnding": "2011-12-31", "reportedCurrency": "USD", "grossProfit": "11526000000", "totalRevenue": "11526000000", "costOfRevenue": "9505000000", "costofGoodsAndServicesSold": "9505000000", "operatingIncome": "1638000000", "sellingGeneralAndAdministrative": "6969000000", "researchAndDevelopment": "0", "operatingExpenses": "9888000000", "investmentIncomeNet": "None", "netInterestIncome": "None", "interestIncome": "None", "interestExpense": "199000000", "nonInterestIncome": "None", "otherNonOperatingIncome": "-35000000", "depreciation": "None", "depreciationAndAmortization": "332000000", "incomeBeforeTax": "1404000000", "incomeTaxExpense": "422000000", "interestAndDebtExpense": "None", "netIncomeFromContinuingOperations": "982000000", "comprehensiveIncomeNetOfTax": "None", "ebit": "1701000000", "ebitda": "2033000000", "netIncome": "993000000"}, {"fiscalDateEnding": "2010-12-31", "reportedCurrency": "USD", "grossProfit": "10550000000", "totalRevenue": "10550000000", "costOfRevenue": "8713000000", "costofGoodsAndServicesSold": "8713000000", "operatingIncome": "939000000", "sellingGeneralAndAdministrative": "6465000000", "researchAndDevelopment": "0", "operatingExpenses": "9611000000", "investmentIncomeNet": "None", "netInterestIncome": "None", "interestIncome": "None", "interestExpense": "233000000", "nonInterestIncome": "None", "otherNonOperatingIncome": "63000000", "depreciation": "None", "depreciationAndAmortization": "357000000", "incomeBeforeTax": "769000000", "incomeTaxExpense": "204000000", "interestAndDebtExpense": "None", "netIncomeFromContinuingOperations": "565000000", "comprehensiveIncomeNetOfTax": "None", "ebit": "1082000000", "ebitda": "1439000000", "netIncome": "855000000"}, {"fiscalDateEnding": "2009-12-31", "reportedCurrency": "USD", "grossProfit": "10493000000", "totalRevenue": "10493000000", "costOfRevenue": "8848000000", "costofGoodsAndServicesSold": "8848000000", "operatingIncome": "509000000", "sellingGeneralAndAdministrative": "6484000000", "researchAndDevelopment": "0", "operatingExpenses": "9644000000", "investmentIncomeNet": "None", "netInterestIncome": "None", "interestIncome": "None", "interestExpense": "241000000", "nonInterestIncome": "None", "otherNonOperatingIncome": "15000000", "depreciation": "None", "depreciationAndAmortization": "365000000", "incomeBeforeTax": "308000000", "incomeTaxExpense": "51000000", "interestAndDebtExpense": "None", "netIncomeFromContinuingOperations": "242000000", "comprehensiveIncomeNetOfTax": "None", "ebit": "1077000000", "ebitda": "1442000000", "netIncome": "242000000"}, {"fiscalDateEnding": "2008-12-31", "reportedCurrency": "USD", "grossProfit": "11587000000", "totalRevenue": "11587000000", "costOfRevenue": "10014000000", "costofGoodsAndServicesSold": "10014000000", "operatingIncome": "263000000", "sellingGeneralAndAdministrative": "10784000000", "researchAndDevelopment": "None", "operatingExpenses": "11324000000", "investmentIncomeNet": "None", "netInterestIncome": "None", "interestIncome": "None", "interestExpense": "220000000", "nonInterestIncome": "None", "otherNonOperatingIncome": "None", "depreciation": "None", "depreciationAndAmortization": "404000000", "incomeBeforeTax": "79000000", "incomeTaxExpense": "137000000", "interestAndDebtExpense": "None", "netIncomeFromContinuingOperations": "None", "comprehensiveIncomeNetOfTax": "None", "ebit": "785000000", "ebitda": "1189000000", "netIncome": "-73000000"}, {"fiscalDateEnding": "2007-12-31", "reportedCurrency": "USD", "grossProfit": "11350000000", "totalRevenue": "11350000000", "costOfRevenue": "9764000000", "costofGoodsAndServicesSold": "9764000000", "operatingIncome": "1019000000", "sellingGeneralAndAdministrative": "10331000000", "researchAndDevelopment": "None", "operatingExpenses": "10331000000", "investmentIncomeNet": "None", "netInterestIncome": "None", "interestIncome": "None", "interestExpense": "0", "nonInterestIncome": "None", "otherNonOperatingIncome": "None", "depreciation": "None", "depreciationAndAmortization": "442000000", "incomeBeforeTax": "847000000", "incomeTaxExpense": "295000000", "interestAndDebtExpense": "None", "netIncomeFromContinuingOperations": "None", "comprehensiveIncomeNetOfTax": "None", "ebit": "1019000000", "ebitda": "1461000000", "netIncome": "2475000000"}, {"fiscalDateEnding": "2006-12-31", "reportedCurrency": "USD", "grossProfit": "4808000000", "totalRevenue": "11921000000", "costOfRevenue": "7113000000", "costofGoodsAndServicesSold": "7113000000", "operatingIncome": "1458000000", "sellingGeneralAndAdministrative": "3350000000", "researchAndDevelopment": "None", "operatingExpenses": "3350000000", "investmentIncomeNet": "None", "netInterestIncome": "None", "interestIncome": "None", "interestExpense": "0", "nonInterestIncome": "None", "otherNonOperatingIncome": "None", "depreciation": "None", "depreciationAndAmortization": "488000000", "incomeBeforeTax": "1219000000", "incomeTaxExpense": "388000000", "interestAndDebtExpense": "None", "netIncomeFromContinuingOperations": "None", "comprehensiveIncomeNetOfTax": "None", "ebit": "1458000000", "ebitda": "1946000000", "netIncome": "990000000"}, {"fiscalDateEnding": "2005-12-31", "reportedCurrency": "USD", "grossProfit": "7841000000", "totalRevenue": "11652000000", "costOfRevenue": "3811000000", "costofGoodsAndServicesSold": "3811000000", "operatingIncome": "856000000", "sellingGeneralAndAdministrative": "6945000000", "researchAndDevelopment": "None", "operatingExpenses": "6985000000", "investmentIncomeNet": "None", "netInterestIncome": "None", "interestIncome": "None", "interestExpense": "0", "nonInterestIncome": "None", "otherNonOperatingIncome": "None", "depreciation": "None", "depreciationAndAmortization": "490000000", "incomeBeforeTax": "571000000", "incomeTaxExpense": "192000000", "interestAndDebtExpense": "None", "netIncomeFromContinuingOperations": "None", "comprehensiveIncomeNetOfTax": "None", "ebit": "590000000", "ebitda": "1080000000", "netIncome": "404000000"}], "quarterlyReports": [{"fiscalDateEnding": "2025-03-31", "reportedCurrency": "USD", "grossProfit": "7061000000", "totalRevenue": "7061000000", "costOfRevenue": "3850000000", "costofGoodsAndServicesSold": "3850000000", "operatingIncome": "2005000000", "sellingGeneralAndAdministrative": "None", "researchAndDevelopment": "None", "operatingExpenses": "5056000000", "investmentIncomeNet": "None", "netInterestIncome": "-226000000", "interestIncome": "19000000", "interestExpense": "245000000", "nonInterestIncome": "None", "otherNonOperatingIncome": "None", "depreciation": "None", "depreciationAndAmortization": "227000000", "incomeBeforeTax": "1827000000", "incomeTaxExpense": "415000000", "interestAndDebtExpense": "None", "netIncomeFromContinuingOperations": "1412000000", "comprehensiveIncomeNetOfTax": "None", "ebit": "2072000000", "ebitda": "2299000000", "netIncome": "1381000000"}, {"fiscalDateEnding": "2024-12-31", "reportedCurrency": "USD", "grossProfit": "2437000000", "totalRevenue": "6067000000", "costOfRevenue": "3630000000", "costofGoodsAndServicesSold": "3630000000", "operatingIncome": "1142000000", "sellingGeneralAndAdministrative": "None", "researchAndDevelopment": "None", "operatingExpenses": "4925000000", "investmentIncomeNet": "None", "netInterestIncome": "-209000000", "interestIncome": "22000000", "interestExpense": "231000000", "nonInterestIncome": "None", "otherNonOperatingIncome": "None", "depreciation": "None", "depreciationAndAmortization": "201000000", "incomeBeforeTax": "1009000000", "incomeTaxExpense": "208000000", "interestAndDebtExpense": "None", "netIncomeFromContinuingOperations": "801000000", "comprehensiveIncomeNetOfTax": "None", "ebit": "1240000000", "ebitda": "1441000000", "netIncome": "788000000"}, {"fiscalDateEnding": "2024-09-30", "reportedCurrency": "USD", "grossProfit": "2255000000", "totalRevenue": "5697000000", "costOfRevenue": "3442000000", "costofGoodsAndServicesSold": "3442000000", "operatingIncome": "1108000000", "sellingGeneralAndAdministrative": "None", "researchAndDevelopment": "None", "operatingExpenses": "1147000000", "investmentIncomeNet": "None", "netInterestIncome": "-142000000", "interestIncome": "12000000", "interestExpense": "154000000", "nonInterestIncome": "None", "otherNonOperatingIncome": "None", "depreciation": "None", "depreciationAndAmortization": "180000000", "incomeBeforeTax": "1035000000", "incomeTaxExpense": "283000000", "interestAndDebtExpense": "None", "netIncomeFromContinuingOperations": "752000000", "comprehensiveIncomeNetOfTax": "None", "ebit": "1257000000", "ebitda": "1437000000", "netIncome": "747000000"}, {"fiscalDateEnding": "2024-06-30", "reportedCurrency": "USD", "grossProfit": "2768000000", "totalRevenue": "6222000000", "costOfRevenue": "3454000000", "costofGoodsAndServicesSold": "3454000000", "operatingIncome": "1783000000", "sellingGeneralAndAdministrative": "None", "researchAndDevelopment": "None", "operatingExpenses": "1125000000", "investmentIncomeNet": "None", "netInterestIncome": "-144000000", "interestIncome": "12000000", "interestExpense": "156000000", "nonInterestIncome": "None", "otherNonOperatingIncome": "None", "depreciation": "None", "depreciationAndAmortization": "176000000", "incomeBeforeTax": "1565000000", "incomeTaxExpense": "425000000", "interestAndDebtExpense": "None", "netIncomeFromContinuingOperations": "1140000000", "comprehensiveIncomeNetOfTax": "None", "ebit": "1729000000", "ebitda": "1905000000", "netIncome": "1125000000"}, {"fiscalDateEnding": "2024-03-31", "reportedCurrency": "USD", "grossProfit": "3004000000", "totalRevenue": "6474000000", "costOfRevenue": "3470000000", "costofGoodsAndServicesSold": "3470000000", "operatingIncome": "2044000000", "sellingGeneralAndAdministrative": "None", "researchAndDevelopment": "None", "operatingExpenses": "4241000000", "investmentIncomeNet": "None", "netInterestIncome": "-122000000", "interestIncome": "37000000", "interestExpense": "159000000", "nonInterestIncome": "None", "otherNonOperatingIncome": "None", "depreciation": "None", "depreciationAndAmortization": "189000000", "incomeBeforeTax": "1871000000", "incomeTaxExpense": "447000000", "interestAndDebtExpense": "None", "netIncomeFromContinuingOperations": "1424000000", "comprehensiveIncomeNetOfTax": "None", "ebit": "2016000000", "ebitda": "2205000000", "netIncome": "1400000000"}, {"fiscalDateEnding": "2023-12-31", "reportedCurrency": "USD", "grossProfit": "2286000000", "totalRevenue": "5554000000", "costOfRevenue": "3268000000", "costofGoodsAndServicesSold": "3268000000", "operatingIncome": "1103000000", "sellingGeneralAndAdministrative": "None", "researchAndDevelopment": "None", "operatingExpenses": "1183000000", "investmentIncomeNet": "None", "netInterestIncome": "-113000000", "interestIncome": "38000000", "interestExpense": "151000000", "nonInterestIncome": "None", "otherNonOperatingIncome": "None", "depreciation": "None", "depreciationAndAmortization": "186000000", "incomeBeforeTax": "1048000000", "incomeTaxExpense": "283000000", "interestAndDebtExpense": "None", "netIncomeFromContinuingOperations": "765000000", "comprehensiveIncomeNetOfTax": "None", "ebit": "1397000000", "ebitda": "1583000000", "netIncome": "756000000"}, {"fiscalDateEnding": "2023-09-30", "reportedCurrency": "USD", "grossProfit": "2095000000", "totalRevenue": "5382000000", "costOfRevenue": "3287000000", "costofGoodsAndServicesSold": "3287000000", "operatingIncome": "996000000", "sellingGeneralAndAdministrative": "3287000000", "researchAndDevelopment": "None", "operatingExpenses": "1099000000", "investmentIncomeNet": "None", "netInterestIncome": "-129000000", "interestIncome": "128000000", "interestExpense": "145000000", "nonInterestIncome": "None", "otherNonOperatingIncome": "None", "depreciation": "None", "depreciationAndAmortization": "180000000", "incomeBeforeTax": "930000000", "incomeTaxExpense": "192000000", "interestAndDebtExpense": "None", "netIncomeFromContinuingOperations": "738000000", "comprehensiveIncomeNetOfTax": "None", "ebit": "1058000000", "ebitda": "1238000000", "netIncome": "730000000"}, {"fiscalDateEnding": "2023-06-30", "reportedCurrency": "USD", "grossProfit": "2539000000", "totalRevenue": "5876000000", "costOfRevenue": "3337000000", "costofGoodsAndServicesSold": "3337000000", "operatingIncome": "1457000000", "sellingGeneralAndAdministrative": "4419000000", "researchAndDevelopment": "None", "operatingExpenses": "1082000000", "investmentIncomeNet": "None", "netInterestIncome": "-136000000", "interestIncome": "10000000", "interestExpense": "146000000", "nonInterestIncome": "None", "otherNonOperatingIncome": "13000000", "depreciation": "None", "depreciationAndAmortization": "178000000", "incomeBeforeTax": "1384000000", "incomeTaxExpense": "337000000", "interestAndDebtExpense": "None", "netIncomeFromContinuingOperations": "1047000000", "comprehensiveIncomeNetOfTax": "None", "ebit": "1527000000", "ebitda": "1705000000", "netIncome": "1035000000"}, {"fiscalDateEnding": "2023-03-31", "reportedCurrency": "USD", "grossProfit": "2717000000", "totalRevenue": "5924000000", "costOfRevenue": "3207000000", "costofGoodsAndServicesSold": "3207000000", "operatingIncome": "1726000000", "sellingGeneralAndAdministrative": "4198000000", "researchAndDevelopment": "None", "operatingExpenses": "991000000", "investmentIncomeNet": "None", "netInterestIncome": "-122000000", "interestIncome": "14000000", "interestExpense": "136000000", "nonInterestIncome": "None", "otherNonOperatingIncome": "16000000", "depreciation": "None", "depreciationAndAmortization": "169000000", "incomeBeforeTax": "1664000000", "incomeTaxExpense": "412000000", "interestAndDebtExpense": "None", "netIncomeFromContinuingOperations": "1252000000", "comprehensiveIncomeNetOfTax": "None", "ebit": "1750000000", "ebitda": "1919000000", "netIncome": "1235000000"}, {"fiscalDateEnding": "2022-12-31", "reportedCurrency": "USD", "grossProfit": "1984000000", "totalRevenue": "5022000000", "costOfRevenue": "3038000000", "costofGoodsAndServicesSold": "3038000000", "operatingIncome": "544000000", "sellingGeneralAndAdministrative": "3038000000", "researchAndDevelopment": "None", "operatingExpenses": "1304000000", "investmentIncomeNet": "None", "netInterestIncome": "-118000000", "interestIncome": "124000000", "interestExpense": "127000000", "nonInterestIncome": "None", "otherNonOperatingIncome": "3000000", "depreciation": "None", "depreciationAndAmortization": "202000000", "incomeBeforeTax": "613000000", "incomeTaxExpense": "142000000", "interestAndDebtExpense": "None", "netIncomeFromContinuingOperations": "471000000", "comprehensiveIncomeNetOfTax": "None", "ebit": "1193000000", "ebitda": "1395000000", "netIncome": "466000000"}, {"fiscalDateEnding": "2022-09-30", "reportedCurrency": "USD", "grossProfit": "1847000000", "totalRevenue": "4770000000", "costOfRevenue": "2923000000", "costofGoodsAndServicesSold": "2923000000", "operatingIncome": "791000000", "sellingGeneralAndAdministrative": "3979000000", "researchAndDevelopment": "None", "operatingExpenses": "1056000000", "investmentIncomeNet": "None", "netInterestIncome": "-114000000", "interestIncome": "4000000", "interestExpense": "118000000", "nonInterestIncome": "None", "otherNonOperatingIncome": "3000000", "depreciation": "None", "depreciationAndAmortization": "169000000", "incomeBeforeTax": "733000000", "incomeTaxExpense": "181000000", "interestAndDebtExpense": "None", "netIncomeFromContinuingOperations": "552000000", "comprehensiveIncomeNetOfTax": "None", "ebit": "848000000", "ebitda": "1017000000", "netIncome": "546000000"}, {"fiscalDateEnding": "2022-06-30", "reportedCurrency": "USD", "grossProfit": "2369000000", "totalRevenue": "5379000000", "costOfRevenue": "3010000000", "costofGoodsAndServicesSold": "3010000000", "operatingIncome": "1364000000", "sellingGeneralAndAdministrative": "4015000000", "researchAndDevelopment": "None", "operatingExpenses": "1005000000", "investmentIncomeNet": "None", "netInterestIncome": "-113000000", "interestIncome": "1000000", "interestExpense": "114000000", "nonInterestIncome": "None", "otherNonOperatingIncome": "3000000", "depreciation": "None", "depreciationAndAmortization": "168000000", "incomeBeforeTax": "1312000000", "incomeTaxExpense": "334000000", "interestAndDebtExpense": "None", "netIncomeFromContinuingOperations": "978000000", "comprehensiveIncomeNetOfTax": "None", "ebit": "1423000000", "ebitda": "1591000000", "netIncome": "967000000"}, {"fiscalDateEnding": "2022-03-31", "reportedCurrency": "USD", "grossProfit": "2449000000", "totalRevenue": "5549000000", "costOfRevenue": "3100000000", "costofGoodsAndServicesSold": "3100000000", "operatingIncome": "1445000000", "sellingGeneralAndAdministrative": "4104000000", "researchAndDevelopment": "None", "operatingExpenses": "1004000000", "investmentIncomeNet": "None", "netInterestIncome": "-109000000", "interestIncome": "1000000", "interestExpense": "110000000", "nonInterestIncome": "None", "otherNonOperatingIncome": "27000000", "depreciation": "None", "depreciationAndAmortization": "180000000", "incomeBeforeTax": "1424000000", "incomeTaxExpense": "338000000", "interestAndDebtExpense": "None", "netIncomeFromContinuingOperations": "1086000000", "comprehensiveIncomeNetOfTax": "None", "ebit": "1507000000", "ebitda": "1687000000", "netIncome": "1071000000"}, {"fiscalDateEnding": "2021-12-31", "reportedCurrency": "USD", "grossProfit": "2232000000", "totalRevenue": "5137000000", "costOfRevenue": "2905000000", "costofGoodsAndServicesSold": "2905000000", "operatingIncome": "986000000", "sellingGeneralAndAdministrative": "2905000000", "researchAndDevelopment": "None", "operatingExpenses": "1246000000", "investmentIncomeNet": "None", "netInterestIncome": "-109000000", "interestIncome": "91000000", "interestExpense": "109000000", "nonInterestIncome": "None", "otherNonOperatingIncome": "18000000", "depreciation": "None", "depreciationAndAmortization": "178000000", "incomeBeforeTax": "961000000", "incomeTaxExpense": "154000000", "interestAndDebtExpense": "None", "netIncomeFromContinuingOperations": "807000000", "comprehensiveIncomeNetOfTax": "None", "ebit": "1215000000", "ebitda": "1393000000", "netIncome": "803000000"}, {"fiscalDateEnding": "2021-09-30", "reportedCurrency": "USD", "grossProfit": "1730000000", "totalRevenue": "4583000000", "costOfRevenue": "2853000000", "costofGoodsAndServicesSold": "2853000000", "operatingIncome": "740000000", "sellingGeneralAndAdministrative": "2853000000", "researchAndDevelopment": "None", "operatingExpenses": "990000000", "investmentIncomeNet": "None", "netInterestIncome": "-106000000", "interestIncome": "93000000", "interestExpense": "107000000", "nonInterestIncome": "None", "otherNonOperatingIncome": "14000000", "depreciation": "None", "depreciationAndAmortization": "179000000", "incomeBeforeTax": "716000000", "incomeTaxExpense": "174000000", "interestAndDebtExpense": "None", "netIncomeFromContinuingOperations": "542000000", "comprehensiveIncomeNetOfTax": "None", "ebit": "809000000", "ebitda": "988000000", "netIncome": "537000000"}, {"fiscalDateEnding": "2021-06-30", "reportedCurrency": "USD", "grossProfit": "2157000000", "totalRevenue": "5017000000", "costOfRevenue": "2860000000", "costofGoodsAndServicesSold": "2860000000", "operatingIncome": "1228000000", "sellingGeneralAndAdministrative": "2860000000", "researchAndDevelopment": "None", "operatingExpenses": "929000000", "investmentIncomeNet": "None", "netInterestIncome": "-109000000", "interestIncome": "1000000", "interestExpense": "110000000", "nonInterestIncome": "None", "otherNonOperatingIncome": "20000000", "depreciation": "None", "depreciationAndAmortization": "193000000", "incomeBeforeTax": "1209000000", "incomeTaxExpense": "382000000", "interestAndDebtExpense": "None", "netIncomeFromContinuingOperations": "827000000", "comprehensiveIncomeNetOfTax": "None", "ebit": "1299000000", "ebitda": "1492000000", "netIncome": "820000000"}, {"fiscalDateEnding": "2021-03-31", "reportedCurrency": "USD", "grossProfit": "2276000000", "totalRevenue": "5083000000", "costOfRevenue": "2807000000", "costofGoodsAndServicesSold": "2807000000", "operatingIncome": "1358000000", "sellingGeneralAndAdministrative": "3725000000", "researchAndDevelopment": "None", "operatingExpenses": "918000000", "investmentIncomeNet": "None", "netInterestIncome": "-118000000", "interestIncome": "107000000", "interestExpense": "118000000", "nonInterestIncome": "None", "otherNonOperatingIncome": "11000000", "depreciation": "None", "depreciationAndAmortization": "197000000", "incomeBeforeTax": "1322000000", "incomeTaxExpense": "324000000", "interestAndDebtExpense": "None", "netIncomeFromContinuingOperations": "998000000", "comprehensiveIncomeNetOfTax": "None", "ebit": "1429000000", "ebitda": "1626000000", "netIncome": "983000000"}, {"fiscalDateEnding": "2020-12-31", "reportedCurrency": "USD", "grossProfit": "1766000000", "totalRevenue": "4416000000", "costOfRevenue": "2650000000", "costofGoodsAndServicesSold": "2650000000", "operatingIncome": "571000000", "sellingGeneralAndAdministrative": "4984000000", "researchAndDevelopment": "None", "operatingExpenses": "1195000000", "investmentIncomeNet": "None", "netInterestIncome": "-126000000", "interestIncome": "2000000", "interestExpense": "128000000", "nonInterestIncome": "None", "otherNonOperatingIncome": "27000000", "depreciation": "None", "depreciationAndAmortization": "194000000", "incomeBeforeTax": "540000000", "incomeTaxExpense": "161000000", "interestAndDebtExpense": "None", "netIncomeFromContinuingOperations": "379000000", "comprehensiveIncomeNetOfTax": "None", "ebit": "981000000", "ebitda": "1175000000", "netIncome": "374000000"}, {"fiscalDateEnding": "2020-09-30", "reportedCurrency": "USD", "grossProfit": "1473000000", "totalRevenue": "3968000000", "costOfRevenue": "2495000000", "costofGoodsAndServicesSold": "2495000000", "operatingIncome": "540000000", "sellingGeneralAndAdministrative": "3428000000", "researchAndDevelopment": "None", "operatingExpenses": "933000000", "investmentIncomeNet": "None", "netInterestIncome": "-127000000", "interestIncome": "141000000", "interestExpense": "128000000", "nonInterestIncome": "None", "otherNonOperatingIncome": "-13000000", "depreciation": "None", "depreciationAndAmortization": "185000000", "incomeBeforeTax": "459000000", "incomeTaxExpense": "139000000", "interestAndDebtExpense": "None", "netIncomeFromContinuingOperations": "320000000", "comprehensiveIncomeNetOfTax": "None", "ebit": "600000000", "ebitda": "785000000", "netIncome": "316000000"}, {"fiscalDateEnding": "2020-06-30", "reportedCurrency": "USD", "grossProfit": "1760000000", "totalRevenue": "4189000000", "costOfRevenue": "2429000000", "costofGoodsAndServicesSold": "2429000000", "operatingIncome": "885000000", "sellingGeneralAndAdministrative": "2429000000", "researchAndDevelopment": "None", "operatingExpenses": "875000000", "investmentIncomeNet": "None", "netInterestIncome": "-130000000", "interestIncome": "2000000", "interestExpense": "132000000", "nonInterestIncome": "None", "otherNonOperatingIncome": "-29000000", "depreciation": "None", "depreciationAndAmortization": "179000000", "incomeBeforeTax": "787000000", "incomeTaxExpense": "207000000", "interestAndDebtExpense": "None", "netIncomeFromContinuingOperations": "580000000", "comprehensiveIncomeNetOfTax": "None", "ebit": "948000000", "ebitda": "1127000000", "netIncome": "572000000"}, {"fiscalDateEnding": "2020-03-31", "reportedCurrency": "USD", "grossProfit": "2096000000", "totalRevenue": "4651000000", "costOfRevenue": "2555000000", "costofGoodsAndServicesSold": "2555000000", "operatingIncome": "1070000000", "sellingGeneralAndAdministrative": "2555000000", "researchAndDevelopment": "None", "operatingExpenses": "1026000000", "investmentIncomeNet": "None", "netInterestIncome": "-125000000", "interestIncome": "2000000", "interestExpense": "127000000", "nonInterestIncome": "None", "otherNonOperatingIncome": "None", "depreciation": "None", "depreciationAndAmortization": "183000000", "incomeBeforeTax": "1007000000", "incomeTaxExpense": "240000000", "interestAndDebtExpense": "None", "netIncomeFromContinuingOperations": "767000000", "comprehensiveIncomeNetOfTax": "None", "ebit": "1134000000", "ebitda": "1317000000", "netIncome": "754000000"}, {"fiscalDateEnding": "2019-12-31", "reportedCurrency": "USD", "grossProfit": "1786000000", "totalRevenue": "4264000000", "costOfRevenue": "2478000000", "costofGoodsAndServicesSold": "2478000000", "operatingIncome": "592000000", "sellingGeneralAndAdministrative": "2478000000", "researchAndDevelopment": "None", "operatingExpenses": "1194000000", "investmentIncomeNet": "None", "netInterestIncome": "-125000000", "interestIncome": "5000000", "interestExpense": "130000000", "nonInterestIncome": "None", "otherNonOperatingIncome": "-15000000", "depreciation": "None", "depreciationAndAmortization": "167000000", "incomeBeforeTax": "531000000", "incomeTaxExpense": "135000000", "interestAndDebtExpense": "None", "netIncomeFromContinuingOperations": "396000000", "comprehensiveIncomeNetOfTax": "None", "ebit": "1226000000", "ebitda": "1393000000", "netIncome": "391000000"}, {"fiscalDateEnding": "2019-09-30", "reportedCurrency": "USD", "grossProfit": "1531000000", "totalRevenue": "3968000000", "costOfRevenue": "2437000000", "costofGoodsAndServicesSold": "2437000000", "operatingIncome": "467000000", "sellingGeneralAndAdministrative": "2437000000", "researchAndDevelopment": "None", "operatingExpenses": "1064000000", "investmentIncomeNet": "None", "netInterestIncome": "-129000000", "interestIncome": "4000000", "interestExpense": "133000000", "nonInterestIncome": "None", "otherNonOperatingIncome": "11000000", "depreciation": "None", "depreciationAndAmortization": "19000000", "incomeBeforeTax": "414000000", "incomeTaxExpense": "108000000", "interestAndDebtExpense": "None", "netIncomeFromContinuingOperations": "306000000", "comprehensiveIncomeNetOfTax": "None", "ebit": "687000000", "ebitda": "706000000", "netIncome": "303000000"}, {"fiscalDateEnding": "2019-06-30", "reportedCurrency": "USD", "grossProfit": "1812000000", "totalRevenue": "4349000000", "costOfRevenue": "2537000000", "costofGoodsAndServicesSold": "2537000000", "operatingIncome": "680000000", "sellingGeneralAndAdministrative": "2537000000", "researchAndDevelopment": "None", "operatingExpenses": "1132000000", "investmentIncomeNet": "None", "netInterestIncome": "-139000000", "interestIncome": "2000000", "interestExpense": "141000000", "nonInterestIncome": "None", "otherNonOperatingIncome": "-22000000", "depreciation": "None", "depreciationAndAmortization": "268000000", "incomeBeforeTax": "550000000", "incomeTaxExpense": "206000000", "interestAndDebtExpense": "None", "netIncomeFromContinuingOperations": "344000000", "comprehensiveIncomeNetOfTax": "None", "ebit": "732000000", "ebitda": "1000000000", "netIncome": "332000000"}, {"fiscalDateEnding": "2019-03-31", "reportedCurrency": "USD", "grossProfit": "1789000000", "totalRevenue": "4071000000", "costOfRevenue": "2282000000", "costofGoodsAndServicesSold": "2282000000", "operatingIncome": "938000000", "sellingGeneralAndAdministrative": "2282000000", "researchAndDevelopment": "None", "operatingExpenses": "851000000", "investmentIncomeNet": "None", "netInterestIncome": "-92000000", "interestIncome": "58000000", "interestExpense": "120000000", "nonInterestIncome": "None", "otherNonOperatingIncome": "33000000", "depreciation": "None", "depreciationAndAmortization": "193000000", "incomeBeforeTax": "944000000", "incomeTaxExpense": "217000000", "interestAndDebtExpense": "None", "netIncomeFromContinuingOperations": "727000000", "comprehensiveIncomeNetOfTax": "None", "ebit": "1050000000", "ebitda": "1243000000", "netIncome": "716000000"}, {"fiscalDateEnding": "2018-12-31", "reportedCurrency": "USD", "grossProfit": "1549000000", "totalRevenue": "3712000000", "costOfRevenue": "2163000000", "costofGoodsAndServicesSold": "2163000000", "operatingIncome": "621000000", "sellingGeneralAndAdministrative": "2163000000", "researchAndDevelopment": "0", "operatingExpenses": "928000000", "investmentIncomeNet": "None", "netInterestIncome": "None", "interestIncome": "None", "interestExpense": "92000000", "nonInterestIncome": "None", "otherNonOperatingIncome": "27000000", "depreciation": "None", "depreciationAndAmortization": "123000000", "incomeBeforeTax": "224000000", "incomeTaxExpense": "65000000", "interestAndDebtExpense": "None", "netIncomeFromContinuingOperations": "159000000", "comprehensiveIncomeNetOfTax": "None", "ebit": "642000000", "ebitda": "765000000", "netIncome": "153000000"}, {"fiscalDateEnding": "2018-09-30", "reportedCurrency": "USD", "grossProfit": "1421000000", "totalRevenue": "3504000000", "costOfRevenue": "2083000000", "costofGoodsAndServicesSold": "2083000000", "operatingIncome": "541000000", "sellingGeneralAndAdministrative": "2083000000", "researchAndDevelopment": "0", "operatingExpenses": "880000000", "investmentIncomeNet": "None", "netInterestIncome": "None", "interestIncome": "None", "interestExpense": "69000000", "nonInterestIncome": "None", "otherNonOperatingIncome": "-50000000", "depreciation": "None", "depreciationAndAmortization": "124000000", "incomeBeforeTax": "385000000", "incomeTaxExpense": "106000000", "interestAndDebtExpense": "None", "netIncomeFromContinuingOperations": "279000000", "comprehensiveIncomeNetOfTax": "None", "ebit": "604000000", "ebitda": "728000000", "netIncome": "276000000"}, {"fiscalDateEnding": "2018-06-30", "reportedCurrency": "USD", "grossProfit": "1599000000", "totalRevenue": "3734000000", "costOfRevenue": "2135000000", "costofGoodsAndServicesSold": "2135000000", "operatingIncome": "691000000", "sellingGeneralAndAdministrative": "2135000000", "researchAndDevelopment": "0", "operatingExpenses": "908000000", "investmentIncomeNet": "None", "netInterestIncome": "None", "interestIncome": "None", "interestExpense": "68000000", "nonInterestIncome": "None", "otherNonOperatingIncome": "31000000", "depreciation": "None", "depreciationAndAmortization": "122000000", "incomeBeforeTax": "719000000", "incomeTaxExpense": "183000000", "interestAndDebtExpense": "None", "netIncomeFromContinuingOperations": "536000000", "comprehensiveIncomeNetOfTax": "None", "ebit": "756000000", "ebitda": "878000000", "netIncome": "531000000"}, {"fiscalDateEnding": "2018-03-31", "reportedCurrency": "USD", "grossProfit": "1776000000", "totalRevenue": "4000000000", "costOfRevenue": "2224000000", "costofGoodsAndServicesSold": "2224000000", "operatingIncome": "908000000", "sellingGeneralAndAdministrative": "2224000000", "researchAndDevelopment": "0", "operatingExpenses": "868000000", "investmentIncomeNet": "None", "netInterestIncome": "None", "interestIncome": "None", "interestExpense": "61000000", "nonInterestIncome": "None", "otherNonOperatingIncome": "3000000", "depreciation": "None", "depreciationAndAmortization": "125000000", "incomeBeforeTax": "916000000", "incomeTaxExpense": "220000000", "interestAndDebtExpense": "None", "netIncomeFromContinuingOperations": "696000000", "comprehensiveIncomeNetOfTax": "None", "ebit": "974000000", "ebitda": "1099000000", "netIncome": "690000000"}, {"fiscalDateEnding": "2017-12-31", "reportedCurrency": "USD", "grossProfit": "1587000000", "totalRevenue": "3685000000", "costOfRevenue": "2098000000", "costofGoodsAndServicesSold": "2098000000", "operatingIncome": "686000000", "sellingGeneralAndAdministrative": "2098000000", "researchAndDevelopment": "0", "operatingExpenses": "901000000", "investmentIncomeNet": "None", "netInterestIncome": "None", "interestIncome": "None", "interestExpense": "59000000", "nonInterestIncome": "None", "otherNonOperatingIncome": "12000000", "depreciation": "None", "depreciationAndAmortization": "125000000", "incomeBeforeTax": "642000000", "incomeTaxExpense": "614000000", "interestAndDebtExpense": "None", "netIncomeFromContinuingOperations": "28000000", "comprehensiveIncomeNetOfTax": "None", "ebit": "686000000", "ebitda": "811000000", "netIncome": "29000000"}, {"fiscalDateEnding": "2017-09-30", "reportedCurrency": "USD", "grossProfit": "1435000000", "totalRevenue": "3341000000", "costOfRevenue": "1906000000", "costofGoodsAndServicesSold": "1906000000", "operatingIncome": "597000000", "sellingGeneralAndAdministrative": "1906000000", "researchAndDevelopment": "0", "operatingExpenses": "838000000", "investmentIncomeNet": "None", "netInterestIncome": "None", "interestIncome": "None", "interestExpense": "60000000", "nonInterestIncome": "None", "otherNonOperatingIncome": "2000000", "depreciation": "None", "depreciationAndAmortization": "120000000", "incomeBeforeTax": "537000000", "incomeTaxExpense": "140000000", "interestAndDebtExpense": "None", "netIncomeFromContinuingOperations": "397000000", "comprehensiveIncomeNetOfTax": "None", "ebit": "597000000", "ebitda": "717000000", "netIncome": "393000000"}, {"fiscalDateEnding": "2017-06-30", "reportedCurrency": "USD", "grossProfit": "1560000000", "totalRevenue": "3495000000", "costOfRevenue": "1935000000", "costofGoodsAndServicesSold": "1935000000", "operatingIncome": "764000000", "sellingGeneralAndAdministrative": "1935000000", "researchAndDevelopment": "0", "operatingExpenses": "796000000", "investmentIncomeNet": "None", "netInterestIncome": "None", "interestIncome": "None", "interestExpense": "60000000", "nonInterestIncome": "None", "otherNonOperatingIncome": "7000000", "depreciation": "None", "depreciationAndAmortization": "116000000", "incomeBeforeTax": "711000000", "incomeTaxExpense": "204000000", "interestAndDebtExpense": "None", "netIncomeFromContinuingOperations": "507000000", "comprehensiveIncomeNetOfTax": "None", "ebit": "764000000", "ebitda": "880000000", "netIncome": "501000000"}, {"fiscalDateEnding": "2017-03-31", "reportedCurrency": "USD", "grossProfit": "1558000000", "totalRevenue": "3503000000", "costOfRevenue": "1945000000", "costofGoodsAndServicesSold": "1945000000", "operatingIncome": "809000000", "sellingGeneralAndAdministrative": "1945000000", "researchAndDevelopment": "0", "operatingExpenses": "749000000", "investmentIncomeNet": "None", "netInterestIncome": "None", "interestIncome": "None", "interestExpense": "58000000", "nonInterestIncome": "None", "otherNonOperatingIncome": "3000000", "depreciation": "None", "depreciationAndAmortization": "120000000", "incomeBeforeTax": "753000000", "incomeTaxExpense": "175000000", "interestAndDebtExpense": "None", "netIncomeFromContinuingOperations": "578000000", "comprehensiveIncomeNetOfTax": "None", "ebit": "689000000", "ebitda": "809000000", "netIncome": "569000000"}, {"fiscalDateEnding": "2016-12-31", "reportedCurrency": "USD", "grossProfit": "1446000000", "totalRevenue": "3364000000", "costOfRevenue": "1918000000", "costofGoodsAndServicesSold": "1918000000", "operatingIncome": "633000000", "sellingGeneralAndAdministrative": "1918000000", "researchAndDevelopment": "0", "operatingExpenses": "813000000", "investmentIncomeNet": "None", "netInterestIncome": "None", "interestIncome": "None", "interestExpense": "48000000", "nonInterestIncome": "None", "otherNonOperatingIncome": "3000000", "depreciation": "None", "depreciationAndAmortization": "108000000", "incomeBeforeTax": "588000000", "incomeTaxExpense": "147000000", "interestAndDebtExpense": "None", "netIncomeFromContinuingOperations": "441000000", "comprehensiveIncomeNetOfTax": "None", "ebit": "633000000", "ebitda": "741000000", "netIncome": "436000000"}, {"fiscalDateEnding": "2016-09-30", "reportedCurrency": "USD", "grossProfit": "1318000000", "totalRevenue": "3135000000", "costOfRevenue": "1817000000", "costofGoodsAndServicesSold": "1817000000", "operatingIncome": "572000000", "sellingGeneralAndAdministrative": "1817000000", "researchAndDevelopment": "0", "operatingExpenses": "746000000", "investmentIncomeNet": "None", "netInterestIncome": "None", "interestIncome": "None", "interestExpense": "47000000", "nonInterestIncome": "None", "otherNonOperatingIncome": "1000000", "depreciation": "None", "depreciationAndAmortization": "109000000", "incomeBeforeTax": "525000000", "incomeTaxExpense": "141000000", "interestAndDebtExpense": "None", "netIncomeFromContinuingOperations": "384000000", "comprehensiveIncomeNetOfTax": "None", "ebit": "572000000", "ebitda": "681000000", "netIncome": "379000000"}, {"fiscalDateEnding": "2016-06-30", "reportedCurrency": "USD", "grossProfit": "1504000000", "totalRevenue": "3376000000", "costOfRevenue": "1872000000", "costofGoodsAndServicesSold": "1872000000", "operatingIncome": "726000000", "sellingGeneralAndAdministrative": "1872000000", "researchAndDevelopment": "0", "operatingExpenses": "778000000", "investmentIncomeNet": "None", "netInterestIncome": "None", "interestIncome": "None", "interestExpense": "48000000", "nonInterestIncome": "None", "otherNonOperatingIncome": "3000000", "depreciation": "None", "depreciationAndAmortization": "110000000", "incomeBeforeTax": "681000000", "incomeTaxExpense": "201000000", "interestAndDebtExpense": "None", "netIncomeFromContinuingOperations": "480000000", "comprehensiveIncomeNetOfTax": "None", "ebit": "726000000", "ebitda": "836000000", "netIncome": "472000000"}, {"fiscalDateEnding": "2016-03-31", "reportedCurrency": "USD", "grossProfit": "1482000000", "totalRevenue": "3336000000", "costOfRevenue": "1854000000", "costofGoodsAndServicesSold": "1854000000", "operatingIncome": "733000000", "sellingGeneralAndAdministrative": "1854000000", "researchAndDevelopment": "0", "operatingExpenses": "749000000", "investmentIncomeNet": "None", "netInterestIncome": "None", "interestIncome": "None", "interestExpense": "46000000", "nonInterestIncome": "None", "otherNonOperatingIncome": "-1000000", "depreciation": "None", "depreciationAndAmortization": "111000000", "incomeBeforeTax": "686000000", "incomeTaxExpense": "196000000", "interestAndDebtExpense": "None", "netIncomeFromContinuingOperations": "490000000", "comprehensiveIncomeNetOfTax": "None", "ebit": "733000000", "ebitda": "844000000", "netIncome": "481000000"}, {"fiscalDateEnding": "2015-12-31", "reportedCurrency": "USD", "grossProfit": "1438000000", "totalRevenue": "3338000000", "costOfRevenue": "1900000000", "costofGoodsAndServicesSold": "1900000000", "operatingIncome": "594000000", "sellingGeneralAndAdministrative": "1900000000", "researchAndDevelopment": "0", "operatingExpenses": "844000000", "investmentIncomeNet": "None", "netInterestIncome": "None", "interestIncome": "None", "interestExpense": "46000000", "nonInterestIncome": "None", "otherNonOperatingIncome": "3000000", "depreciation": "None", "depreciationAndAmortization": "111000000", "incomeBeforeTax": "551000000", "incomeTaxExpense": "171000000", "interestAndDebtExpense": "None", "netIncomeFromContinuingOperations": "380000000", "comprehensiveIncomeNetOfTax": "None", "ebit": "594000000", "ebitda": "705000000", "netIncome": "375000000"}, {"fiscalDateEnding": "2015-09-30", "reportedCurrency": "USD", "grossProfit": "1237000000", "totalRevenue": "3115000000", "costOfRevenue": "1878000000", "costofGoodsAndServicesSold": "1878000000", "operatingIncome": "461000000", "sellingGeneralAndAdministrative": "1878000000", "researchAndDevelopment": "0", "operatingExpenses": "776000000", "investmentIncomeNet": "None", "netInterestIncome": "None", "interestIncome": "None", "interestExpense": "41000000", "nonInterestIncome": "None", "otherNonOperatingIncome": "37000000", "depreciation": "None", "depreciationAndAmortization": "108000000", "incomeBeforeTax": "457000000", "incomeTaxExpense": "128000000", "interestAndDebtExpense": "None", "netIncomeFromContinuingOperations": "329000000", "comprehensiveIncomeNetOfTax": "None", "ebit": "461000000", "ebitda": "569000000", "netIncome": "323000000"}, {"fiscalDateEnding": "2015-06-30", "reportedCurrency": "USD", "grossProfit": "1399000000", "totalRevenue": "3225000000", "costOfRevenue": "1826000000", "costofGoodsAndServicesSold": "1826000000", "operatingIncome": "629000000", "sellingGeneralAndAdministrative": "1826000000", "researchAndDevelopment": "0", "operatingExpenses": "770000000", "investmentIncomeNet": "None", "netInterestIncome": "None", "interestIncome": "None", "interestExpense": "40000000", "nonInterestIncome": "None", "otherNonOperatingIncome": "6000000", "depreciation": "None", "depreciationAndAmortization": "103000000", "incomeBeforeTax": "595000000", "incomeTaxExpense": "166000000", "interestAndDebtExpense": "None", "netIncomeFromContinuingOperations": "429000000", "comprehensiveIncomeNetOfTax": "None", "ebit": "629000000", "ebitda": "732000000", "netIncome": "419000000"}, {"fiscalDateEnding": "2015-03-31", "reportedCurrency": "USD", "grossProfit": "1485000000", "totalRevenue": "3215000000", "costOfRevenue": "1730000000", "costofGoodsAndServicesSold": "1730000000", "operatingIncome": "735000000", "sellingGeneralAndAdministrative": "1730000000", "researchAndDevelopment": "0", "operatingExpenses": "750000000", "investmentIncomeNet": "None", "netInterestIncome": "None", "interestIncome": "None", "interestExpense": "36000000", "nonInterestIncome": "None", "otherNonOperatingIncome": "5000000", "depreciation": "None", "depreciationAndAmortization": "101000000", "incomeBeforeTax": "704000000", "incomeTaxExpense": "206000000", "interestAndDebtExpense": "None", "netIncomeFromContinuingOperations": "498000000", "comprehensiveIncomeNetOfTax": "None", "ebit": "735000000", "ebitda": "836000000", "netIncome": "482000000"}, {"fiscalDateEnding": "2014-12-31", "reportedCurrency": "USD", "grossProfit": "1350000000", "totalRevenue": "3246000000", "costOfRevenue": "1896000000", "costofGoodsAndServicesSold": "1896000000", "operatingIncome": "536000000", "sellingGeneralAndAdministrative": "1896000000", "researchAndDevelopment": "0", "operatingExpenses": "814000000", "investmentIncomeNet": "None", "netInterestIncome": "None", "interestIncome": "None", "interestExpense": "36000000", "nonInterestIncome": "None", "otherNonOperatingIncome": "-132000000", "depreciation": "None", "depreciationAndAmortization": "99000000", "incomeBeforeTax": "368000000", "incomeTaxExpense": "99000000", "interestAndDebtExpense": "None", "netIncomeFromContinuingOperations": "269000000", "comprehensiveIncomeNetOfTax": "None", "ebit": "536000000", "ebitda": "635000000", "netIncome": "294000000"}, {"fiscalDateEnding": "2014-09-30", "reportedCurrency": "USD", "grossProfit": "1237000000", "totalRevenue": "3141000000", "costOfRevenue": "1904000000", "costofGoodsAndServicesSold": "1904000000", "operatingIncome": "445000000", "sellingGeneralAndAdministrative": "1904000000", "researchAndDevelopment": "0", "operatingExpenses": "792000000", "investmentIncomeNet": "None", "netInterestIncome": "None", "interestIncome": "None", "interestExpense": "45000000", "nonInterestIncome": "None", "otherNonOperatingIncome": "32000000", "depreciation": "None", "depreciationAndAmortization": "98000000", "incomeBeforeTax": "432000000", "incomeTaxExpense": "127000000", "interestAndDebtExpense": "None", "netIncomeFromContinuingOperations": "305000000", "comprehensiveIncomeNetOfTax": "None", "ebit": "445000000", "ebitda": "543000000", "netIncome": "297000000"}, {"fiscalDateEnding": "2014-06-30", "reportedCurrency": "USD", "grossProfit": "1424000000", "totalRevenue": "3300000000", "costOfRevenue": "1876000000", "costofGoodsAndServicesSold": "1876000000", "operatingIncome": "647000000", "sellingGeneralAndAdministrative": "1876000000", "researchAndDevelopment": "0", "operatingExpenses": "777000000", "investmentIncomeNet": "None", "netInterestIncome": "None", "interestIncome": "None", "interestExpense": "42000000", "nonInterestIncome": "None", "otherNonOperatingIncome": "3000000", "depreciation": "None", "depreciationAndAmortization": "94000000", "incomeBeforeTax": "608000000", "incomeTaxExpense": "168000000", "interestAndDebtExpense": "None", "netIncomeFromContinuingOperations": "440000000", "comprehensiveIncomeNetOfTax": "None", "ebit": "647000000", "ebitda": "741000000", "netIncome": "431000000"}, {"fiscalDateEnding": "2014-03-31", "reportedCurrency": "USD", "grossProfit": "1425000000", "totalRevenue": "3264000000", "costOfRevenue": "1839000000", "costofGoodsAndServicesSold": "1839000000", "operatingIncome": "673000000", "sellingGeneralAndAdministrative": "1839000000", "researchAndDevelopment": "0", "operatingExpenses": "752000000", "investmentIncomeNet": "None", "netInterestIncome": "None", "interestIncome": "None", "interestExpense": "42000000", "nonInterestIncome": "None", "otherNonOperatingIncome": "18000000", "depreciation": "None", "depreciationAndAmortization": "97000000", "incomeBeforeTax": "649000000", "incomeTaxExpense": "192000000", "interestAndDebtExpense": "None", "netIncomeFromContinuingOperations": "457000000", "comprehensiveIncomeNetOfTax": "None", "ebit": "673000000", "ebitda": "770000000", "netIncome": "443000000"}, {"fiscalDateEnding": "2013-12-31", "reportedCurrency": "USD", "grossProfit": "1282000000", "totalRevenue": "3115000000", "costOfRevenue": "1833000000", "costofGoodsAndServicesSold": "1833000000", "operatingIncome": "489000000", "sellingGeneralAndAdministrative": "1833000000", "researchAndDevelopment": "0", "operatingExpenses": "793000000", "investmentIncomeNet": "None", "netInterestIncome": "None", "interestIncome": "None", "interestExpense": "43000000", "nonInterestIncome": "None", "otherNonOperatingIncome": "-8000000", "depreciation": "None", "depreciationAndAmortization": "92000000", "incomeBeforeTax": "438000000", "incomeTaxExpense": "131000000", "interestAndDebtExpense": "None", "netIncomeFromContinuingOperations": "307000000", "comprehensiveIncomeNetOfTax": "None", "ebit": "489000000", "ebitda": "581000000", "netIncome": "303000000"}, {"fiscalDateEnding": "2013-09-30", "reportedCurrency": "USD", "grossProfit": "1108000000", "totalRevenue": "2932000000", "costOfRevenue": "1824000000", "costofGoodsAndServicesSold": "1824000000", "operatingIncome": "404000000", "sellingGeneralAndAdministrative": "1824000000", "researchAndDevelopment": "0", "operatingExpenses": "704000000", "investmentIncomeNet": "None", "netInterestIncome": "None", "interestIncome": "None", "interestExpense": "40000000", "nonInterestIncome": "None", "otherNonOperatingIncome": "19000000", "depreciation": "None", "depreciationAndAmortization": "89000000", "incomeBeforeTax": "383000000", "incomeTaxExpense": "123000000", "interestAndDebtExpense": "None", "netIncomeFromContinuingOperations": "260000000", "comprehensiveIncomeNetOfTax": "None", "ebit": "404000000", "ebitda": "493000000", "netIncome": "253000000"}, {"fiscalDateEnding": "2013-06-30", "reportedCurrency": "USD", "grossProfit": "1322000000", "totalRevenue": "3088000000", "costOfRevenue": "1766000000", "costofGoodsAndServicesSold": "1766000000", "operatingIncome": "577000000", "sellingGeneralAndAdministrative": "1766000000", "researchAndDevelopment": "0", "operatingExpenses": "745000000", "investmentIncomeNet": "None", "netInterestIncome": "None", "interestIncome": "None", "interestExpense": "40000000", "nonInterestIncome": "None", "otherNonOperatingIncome": "27000000", "depreciation": "None", "depreciationAndAmortization": "90000000", "incomeBeforeTax": "564000000", "incomeTaxExpense": "164000000", "interestAndDebtExpense": "None", "netIncomeFromContinuingOperations": "400000000", "comprehensiveIncomeNetOfTax": "None", "ebit": "604000000", "ebitda": "694000000", "netIncome": "388000000"}, {"fiscalDateEnding": "2013-03-31", "reportedCurrency": "USD", "grossProfit": "1323000000", "totalRevenue": "3126000000", "costOfRevenue": "1803000000", "costofGoodsAndServicesSold": "1803000000", "operatingIncome": "607000000", "sellingGeneralAndAdministrative": "1803000000", "researchAndDevelopment": "0", "operatingExpenses": "716000000", "investmentIncomeNet": "None", "netInterestIncome": "None", "interestIncome": "None", "interestExpense": "44000000", "nonInterestIncome": "None", "otherNonOperatingIncome": "25000000", "depreciation": "None", "depreciationAndAmortization": "87000000", "incomeBeforeTax": "588000000", "incomeTaxExpense": "176000000", "interestAndDebtExpense": "None", "netIncomeFromContinuingOperations": "412000000", "comprehensiveIncomeNetOfTax": "None", "ebit": "632000000", "ebitda": "719000000", "netIncome": "413000000"}, {"fiscalDateEnding": "2012-12-31", "reportedCurrency": "USD", "grossProfit": "1200000000", "totalRevenue": "3002000000", "costOfRevenue": "1802000000", "costofGoodsAndServicesSold": "1802000000", "operatingIncome": "406000000", "sellingGeneralAndAdministrative": "1802000000", "researchAndDevelopment": "0", "operatingExpenses": "794000000", "investmentIncomeNet": "None", "netInterestIncome": "None", "interestIncome": "None", "interestExpense": "46000000", "nonInterestIncome": "None", "otherNonOperatingIncome": "10000000", "depreciation": "None", "depreciationAndAmortization": "95000000", "incomeBeforeTax": "370000000", "incomeTaxExpense": "105000000", "interestAndDebtExpense": "None", "netIncomeFromContinuingOperations": "265000000", "comprehensiveIncomeNetOfTax": "None", "ebit": "416000000", "ebitda": "511000000", "netIncome": "259000000"}, {"fiscalDateEnding": "2012-09-30", "reportedCurrency": "USD", "grossProfit": "2138000000", "totalRevenue": "2845000000", "costOfRevenue": "707000000", "costofGoodsAndServicesSold": "707000000", "operatingIncome": "378000000", "sellingGeneralAndAdministrative": "1760000000", "researchAndDevelopment": "0", "operatingExpenses": "2467000000", "investmentIncomeNet": "None", "netInterestIncome": "None", "interestIncome": "None", "interestExpense": "44000000", "nonInterestIncome": "None", "otherNonOperatingIncome": "2000000", "depreciation": "None", "depreciationAndAmortization": "87000000", "incomeBeforeTax": "336000000", "incomeTaxExpense": "90000000", "interestAndDebtExpense": "None", "netIncomeFromContinuingOperations": "246000000", "comprehensiveIncomeNetOfTax": "None", "ebit": "380000000", "ebitda": "467000000", "netIncome": "241000000"}, {"fiscalDateEnding": "2012-06-30", "reportedCurrency": "USD", "grossProfit": "2294000000", "totalRevenue": "3026000000", "costOfRevenue": "732000000", "costofGoodsAndServicesSold": "732000000", "operatingIncome": "518000000", "sellingGeneralAndAdministrative": "1776000000", "researchAndDevelopment": "0", "operatingExpenses": "2508000000", "investmentIncomeNet": "None", "netInterestIncome": "None", "interestIncome": "None", "interestExpense": "45000000", "nonInterestIncome": "None", "otherNonOperatingIncome": "10000000", "depreciation": "None", "depreciationAndAmortization": "84000000", "incomeBeforeTax": "483000000", "incomeTaxExpense": "144000000", "interestAndDebtExpense": "None", "netIncomeFromContinuingOperations": "339000000", "comprehensiveIncomeNetOfTax": "None", "ebit": "528000000", "ebitda": "612000000", "netIncome": "329000000"}, {"fiscalDateEnding": "2012-03-31", "reportedCurrency": "USD", "grossProfit": "3051000000", "totalRevenue": "3051000000", "costOfRevenue": "2436000000", "costofGoodsAndServicesSold": "2436000000", "operatingIncome": "527000000", "sellingGeneralAndAdministrative": "1796000000", "researchAndDevelopment": "None", "operatingExpenses": "2524000000", "investmentIncomeNet": "None", "netInterestIncome": "None", "interestIncome": "None", "interestExpense": "46000000", "nonInterestIncome": "None", "otherNonOperatingIncome": "26000000", "depreciation": "None", "depreciationAndAmortization": "83000000", "incomeBeforeTax": "507000000", "incomeTaxExpense": "153000000", "interestAndDebtExpense": "None", "netIncomeFromContinuingOperations": "354000000", "comprehensiveIncomeNetOfTax": "None", "ebit": "553000000", "ebitda": "636000000", "netIncome": "347000000"}, {"fiscalDateEnding": "2011-12-31", "reportedCurrency": "USD", "grossProfit": "2908000000", "totalRevenue": "2908000000", "costOfRevenue": "2398000000", "costofGoodsAndServicesSold": "2398000000", "operatingIncome": "391000000", "sellingGeneralAndAdministrative": "1767000000", "researchAndDevelopment": "0", "operatingExpenses": "2517000000", "investmentIncomeNet": "None", "netInterestIncome": "None", "interestIncome": "None", "interestExpense": "50000000", "nonInterestIncome": "None", "otherNonOperatingIncome": "3000000", "depreciation": "None", "depreciationAndAmortization": "82000000", "incomeBeforeTax": "344000000", "incomeTaxExpense": "100000000", "interestAndDebtExpense": "None", "netIncomeFromContinuingOperations": "244000000", "comprehensiveIncomeNetOfTax": "None", "ebit": "394000000", "ebitda": "476000000", "netIncome": "256000000"}, {"fiscalDateEnding": "2011-09-30", "reportedCurrency": "USD", "grossProfit": "2063000000", "totalRevenue": "2806000000", "costOfRevenue": "743000000", "costofGoodsAndServicesSold": "743000000", "operatingIncome": "310000000", "sellingGeneralAndAdministrative": "1753000000", "researchAndDevelopment": "0", "operatingExpenses": "2496000000", "investmentIncomeNet": "None", "netInterestIncome": "None", "interestIncome": "None", "interestExpense": "49000000", "nonInterestIncome": "None", "otherNonOperatingIncome": "-63000000", "depreciation": "None", "depreciationAndAmortization": "85000000", "incomeBeforeTax": "198000000", "incomeTaxExpense": "65000000", "interestAndDebtExpense": "None", "netIncomeFromContinuingOperations": "133000000", "comprehensiveIncomeNetOfTax": "None", "ebit": "247000000", "ebitda": "332000000", "netIncome": "130000000"}, {"fiscalDateEnding": "2011-06-30", "reportedCurrency": "USD", "grossProfit": "2193000000", "totalRevenue": "2928000000", "costOfRevenue": "735000000", "costofGoodsAndServicesSold": "735000000", "operatingIncome": "465000000", "sellingGeneralAndAdministrative": "1728000000", "researchAndDevelopment": "0", "operatingExpenses": "2463000000", "investmentIncomeNet": "None", "netInterestIncome": "None", "interestIncome": "None", "interestExpense": "49000000", "nonInterestIncome": "None", "otherNonOperatingIncome": "-1000000", "depreciation": "None", "depreciationAndAmortization": "82000000", "incomeBeforeTax": "415000000", "incomeTaxExpense": "129000000", "interestAndDebtExpense": "None", "netIncomeFromContinuingOperations": "286000000", "comprehensiveIncomeNetOfTax": "None", "ebit": "464000000", "ebitda": "546000000", "netIncome": "282000000"}, {"fiscalDateEnding": "2011-03-31", "reportedCurrency": "USD", "grossProfit": "2884000000", "totalRevenue": "2884000000", "costOfRevenue": "2331000000", "costofGoodsAndServicesSold": "2331000000", "operatingIncome": "472000000", "sellingGeneralAndAdministrative": "1721000000", "researchAndDevelopment": "0", "operatingExpenses": "2412000000", "investmentIncomeNet": "None", "netInterestIncome": "None", "interestIncome": "None", "interestExpense": "51000000", "nonInterestIncome": "None", "otherNonOperatingIncome": "26000000", "depreciation": "None", "depreciationAndAmortization": "83000000", "incomeBeforeTax": "447000000", "incomeTaxExpense": "128000000", "interestAndDebtExpense": "None", "netIncomeFromContinuingOperations": "319000000", "comprehensiveIncomeNetOfTax": "None", "ebit": "396000000", "ebitda": "479000000", "netIncome": "325000000"}, {"fiscalDateEnding": "2010-12-31", "reportedCurrency": "USD", "grossProfit": "2785000000", "totalRevenue": "2785000000", "costOfRevenue": "2324000000", "costofGoodsAndServicesSold": "2324000000", "operatingIncome": "325000000", "sellingGeneralAndAdministrative": "1690000000", "researchAndDevelopment": "0", "operatingExpenses": "2460000000", "investmentIncomeNet": "None", "netInterestIncome": "None", "interestIncome": "None", "interestExpense": "53000000", "nonInterestIncome": "None", "otherNonOperatingIncome": "26000000", "depreciation": "None", "depreciationAndAmortization": "83000000", "incomeBeforeTax": "298000000", "incomeTaxExpense": "106000000", "interestAndDebtExpense": "None", "netIncomeFromContinuingOperations": "192000000", "comprehensiveIncomeNetOfTax": "None", "ebit": "351000000", "ebitda": "434000000", "netIncome": "203000000"}, {"fiscalDateEnding": "2010-09-30", "reportedCurrency": "USD", "grossProfit": "1825000000", "totalRevenue": "2524000000", "costOfRevenue": "699000000", "costofGoodsAndServicesSold": "699000000", "operatingIncome": "239000000", "sellingGeneralAndAdministrative": "1586000000", "researchAndDevelopment": "0", "operatingExpenses": "2285000000", "investmentIncomeNet": "None", "netInterestIncome": "None", "interestIncome": "None", "interestExpense": "60000000", "nonInterestIncome": "None", "otherNonOperatingIncome": "4000000", "depreciation": "None", "depreciationAndAmortization": "84000000", "incomeBeforeTax": "183000000", "incomeTaxExpense": "55000000", "interestAndDebtExpense": "None", "netIncomeFromContinuingOperations": "128000000", "comprehensiveIncomeNetOfTax": "None", "ebit": "243000000", "ebitda": "327000000", "netIncome": "168000000"}, {"fiscalDateEnding": "2010-06-30", "reportedCurrency": "USD", "grossProfit": "1564000000", "totalRevenue": "2606000000", "costOfRevenue": "1042000000", "costofGoodsAndServicesSold": "1042000000", "operatingIncome": "-50000000", "sellingGeneralAndAdministrative": "1614000000", "researchAndDevelopment": "0", "operatingExpenses": "2656000000", "investmentIncomeNet": "None", "netInterestIncome": "None", "interestIncome": "None", "interestExpense": "60000000", "nonInterestIncome": "None", "otherNonOperatingIncome": "21000000", "depreciation": "None", "depreciationAndAmortization": "93000000", "incomeBeforeTax": "-89000000", "incomeTaxExpense": "-60000000", "interestAndDebtExpense": "None", "netIncomeFromContinuingOperations": "-29000000", "comprehensiveIncomeNetOfTax": "None", "ebit": "-29000000", "ebitda": "64000000", "netIncome": "236000000"}, {"fiscalDateEnding": "2010-03-31", "reportedCurrency": "USD", "grossProfit": "2795000000", "totalRevenue": "2795000000", "costOfRevenue": "2120000000", "costofGoodsAndServicesSold": "2120000000", "operatingIncome": "439000000", "sellingGeneralAndAdministrative": "1650000000", "researchAndDevelopment": "0", "operatingExpenses": "2356000000", "investmentIncomeNet": "None", "netInterestIncome": "None", "interestIncome": "None", "interestExpense": "60000000", "nonInterestIncome": "None", "otherNonOperatingIncome": "12000000", "depreciation": "None", "depreciationAndAmortization": "97000000", "incomeBeforeTax": "391000000", "incomeTaxExpense": "117000000", "interestAndDebtExpense": "None", "netIncomeFromContinuingOperations": "274000000", "comprehensiveIncomeNetOfTax": "None", "ebit": "437000000", "ebitda": "534000000", "netIncome": "248000000"}, {"fiscalDateEnding": "2009-12-31", "reportedCurrency": "USD", "grossProfit": "2732000000", "totalRevenue": "2732000000", "costOfRevenue": "2213000000", "costofGoodsAndServicesSold": "2213000000", "operatingIncome": "-10000000", "sellingGeneralAndAdministrative": "1703000000", "researchAndDevelopment": "0", "operatingExpenses": "2742000000", "investmentIncomeNet": "None", "netInterestIncome": "None", "interestIncome": "None", "interestExpense": "61000000", "nonInterestIncome": "None", "otherNonOperatingIncome": "None", "depreciation": "None", "depreciationAndAmortization": "88000000", "incomeBeforeTax": "-44000000", "incomeTaxExpense": "-48000000", "interestAndDebtExpense": "None", "netIncomeFromContinuingOperations": "0", "comprehensiveIncomeNetOfTax": "None", "ebit": "17000000", "ebitda": "105000000", "netIncome": "23000000"}, {"fiscalDateEnding": "2009-09-30", "reportedCurrency": "USD", "grossProfit": "1822000000", "totalRevenue": "2523000000", "costOfRevenue": "701000000", "costofGoodsAndServicesSold": "701000000", "operatingIncome": "216000000", "sellingGeneralAndAdministrative": "1606000000", "researchAndDevelopment": "0", "operatingExpenses": "2307000000", "investmentIncomeNet": "None", "netInterestIncome": "None", "interestIncome": "None", "interestExpense": "59000000", "nonInterestIncome": "None", "otherNonOperatingIncome": "24000000", "depreciation": "None", "depreciationAndAmortization": "94000000", "incomeBeforeTax": "181000000", "incomeTaxExpense": "-40000000", "interestAndDebtExpense": "None", "netIncomeFromContinuingOperations": "221000000", "comprehensiveIncomeNetOfTax": "None", "ebit": "125000000", "ebitda": "219000000", "netIncome": "221000000"}, {"fiscalDateEnding": "2009-06-30", "reportedCurrency": "USD", "grossProfit": "1898000000", "totalRevenue": "2629000000", "costOfRevenue": "731000000", "costofGoodsAndServicesSold": "731000000", "operatingIncome": "-21000000", "sellingGeneralAndAdministrative": "1604000000", "researchAndDevelopment": "0", "operatingExpenses": "2335000000", "investmentIncomeNet": "None", "netInterestIncome": "None", "interestIncome": "None", "interestExpense": "65000000", "nonInterestIncome": "None", "otherNonOperatingIncome": "-27000000", "depreciation": "None", "depreciationAndAmortization": "93000000", "incomeBeforeTax": "-113000000", "incomeTaxExpense": "49000000", "interestAndDebtExpense": "None", "netIncomeFromContinuingOperations": "-162000000", "comprehensiveIncomeNetOfTax": "None", "ebit": "266000000", "ebitda": "359000000", "netIncome": "-193000000"}, {"fiscalDateEnding": "2009-03-31", "reportedCurrency": "USD", "grossProfit": "2629000000", "totalRevenue": "2629000000", "costOfRevenue": "2014000000", "costofGoodsAndServicesSold": "2014000000", "operatingIncome": "331000000", "sellingGeneralAndAdministrative": "1578000000", "researchAndDevelopment": "0", "operatingExpenses": "2298000000", "investmentIncomeNet": "None", "netInterestIncome": "None", "interestIncome": "None", "interestExpense": "56000000", "nonInterestIncome": "None", "otherNonOperatingIncome": "None", "depreciation": "None", "depreciationAndAmortization": "90000000", "incomeBeforeTax": "266000000", "incomeTaxExpense": "82000000", "interestAndDebtExpense": "None", "netIncomeFromContinuingOperations": "0", "comprehensiveIncomeNetOfTax": "None", "ebit": "315000000", "ebitda": "405000000", "netIncome": "176000000"}, {"fiscalDateEnding": "2008-12-31", "reportedCurrency": "USD", "grossProfit": "2662000000", "totalRevenue": "2662000000", "costOfRevenue": "2282000000", "costofGoodsAndServicesSold": "2282000000", "operatingIncome": "99000000", "sellingGeneralAndAdministrative": "2563000000", "researchAndDevelopment": "0", "operatingExpenses": "2563000000", "investmentIncomeNet": "None", "netInterestIncome": "None", "interestIncome": "None", "interestExpense": "55000000", "nonInterestIncome": "None", "otherNonOperatingIncome": "None", "depreciation": "None", "depreciationAndAmortization": "102000000", "incomeBeforeTax": "71000000", "incomeTaxExpense": "-5000000", "interestAndDebtExpense": "None", "netIncomeFromContinuingOperations": "0", "comprehensiveIncomeNetOfTax": "None", "ebit": "99000000", "ebitda": "201000000", "netIncome": "80000000"}, {"fiscalDateEnding": "2008-09-30", "reportedCurrency": "USD", "grossProfit": "1881000000", "totalRevenue": "2838000000", "costOfRevenue": "957000000", "costofGoodsAndServicesSold": "957000000", "operatingIncome": "70000000", "sellingGeneralAndAdministrative": "2768000000", "researchAndDevelopment": "0", "operatingExpenses": "2768000000", "investmentIncomeNet": "None", "netInterestIncome": "None", "interestIncome": "None", "interestExpense": "54000000", "nonInterestIncome": "None", "otherNonOperatingIncome": "None", "depreciation": "None", "depreciationAndAmortization": "98000000", "incomeBeforeTax": "3000000", "incomeTaxExpense": "-18000000", "interestAndDebtExpense": "None", "netIncomeFromContinuingOperations": "0", "comprehensiveIncomeNetOfTax": "None", "ebit": "-28000000", "ebitda": "70000000", "netIncome": "-8000000"}, {"fiscalDateEnding": "2008-06-30", "reportedCurrency": "USD", "grossProfit": "2182000000", "totalRevenue": "3048000000", "costOfRevenue": "866000000", "costofGoodsAndServicesSold": "866000000", "operatingIncome": "182000000", "sellingGeneralAndAdministrative": "2751000000", "researchAndDevelopment": "0", "operatingExpenses": "2866000000", "investmentIncomeNet": "None", "netInterestIncome": "None", "interestIncome": "None", "interestExpense": "55000000", "nonInterestIncome": "None", "otherNonOperatingIncome": "None", "depreciation": "None", "depreciationAndAmortization": "103000000", "incomeBeforeTax": "123000000", "incomeTaxExpense": "66000000", "interestAndDebtExpense": "None", "netIncomeFromContinuingOperations": "0", "comprehensiveIncomeNetOfTax": "None", "ebit": "176000000", "ebitda": "279000000", "netIncome": "65000000"}, {"fiscalDateEnding": "2008-03-31", "reportedCurrency": "USD", "grossProfit": "3047000000", "totalRevenue": "3047000000", "costOfRevenue": "2555000000", "costofGoodsAndServicesSold": "2555000000", "operatingIncome": "-80000000", "sellingGeneralAndAdministrative": "2702000000", "researchAndDevelopment": "0", "operatingExpenses": "3127000000", "investmentIncomeNet": "None", "netInterestIncome": "None", "interestIncome": "None", "interestExpense": "56000000", "nonInterestIncome": "None", "otherNonOperatingIncome": "None", "depreciation": "None", "depreciationAndAmortization": "101000000", "incomeBeforeTax": "-118000000", "incomeTaxExpense": "94000000", "interestAndDebtExpense": "None", "netIncomeFromContinuingOperations": "0", "comprehensiveIncomeNetOfTax": "None", "ebit": "-62000000", "ebitda": "39000000", "netIncome": "-210000000"}, {"fiscalDateEnding": "2007-12-31", "reportedCurrency": "USD", "grossProfit": "2925000000", "totalRevenue": "2925000000", "costOfRevenue": "2587000000", "costofGoodsAndServicesSold": "2587000000", "operatingIncome": "165000000", "sellingGeneralAndAdministrative": "2760000000", "researchAndDevelopment": "0", "operatingExpenses": "2760000000", "investmentIncomeNet": "None", "netInterestIncome": "None", "interestIncome": "None", "interestExpense": "56000000", "nonInterestIncome": "None", "otherNonOperatingIncome": "None", "depreciation": "None", "depreciationAndAmortization": "104000000", "incomeBeforeTax": "140000000", "incomeTaxExpense": "44000000", "interestAndDebtExpense": "None", "netIncomeFromContinuingOperations": "0", "comprehensiveIncomeNetOfTax": "None", "ebit": "165000000", "ebitda": "269000000", "netIncome": "85000000"}, {"fiscalDateEnding": "2007-09-30", "reportedCurrency": "USD", "grossProfit": "1984000000", "totalRevenue": "2794000000", "costOfRevenue": "810000000", "costofGoodsAndServicesSold": "810000000", "operatingIncome": "194000000", "sellingGeneralAndAdministrative": "2600000000", "researchAndDevelopment": "0", "operatingExpenses": "2600000000", "investmentIncomeNet": "None", "netInterestIncome": "None", "interestIncome": "None", "interestExpense": "65000000", "nonInterestIncome": "None", "otherNonOperatingIncome": "None", "depreciation": "None", "depreciationAndAmortization": "102000000", "incomeBeforeTax": "159000000", "incomeTaxExpense": "75000000", "interestAndDebtExpense": "None", "netIncomeFromContinuingOperations": "0", "comprehensiveIncomeNetOfTax": "None", "ebit": "92000000", "ebitda": "194000000", "netIncome": "1945000000"}, {"fiscalDateEnding": "2007-06-30", "reportedCurrency": "USD", "grossProfit": "1965000000", "totalRevenue": "2819000000", "costOfRevenue": "854000000", "costofGoodsAndServicesSold": "854000000", "operatingIncome": "273000000", "sellingGeneralAndAdministrative": "2546000000", "researchAndDevelopment": "0", "operatingExpenses": "2546000000", "investmentIncomeNet": "None", "netInterestIncome": "None", "interestIncome": "None", "interestExpense": "75000000", "nonInterestIncome": "None", "otherNonOperatingIncome": "None", "depreciation": "None", "depreciationAndAmortization": "116000000", "incomeBeforeTax": "213000000", "incomeTaxExpense": "70000000", "interestAndDebtExpense": "None", "netIncomeFromContinuingOperations": "0", "comprehensiveIncomeNetOfTax": "None", "ebit": "157000000", "ebitda": "273000000", "netIncome": "177000000"}, {"fiscalDateEnding": "2007-03-31", "reportedCurrency": "USD", "grossProfit": "2812000000", "totalRevenue": "2812000000", "costOfRevenue": "1820000000", "costofGoodsAndServicesSold": "1820000000", "operatingIncome": "387000000", "sellingGeneralAndAdministrative": "2425000000", "researchAndDevelopment": "0", "operatingExpenses": "2425000000", "investmentIncomeNet": "None", "netInterestIncome": "None", "interestIncome": "None", "interestExpense": "71000000", "nonInterestIncome": "None", "otherNonOperatingIncome": "None", "depreciation": "None", "depreciationAndAmortization": "120000000", "incomeBeforeTax": "335000000", "incomeTaxExpense": "106000000", "interestAndDebtExpense": "None", "netIncomeFromContinuingOperations": "0", "comprehensiveIncomeNetOfTax": "None", "ebit": "387000000", "ebitda": "507000000", "netIncome": "268000000"}, {"fiscalDateEnding": "2006-12-31", "reportedCurrency": "USD", "grossProfit": "1212000000", "totalRevenue": "3032000000", "costOfRevenue": "1820000000", "costofGoodsAndServicesSold": "1820000000", "operatingIncome": "403000000", "sellingGeneralAndAdministrative": "809000000", "researchAndDevelopment": "0", "operatingExpenses": "809000000", "investmentIncomeNet": "None", "netInterestIncome": "None", "interestIncome": "None", "interestExpense": "72000000", "nonInterestIncome": "None", "otherNonOperatingIncome": "None", "depreciation": "None", "depreciationAndAmortization": "145000000", "incomeBeforeTax": "350000000", "incomeTaxExpense": "119000000", "interestAndDebtExpense": "None", "netIncomeFromContinuingOperations": "0", "comprehensiveIncomeNetOfTax": "None", "ebit": "403000000", "ebitda": "548000000", "netIncome": "226000000"}, {"fiscalDateEnding": "2006-09-30", "reportedCurrency": "USD", "grossProfit": "1142000000", "totalRevenue": "2884000000", "costOfRevenue": "1742000000", "costofGoodsAndServicesSold": "1742000000", "operatingIncome": "320000000", "sellingGeneralAndAdministrative": "822000000", "researchAndDevelopment": "0", "operatingExpenses": "822000000", "investmentIncomeNet": "None", "netInterestIncome": "None", "interestIncome": "None", "interestExpense": "75000000", "nonInterestIncome": "None", "otherNonOperatingIncome": "None", "depreciation": "None", "depreciationAndAmortization": "111000000", "incomeBeforeTax": "261000000", "incomeTaxExpense": "77000000", "interestAndDebtExpense": "None", "netIncomeFromContinuingOperations": "0", "comprehensiveIncomeNetOfTax": "None", "ebit": "320000000", "ebitda": "431000000", "netIncome": "176000000"}, {"fiscalDateEnding": "2006-06-30", "reportedCurrency": "USD", "grossProfit": "1178000000", "totalRevenue": "2980000000", "costOfRevenue": "1802000000", "costofGoodsAndServicesSold": "1802000000", "operatingIncome": "337000000", "sellingGeneralAndAdministrative": "841000000", "researchAndDevelopment": "0", "operatingExpenses": "841000000", "investmentIncomeNet": "None", "netInterestIncome": "None", "interestIncome": "None", "interestExpense": "78000000", "nonInterestIncome": "None", "otherNonOperatingIncome": "None", "depreciation": "None", "depreciationAndAmortization": "111000000", "incomeBeforeTax": "272000000", "incomeTaxExpense": "96000000", "interestAndDebtExpense": "None", "netIncomeFromContinuingOperations": "0", "comprehensiveIncomeNetOfTax": "None", "ebit": "337000000", "ebitda": "448000000", "netIncome": "172000000"}, {"fiscalDateEnding": "2006-03-31", "reportedCurrency": "USD", "grossProfit": "3025000000", "totalRevenue": "3025000000", "costOfRevenue": "993000000", "costofGoodsAndServicesSold": "993000000", "operatingIncome": "398000000", "sellingGeneralAndAdministrative": "2627000000", "researchAndDevelopment": "0", "operatingExpenses": "2627000000", "investmentIncomeNet": "None", "netInterestIncome": "None", "interestIncome": "None", "interestExpense": "78000000", "nonInterestIncome": "None", "otherNonOperatingIncome": "None", "depreciation": "None", "depreciationAndAmortization": "121000000", "incomeBeforeTax": "336000000", "incomeTaxExpense": "96000000", "interestAndDebtExpense": "None", "netIncomeFromContinuingOperations": "0", "comprehensiveIncomeNetOfTax": "None", "ebit": "398000000", "ebitda": "519000000", "netIncome": "416000000"}, {"fiscalDateEnding": "2005-12-31", "reportedCurrency": "USD", "grossProfit": "1483000000", "totalRevenue": "2476000000", "costOfRevenue": "993000000", "costofGoodsAndServicesSold": "993000000", "operatingIncome": "83000000", "sellingGeneralAndAdministrative": "1360000000", "researchAndDevelopment": "0", "operatingExpenses": "1400000000", "investmentIncomeNet": "None", "netInterestIncome": "None", "interestIncome": "None", "interestExpense": "38000000", "nonInterestIncome": "None", "otherNonOperatingIncome": "None", "depreciation": "None", "depreciationAndAmortization": "110000000", "incomeBeforeTax": "18000000", "incomeTaxExpense": "16000000", "interestAndDebtExpense": "None", "netIncomeFromContinuingOperations": "0", "comprehensiveIncomeNetOfTax": "None", "ebit": "83000000", "ebitda": "193000000", "netIncome": "39000000"}, {"fiscalDateEnding": "2005-09-30", "reportedCurrency": "USD", "grossProfit": "2011000000", "totalRevenue": "2898000000", "costOfRevenue": "887000000", "costofGoodsAndServicesSold": "887000000", "operatingIncome": "195000000", "sellingGeneralAndAdministrative": "1816000000", "researchAndDevelopment": "0", "operatingExpenses": "1816000000", "investmentIncomeNet": "None", "netInterestIncome": "None", "interestIncome": "None", "interestExpense": "111000000", "nonInterestIncome": "None", "otherNonOperatingIncome": "None", "depreciation": "None", "depreciationAndAmortization": "119000000", "incomeBeforeTax": "97000000", "incomeTaxExpense": "27000000", "interestAndDebtExpense": "None", "netIncomeFromContinuingOperations": "0", "comprehensiveIncomeNetOfTax": "None", "ebit": "187000000", "ebitda": "306000000", "netIncome": "65000000"}, {"fiscalDateEnding": "2005-06-30", "reportedCurrency": "USD", "grossProfit": "306000000", "totalRevenue": "3096000000", "costOfRevenue": "2790000000", "costofGoodsAndServicesSold": "2790000000", "operatingIncome": "306000000", "sellingGeneralAndAdministrative": "0", "researchAndDevelopment": "0", "operatingExpenses": "2684000000", "investmentIncomeNet": "None", "netInterestIncome": "None", "interestIncome": "None", "interestExpense": "73000000", "nonInterestIncome": "None", "otherNonOperatingIncome": "None", "depreciation": "None", "depreciationAndAmortization": "130000000", "incomeBeforeTax": "244000000", "incomeTaxExpense": "75000000", "interestAndDebtExpense": "None", "netIncomeFromContinuingOperations": "0", "comprehensiveIncomeNetOfTax": "None", "ebit": "306000000", "ebitda": "436000000", "netIncome": "166000000"}, {"fiscalDateEnding": "2005-03-31", "reportedCurrency": "USD", "grossProfit": "272000000", "totalRevenue": "3182000000", "costOfRevenue": "2910000000", "costofGoodsAndServicesSold": "2910000000", "operatingIncome": "272000000", "sellingGeneralAndAdministrative": "0", "researchAndDevelopment": "0", "operatingExpenses": "2809000000", "investmentIncomeNet": "None", "netInterestIncome": "None", "interestIncome": "None", "interestExpense": "69000000", "nonInterestIncome": "None", "otherNonOperatingIncome": "None", "depreciation": "None", "depreciationAndAmortization": "131000000", "incomeBeforeTax": "212000000", "incomeTaxExpense": "74000000", "interestAndDebtExpense": "None", "netIncomeFromContinuingOperations": "0", "comprehensiveIncomeNetOfTax": "None", "ebit": "272000000", "ebitda": "403000000", "netIncome": "134000000"}]}