{"symbol": "STT", "annualReports": [{"fiscalDateEnding": "2024-12-31", "reportedCurrency": "USD", "grossProfit": "12563000000", "totalRevenue": "13000000000", "costOfRevenue": "437000000", "costofGoodsAndServicesSold": "437000000", "operatingIncome": "-13054000000", "sellingGeneralAndAdministrative": "4712000000", "researchAndDevelopment": "None", "operatingExpenses": "12919000000", "investmentIncomeNet": "None", "netInterestIncome": "2923000000", "interestIncome": "11977000000", "interestExpense": "9054000000", "nonInterestIncome": "None", "otherNonOperatingIncome": "None", "depreciation": "None", "depreciationAndAmortization": "605000000", "incomeBeforeTax": "3395000000", "incomeTaxExpense": "708000000", "interestAndDebtExpense": "None", "netIncomeFromContinuingOperations": "2687000000", "comprehensiveIncomeNetOfTax": "None", "ebit": "None", "ebitda": "None", "netIncome": "2687000000"}, {"fiscalDateEnding": "2023-12-31", "reportedCurrency": "USD", "grossProfit": "11519000000", "totalRevenue": "11945000000", "costOfRevenue": "426000000", "costofGoodsAndServicesSold": "426000000", "operatingIncome": "2743000000", "sellingGeneralAndAdministrative": "4562000000", "researchAndDevelopment": "None", "operatingExpenses": "9583000000", "investmentIncomeNet": "None", "netInterestIncome": "2872000000", "interestIncome": "8349000000", "interestExpense": "6421000000", "nonInterestIncome": "None", "otherNonOperatingIncome": "None", "depreciation": "None", "depreciationAndAmortization": "1068000000", "incomeBeforeTax": "2316000000", "incomeTaxExpense": "372000000", "interestAndDebtExpense": "None", "netIncomeFromContinuingOperations": "2467000000", "comprehensiveIncomeNetOfTax": "None", "ebit": "2316000000", "ebitda": "3384000000", "netIncome": "1944000000"}, {"fiscalDateEnding": "2022-12-31", "reportedCurrency": "USD", "grossProfit": "11754000000", "totalRevenue": "12125000000", "costOfRevenue": "371000000", "costofGoodsAndServicesSold": "371000000", "operatingIncome": "3708000000", "sellingGeneralAndAdministrative": "4378000000", "researchAndDevelopment": "None", "operatingExpenses": "8801000000", "investmentIncomeNet": "None", "netInterestIncome": "2544000000", "interestIncome": "4088000000", "interestExpense": "1544000000", "nonInterestIncome": "None", "otherNonOperatingIncome": "None", "depreciation": "None", "depreciationAndAmortization": "1080000000", "incomeBeforeTax": "3327000000", "incomeTaxExpense": "553000000", "interestAndDebtExpense": "None", "netIncomeFromContinuingOperations": "2774000000", "comprehensiveIncomeNetOfTax": "None", "ebit": "3327000000", "ebitda": "4407000000", "netIncome": "2774000000"}, {"fiscalDateEnding": "2021-12-31", "reportedCurrency": "USD", "grossProfit": "11583000000", "totalRevenue": "12027000000", "costOfRevenue": "444000000", "costofGoodsAndServicesSold": "444000000", "operatingIncome": "3478000000", "sellingGeneralAndAdministrative": "4554000000", "researchAndDevelopment": "None", "operatingExpenses": "-8856000000", "investmentIncomeNet": "None", "netInterestIncome": "1905000000", "interestIncome": "1908000000", "interestExpense": "3000000", "nonInterestIncome": "None", "otherNonOperatingIncome": "None", "depreciation": "None", "depreciationAndAmortization": "1104000000", "incomeBeforeTax": "3171000000", "incomeTaxExpense": "478000000", "interestAndDebtExpense": "None", "netIncomeFromContinuingOperations": "2693000000", "comprehensiveIncomeNetOfTax": "None", "ebit": "3171000000", "ebitda": "4275000000", "netIncome": "2693000000"}, {"fiscalDateEnding": "2020-12-31", "reportedCurrency": "USD", "grossProfit": "11214000000", "totalRevenue": "11703000000", "costOfRevenue": "489000000", "costofGoodsAndServicesSold": "489000000", "operatingIncome": "2899000000", "sellingGeneralAndAdministrative": "4450000000", "researchAndDevelopment": "None", "operatingExpenses": "-8804000000", "investmentIncomeNet": "None", "netInterestIncome": "2200000000", "interestIncome": "2575000000", "interestExpense": "375000000", "nonInterestIncome": "None", "otherNonOperatingIncome": "None", "depreciation": "None", "depreciationAndAmortization": "1092000000", "incomeBeforeTax": "2899000000", "incomeTaxExpense": "479000000", "interestAndDebtExpense": "None", "netIncomeFromContinuingOperations": "2420000000", "comprehensiveIncomeNetOfTax": "None", "ebit": "2899000000", "ebitda": "3991000000", "netIncome": "2420000000"}, {"fiscalDateEnding": "2019-12-31", "reportedCurrency": "USD", "grossProfit": "11286000000", "totalRevenue": "11756000000", "costOfRevenue": "470000000", "costofGoodsAndServicesSold": "470000000", "operatingIncome": "2852000000", "sellingGeneralAndAdministrative": "4541000000", "researchAndDevelopment": "None", "operatingExpenses": "4585000000", "investmentIncomeNet": "None", "netInterestIncome": "2566000000", "interestIncome": "3941000000", "interestExpense": "1375000000", "nonInterestIncome": "None", "otherNonOperatingIncome": "None", "depreciation": "None", "depreciationAndAmortization": "1078000000", "incomeBeforeTax": "2852000000", "incomeTaxExpense": "470000000", "interestAndDebtExpense": "None", "netIncomeFromContinuingOperations": "2242000000", "comprehensiveIncomeNetOfTax": "None", "ebit": "2712000000", "ebitda": "3790000000", "netIncome": "2382000000"}, {"fiscalDateEnding": "2018-12-31", "reportedCurrency": "USD", "grossProfit": "11482000000", "totalRevenue": "11982000000", "costOfRevenue": "500000000", "costofGoodsAndServicesSold": "500000000", "operatingIncome": "3990000000", "sellingGeneralAndAdministrative": "4780000000", "researchAndDevelopment": "0", "operatingExpenses": "9997000000", "investmentIncomeNet": "None", "netInterestIncome": "2671000000", "interestIncome": "3662000000", "interestExpense": "991000000", "nonInterestIncome": "None", "otherNonOperatingIncome": "None", "depreciation": "None", "depreciationAndAmortization": "825000000", "incomeBeforeTax": "2999000000", "incomeTaxExpense": "400000000", "interestAndDebtExpense": "None", "netIncomeFromContinuingOperations": "2599000000", "comprehensiveIncomeNetOfTax": "None", "ebit": "4302000000", "ebitda": "5127000000", "netIncome": "2599000000"}, {"fiscalDateEnding": "2017-12-31", "reportedCurrency": "USD", "grossProfit": "10369000000", "totalRevenue": "11170000000", "costOfRevenue": "801000000", "costofGoodsAndServicesSold": "801000000", "operatingIncome": "3503000000", "sellingGeneralAndAdministrative": "4394000000", "researchAndDevelopment": "0", "operatingExpenses": "8609000000", "investmentIncomeNet": "None", "netInterestIncome": "2304000000", "interestIncome": "2908000000", "interestExpense": "604000000", "nonInterestIncome": "None", "otherNonOperatingIncome": "None", "depreciation": "None", "depreciationAndAmortization": "740000000", "incomeBeforeTax": "2899000000", "incomeTaxExpense": "722000000", "interestAndDebtExpense": "None", "netIncomeFromContinuingOperations": "2177000000", "comprehensiveIncomeNetOfTax": "None", "ebit": "2899000000", "ebitda": "3639000000", "netIncome": "2177000000"}, {"fiscalDateEnding": "2016-12-31", "reportedCurrency": "USD", "grossProfit": "9388000000", "totalRevenue": "10207000000", "costOfRevenue": "819000000", "costofGoodsAndServicesSold": "819000000", "operatingIncome": "2549000000", "sellingGeneralAndAdministrative": "4353000000", "researchAndDevelopment": "0", "operatingExpenses": "8306000000", "investmentIncomeNet": "None", "netInterestIncome": "2084000000", "interestIncome": "2512000000", "interestExpense": "428000000", "nonInterestIncome": "None", "otherNonOperatingIncome": "None", "depreciation": "None", "depreciationAndAmortization": "679000000", "incomeBeforeTax": "2120000000", "incomeTaxExpense": "-22000000", "interestAndDebtExpense": "None", "netIncomeFromContinuingOperations": "2142000000", "comprehensiveIncomeNetOfTax": "None", "ebit": "2120000000", "ebitda": "2799000000", "netIncome": "2143000000"}, {"fiscalDateEnding": "2015-12-31", "reportedCurrency": "USD", "grossProfit": "9373000000", "totalRevenue": "10360000000", "costOfRevenue": "987000000", "costofGoodsAndServicesSold": "987000000", "operatingIncome": "2698000000", "sellingGeneralAndAdministrative": "4061000000", "researchAndDevelopment": "0", "operatingExpenses": "8437000000", "investmentIncomeNet": "None", "netInterestIncome": "2083000000", "interestIncome": "2483000000", "interestExpense": "400000000", "nonInterestIncome": "None", "otherNonOperatingIncome": "None", "depreciation": "None", "depreciationAndAmortization": "793000000", "incomeBeforeTax": "2298000000", "incomeTaxExpense": "318000000", "interestAndDebtExpense": "None", "netIncomeFromContinuingOperations": "1980000000", "comprehensiveIncomeNetOfTax": "None", "ebit": "1352000000", "ebitda": "2145000000", "netIncome": "1980000000"}, {"fiscalDateEnding": "2014-12-31", "reportedCurrency": "USD", "grossProfit": "9511000000", "totalRevenue": "10295000000", "costOfRevenue": "784000000", "costofGoodsAndServicesSold": "784000000", "operatingIncome": "2850000000", "sellingGeneralAndAdministrative": "4060000000", "researchAndDevelopment": "0", "operatingExpenses": "8096000000", "investmentIncomeNet": "None", "netInterestIncome": "None", "interestIncome": "None", "interestExpense": "392000000", "nonInterestIncome": "None", "otherNonOperatingIncome": "None", "depreciation": "None", "depreciationAndAmortization": "699000000", "incomeBeforeTax": "2523000000", "incomeTaxExpense": "434000000", "interestAndDebtExpense": "None", "netIncomeFromContinuingOperations": "2037000000", "comprehensiveIncomeNetOfTax": "None", "ebit": "1593000000", "ebitda": "2292000000", "netIncome": "2089000000"}, {"fiscalDateEnding": "2013-12-31", "reportedCurrency": "USD", "grossProfit": "9151000000", "totalRevenue": "9884000000", "costOfRevenue": "733000000", "costofGoodsAndServicesSold": "733000000", "operatingIncome": "3097000000", "sellingGeneralAndAdministrative": "3800000000", "researchAndDevelopment": "0", "operatingExpenses": "7505000000", "investmentIncomeNet": "None", "netInterestIncome": "None", "interestIncome": "None", "interestExpense": "411000000", "nonInterestIncome": "None", "otherNonOperatingIncome": "None", "depreciation": "None", "depreciationAndAmortization": "675000000", "incomeBeforeTax": "2686000000", "incomeTaxExpense": "550000000", "interestAndDebtExpense": "None", "netIncomeFromContinuingOperations": "2136000000", "comprehensiveIncomeNetOfTax": "None", "ebit": "2626000000", "ebitda": "3301000000", "netIncome": "2136000000"}, {"fiscalDateEnding": "2012-12-31", "reportedCurrency": "USD", "grossProfit": "8947000000", "totalRevenue": "9649000000", "costOfRevenue": "702000000", "costofGoodsAndServicesSold": "702000000", "operatingIncome": "3242000000", "sellingGeneralAndAdministrative": "3837000000", "researchAndDevelopment": "0", "operatingExpenses": "7134000000", "investmentIncomeNet": "None", "netInterestIncome": "None", "interestIncome": "None", "interestExpense": "476000000", "nonInterestIncome": "None", "otherNonOperatingIncome": "None", "depreciation": "None", "depreciationAndAmortization": "456000000", "incomeBeforeTax": "2766000000", "incomeTaxExpense": "705000000", "interestAndDebtExpense": "None", "netIncomeFromContinuingOperations": "2061000000", "comprehensiveIncomeNetOfTax": "None", "ebit": "2881000000", "ebitda": "3337000000", "netIncome": "2061000000"}, {"fiscalDateEnding": "2011-12-31", "reportedCurrency": "USD", "grossProfit": "9784000000", "totalRevenue": "9717000000", "costOfRevenue": "-67000000", "costofGoodsAndServicesSold": "-67000000", "operatingIncome": "3149000000", "sellingGeneralAndAdministrative": "5328000000", "researchAndDevelopment": "0", "operatingExpenses": "7402000000", "investmentIncomeNet": "None", "netInterestIncome": "None", "interestIncome": "None", "interestExpense": "613000000", "nonInterestIncome": "None", "otherNonOperatingIncome": "None", "depreciation": "None", "depreciationAndAmortization": "380000000", "incomeBeforeTax": "2536000000", "incomeTaxExpense": "616000000", "interestAndDebtExpense": "None", "netIncomeFromContinuingOperations": "None", "comprehensiveIncomeNetOfTax": "None", "ebit": "2724000000", "ebitda": "3104000000", "netIncome": "1920000000"}, {"fiscalDateEnding": "2010-12-31", "reportedCurrency": "USD", "grossProfit": "9604000000", "totalRevenue": "8953000000", "costOfRevenue": "-651000000", "costofGoodsAndServicesSold": "-651000000", "operatingIncome": "2849000000", "sellingGeneralAndAdministrative": "3524000000", "researchAndDevelopment": "0", "operatingExpenses": "7378000000", "investmentIncomeNet": "None", "netInterestIncome": "None", "interestIncome": "None", "interestExpense": "763000000", "nonInterestIncome": "None", "otherNonOperatingIncome": "None", "depreciation": "None", "depreciationAndAmortization": "-230000000", "incomeBeforeTax": "2086000000", "incomeTaxExpense": "530000000", "interestAndDebtExpense": "None", "netIncomeFromContinuingOperations": "1556000000", "comprehensiveIncomeNetOfTax": "None", "ebit": "2868000000", "ebitda": "2638000000", "netIncome": "1556000000"}, {"fiscalDateEnding": "2009-12-31", "reportedCurrency": "USD", "grossProfit": "8867000000", "totalRevenue": "8867000000", "costOfRevenue": "871000000", "costofGoodsAndServicesSold": "871000000", "operatingIncome": "-437000000", "sellingGeneralAndAdministrative": "5917000000", "researchAndDevelopment": "0", "operatingExpenses": "6538000000", "investmentIncomeNet": "None", "netInterestIncome": "None", "interestIncome": "None", "interestExpense": "722000000", "nonInterestIncome": "None", "otherNonOperatingIncome": "None", "depreciation": "None", "depreciationAndAmortization": "-2284000000", "incomeBeforeTax": "2525000000", "incomeTaxExpense": "722000000", "interestAndDebtExpense": "None", "netIncomeFromContinuingOperations": "None", "comprehensiveIncomeNetOfTax": "None", "ebit": "321000000", "ebitda": "-1963000000", "netIncome": "-2044000000"}, {"fiscalDateEnding": "2008-12-31", "reportedCurrency": "USD", "grossProfit": "9693000000", "totalRevenue": "9693000000", "costOfRevenue": "-1000000000", "costofGoodsAndServicesSold": "-1000000000", "operatingIncome": "5071000000", "sellingGeneralAndAdministrative": "3842000000", "researchAndDevelopment": "None", "operatingExpenses": "9659000000", "investmentIncomeNet": "None", "netInterestIncome": "None", "interestIncome": "None", "interestExpense": "2229000000", "nonInterestIncome": "None", "otherNonOperatingIncome": "None", "depreciation": "None", "depreciationAndAmortization": "-282000000", "incomeBeforeTax": "2842000000", "incomeTaxExpense": "1031000000", "interestAndDebtExpense": "None", "netIncomeFromContinuingOperations": "None", "comprehensiveIncomeNetOfTax": "None", "ebit": "3633000000", "ebitda": "3351000000", "netIncome": "1811000000"}, {"fiscalDateEnding": "2007-12-31", "reportedCurrency": "USD", "grossProfit": "8336000000", "totalRevenue": "8336000000", "costOfRevenue": "3482000000", "costofGoodsAndServicesSold": "3482000000", "operatingIncome": "5385000000", "sellingGeneralAndAdministrative": "3256000000", "researchAndDevelopment": "None", "operatingExpenses": "9117000000", "investmentIncomeNet": "None", "netInterestIncome": "None", "interestIncome": "None", "interestExpense": "3482000000", "nonInterestIncome": "None", "otherNonOperatingIncome": "None", "depreciation": "None", "depreciationAndAmortization": "130000000", "incomeBeforeTax": "1903000000", "incomeTaxExpense": "642000000", "interestAndDebtExpense": "None", "netIncomeFromContinuingOperations": "None", "comprehensiveIncomeNetOfTax": "None", "ebit": "5385000000", "ebitda": "5515000000", "netIncome": "1261000000"}, {"fiscalDateEnding": "2006-12-31", "reportedCurrency": "USD", "grossProfit": "6311000000", "totalRevenue": "6311000000", "costOfRevenue": "3214000000", "costofGoodsAndServicesSold": "3214000000", "operatingIncome": "4995000000", "sellingGeneralAndAdministrative": "2652000000", "researchAndDevelopment": "None", "operatingExpenses": "7754000000", "investmentIncomeNet": "None", "netInterestIncome": "None", "interestIncome": "None", "interestExpense": "3214000000", "nonInterestIncome": "None", "otherNonOperatingIncome": "None", "depreciation": "None", "depreciationAndAmortization": "385000000", "incomeBeforeTax": "1771000000", "incomeTaxExpense": "675000000", "interestAndDebtExpense": "None", "netIncomeFromContinuingOperations": "None", "comprehensiveIncomeNetOfTax": "None", "ebit": "4995000000", "ebitda": "5380000000", "netIncome": "1106000000"}, {"fiscalDateEnding": "2005-12-31", "reportedCurrency": "USD", "grossProfit": "5473000000", "totalRevenue": "5473000000", "costOfRevenue": "2023000000", "costofGoodsAndServicesSold": "2023000000", "operatingIncome": "3232000000", "sellingGeneralAndAdministrative": "2231000000", "researchAndDevelopment": "None", "operatingExpenses": "6064000000", "investmentIncomeNet": "None", "netInterestIncome": "None", "interestIncome": "None", "interestExpense": "2023000000", "nonInterestIncome": "None", "otherNonOperatingIncome": "None", "depreciation": "None", "depreciationAndAmortization": "499000000", "incomeBeforeTax": "1432000000", "incomeTaxExpense": "487000000", "interestAndDebtExpense": "None", "netIncomeFromContinuingOperations": "None", "comprehensiveIncomeNetOfTax": "None", "ebit": "1291000000", "ebitda": "1790000000", "netIncome": "722000000"}], "quarterlyReports": [{"fiscalDateEnding": "2024-12-31", "reportedCurrency": "USD", "grossProfit": "3412000000", "totalRevenue": "3412000000", "costOfRevenue": "None", "costofGoodsAndServicesSold": "None", "operatingIncome": "None", "sellingGeneralAndAdministrative": "1227000000", "researchAndDevelopment": "None", "operatingExpenses": "3412000000", "investmentIncomeNet": "None", "netInterestIncome": "749000000", "interestIncome": "3009000000", "interestExpense": "2260000000", "nonInterestIncome": "None", "otherNonOperatingIncome": "None", "depreciation": "None", "depreciationAndAmortization": "119000000", "incomeBeforeTax": "960000000", "incomeTaxExpense": "177000000", "interestAndDebtExpense": "None", "netIncomeFromContinuingOperations": "783000000", "comprehensiveIncomeNetOfTax": "None", "ebit": "None", "ebitda": "None", "netIncome": "783000000"}, {"fiscalDateEnding": "2024-09-30", "reportedCurrency": "USD", "grossProfit": "3073000000", "totalRevenue": "3178000000", "costOfRevenue": "105000000", "costofGoodsAndServicesSold": "105000000", "operatingIncome": "926000000", "sellingGeneralAndAdministrative": "1134000000", "researchAndDevelopment": "None", "operatingExpenses": "3178000000", "investmentIncomeNet": "None", "netInterestIncome": "723000000", "interestIncome": "3081000000", "interestExpense": "2358000000", "nonInterestIncome": "None", "otherNonOperatingIncome": "None", "depreciation": "None", "depreciationAndAmortization": "88000000", "incomeBeforeTax": "925000000", "incomeTaxExpense": "195000000", "interestAndDebtExpense": "None", "netIncomeFromContinuingOperations": "730000000", "comprehensiveIncomeNetOfTax": "None", "ebit": "925000000", "ebitda": "1013000000", "netIncome": "730000000"}, {"fiscalDateEnding": "2024-06-30", "reportedCurrency": "USD", "grossProfit": "3191000000", "totalRevenue": "3191000000", "costOfRevenue": "106000000", "costofGoodsAndServicesSold": "106000000", "operatingIncome": "972000000", "sellingGeneralAndAdministrative": "1099000000", "researchAndDevelopment": "None", "operatingExpenses": "962000000", "investmentIncomeNet": "None", "netInterestIncome": "735000000", "interestIncome": "2998000000", "interestExpense": "2263000000", "nonInterestIncome": "None", "otherNonOperatingIncome": "None", "depreciation": "None", "depreciationAndAmortization": "101000000", "incomeBeforeTax": "912000000", "incomeTaxExpense": "201000000", "interestAndDebtExpense": "None", "netIncomeFromContinuingOperations": "711000000", "comprehensiveIncomeNetOfTax": "None", "ebit": "912000000", "ebitda": "1013000000", "netIncome": "711000000"}, {"fiscalDateEnding": "2024-03-31", "reportedCurrency": "USD", "grossProfit": "3138000000", "totalRevenue": "3138000000", "costOfRevenue": "103000000", "costofGoodsAndServicesSold": "103000000", "operatingIncome": "658000000", "sellingGeneralAndAdministrative": "1252000000", "researchAndDevelopment": "None", "operatingExpenses": "1158000000", "investmentIncomeNet": "None", "netInterestIncome": "716000000", "interestIncome": "2889000000", "interestExpense": "2173000000", "nonInterestIncome": "None", "otherNonOperatingIncome": "None", "depreciation": "None", "depreciationAndAmortization": "121000000", "incomeBeforeTax": "598000000", "incomeTaxExpense": "135000000", "interestAndDebtExpense": "None", "netIncomeFromContinuingOperations": "463000000", "comprehensiveIncomeNetOfTax": "None", "ebit": "598000000", "ebitda": "719000000", "netIncome": "463000000"}, {"fiscalDateEnding": "2023-12-31", "reportedCurrency": "USD", "grossProfit": "2915000000", "totalRevenue": "3043000000", "costOfRevenue": "128000000", "costofGoodsAndServicesSold": "128000000", "operatingIncome": "163000000", "sellingGeneralAndAdministrative": "1065000000", "researchAndDevelopment": "None", "operatingExpenses": "-2880000000", "investmentIncomeNet": "None", "netInterestIncome": "678000000", "interestIncome": "2593000000", "interestExpense": "1915000000", "nonInterestIncome": "None", "otherNonOperatingIncome": "None", "depreciation": "None", "depreciationAndAmortization": "59000000", "incomeBeforeTax": "201000000", "incomeTaxExpense": "-9000000", "interestAndDebtExpense": "None", "netIncomeFromContinuingOperations": "210000000", "comprehensiveIncomeNetOfTax": "None", "ebit": "201000000", "ebitda": "260000000", "netIncome": "210000000"}, {"fiscalDateEnding": "2023-09-30", "reportedCurrency": "USD", "grossProfit": "2590000000", "totalRevenue": "2691000000", "costOfRevenue": "101000000", "costofGoodsAndServicesSold": "101000000", "operatingIncome": "511000000", "sellingGeneralAndAdministrative": "1082000000", "researchAndDevelopment": "None", "operatingExpenses": "-2180000000", "investmentIncomeNet": "None", "netInterestIncome": "624000000", "interestIncome": "2328000000", "interestExpense": "1704000000", "nonInterestIncome": "None", "otherNonOperatingIncome": "None", "depreciation": "None", "depreciationAndAmortization": "163000000", "incomeBeforeTax": "511000000", "incomeTaxExpense": "89000000", "interestAndDebtExpense": "None", "netIncomeFromContinuingOperations": "422000000", "comprehensiveIncomeNetOfTax": "None", "ebit": "511000000", "ebitda": "674000000", "netIncome": "422000000"}, {"fiscalDateEnding": "2023-06-30", "reportedCurrency": "USD", "grossProfit": "3007000000", "totalRevenue": "3110000000", "costOfRevenue": "103000000", "costofGoodsAndServicesSold": "103000000", "operatingIncome": "2457000000", "sellingGeneralAndAdministrative": "1123000000", "researchAndDevelopment": "None", "operatingExpenses": "-653000000", "investmentIncomeNet": "None", "netInterestIncome": "691000000", "interestIncome": "2232000000", "interestExpense": "1541000000", "nonInterestIncome": "None", "otherNonOperatingIncome": "None", "depreciation": "None", "depreciationAndAmortization": "177000000", "incomeBeforeTax": "916000000", "incomeTaxExpense": "153000000", "interestAndDebtExpense": "None", "netIncomeFromContinuingOperations": "763000000", "comprehensiveIncomeNetOfTax": "None", "ebit": "916000000", "ebitda": "1093000000", "netIncome": "763000000"}, {"fiscalDateEnding": "2023-03-31", "reportedCurrency": "USD", "grossProfit": "3101000000", "totalRevenue": "3101000000", "costOfRevenue": "94000000", "costofGoodsAndServicesSold": "94000000", "operatingIncome": "1949000000", "sellingGeneralAndAdministrative": "1292000000", "researchAndDevelopment": "None", "operatingExpenses": "3101000000", "investmentIncomeNet": "None", "netInterestIncome": "766000000", "interestIncome": "2027000000", "interestExpense": "1261000000", "nonInterestIncome": "None", "otherNonOperatingIncome": "None", "depreciation": "None", "depreciationAndAmortization": "231000000", "incomeBeforeTax": "688000000", "incomeTaxExpense": "139000000", "interestAndDebtExpense": "None", "netIncomeFromContinuingOperations": "549000000", "comprehensiveIncomeNetOfTax": "None", "ebit": "1949000000", "ebitda": "2009000000", "netIncome": "549000000"}, {"fiscalDateEnding": "2022-12-31", "reportedCurrency": "USD", "grossProfit": "5720000000", "totalRevenue": "3155000000", "costOfRevenue": "-2565000000", "costofGoodsAndServicesSold": "-2565000000", "operatingIncome": "1802000000", "sellingGeneralAndAdministrative": "1108000000", "researchAndDevelopment": "None", "operatingExpenses": "4583000000", "investmentIncomeNet": "None", "netInterestIncome": "791000000", "interestIncome": "1762000000", "interestExpense": "971000000", "nonInterestIncome": "None", "otherNonOperatingIncome": "None", "depreciation": "None", "depreciationAndAmortization": "284000000", "incomeBeforeTax": "889000000", "incomeTaxExpense": "156000000", "interestAndDebtExpense": "None", "netIncomeFromContinuingOperations": "733000000", "comprehensiveIncomeNetOfTax": "None", "ebit": "889000000", "ebitda": "1173000000", "netIncome": "733000000"}, {"fiscalDateEnding": "2022-09-30", "reportedCurrency": "USD", "grossProfit": "2862000000", "totalRevenue": "2959000000", "costOfRevenue": "97000000", "costofGoodsAndServicesSold": "97000000", "operatingIncome": "1269000000", "sellingGeneralAndAdministrative": "1042000000", "researchAndDevelopment": "None", "operatingExpenses": "2110000000", "investmentIncomeNet": "None", "netInterestIncome": "660000000", "interestIncome": "1101000000", "interestExpense": "441000000", "nonInterestIncome": "None", "otherNonOperatingIncome": "None", "depreciation": "None", "depreciationAndAmortization": "138000000", "incomeBeforeTax": "849000000", "incomeTaxExpense": "159000000", "interestAndDebtExpense": "None", "netIncomeFromContinuingOperations": "690000000", "comprehensiveIncomeNetOfTax": "None", "ebit": "849000000", "ebitda": "987000000", "netIncome": "690000000"}, {"fiscalDateEnding": "2022-06-30", "reportedCurrency": "USD", "grossProfit": "2857000000", "totalRevenue": "2953000000", "costOfRevenue": "96000000", "costofGoodsAndServicesSold": "96000000", "operatingIncome": "907000000", "sellingGeneralAndAdministrative": "1046000000", "researchAndDevelopment": "None", "operatingExpenses": "2108000000", "investmentIncomeNet": "None", "netInterestIncome": "584000000", "interestIncome": "704000000", "interestExpense": "120000000", "nonInterestIncome": "None", "otherNonOperatingIncome": "None", "depreciation": "None", "depreciationAndAmortization": "188000000", "incomeBeforeTax": "835000000", "incomeTaxExpense": "88000000", "interestAndDebtExpense": "None", "netIncomeFromContinuingOperations": "747000000", "comprehensiveIncomeNetOfTax": "None", "ebit": "835000000", "ebitda": "1023000000", "netIncome": "747000000"}, {"fiscalDateEnding": "2022-03-31", "reportedCurrency": "USD", "grossProfit": "2986000000", "totalRevenue": "3081000000", "costOfRevenue": "95000000", "costofGoodsAndServicesSold": "95000000", "operatingIncome": "766000000", "sellingGeneralAndAdministrative": "1232000000", "researchAndDevelopment": "None", "operatingExpenses": "-2220000000", "investmentIncomeNet": "None", "netInterestIncome": "508000000", "interestIncome": "521000000", "interestExpense": "12000000", "nonInterestIncome": "None", "otherNonOperatingIncome": "None", "depreciation": "None", "depreciationAndAmortization": "232000000", "incomeBeforeTax": "754000000", "incomeTaxExpense": "150000000", "interestAndDebtExpense": "None", "netIncomeFromContinuingOperations": "604000000", "comprehensiveIncomeNetOfTax": "None", "ebit": "754000000", "ebitda": "986000000", "netIncome": "604000000"}, {"fiscalDateEnding": "2021-12-31", "reportedCurrency": "USD", "grossProfit": "10767000000", "totalRevenue": "3053000000", "costOfRevenue": "-7714000000", "costofGoodsAndServicesSold": "-7714000000", "operatingIncome": "729000000", "sellingGeneralAndAdministrative": "1181000000", "researchAndDevelopment": "None", "operatingExpenses": "-3856000000", "investmentIncomeNet": "None", "netInterestIncome": "484000000", "interestIncome": "483000000", "interestExpense": "1000000", "nonInterestIncome": "None", "otherNonOperatingIncome": "None", "depreciation": "None", "depreciationAndAmortization": "62000000", "incomeBeforeTax": "730000000", "incomeTaxExpense": "33000000", "interestAndDebtExpense": "None", "netIncomeFromContinuingOperations": "697000000", "comprehensiveIncomeNetOfTax": "None", "ebit": "730000000", "ebitda": "792000000", "netIncome": "697000000"}, {"fiscalDateEnding": "2021-09-30", "reportedCurrency": "USD", "grossProfit": "2888000000", "totalRevenue": "2990000000", "costOfRevenue": "102000000", "costofGoodsAndServicesSold": "102000000", "operatingIncome": "1191000000", "sellingGeneralAndAdministrative": "1054000000", "researchAndDevelopment": "None", "operatingExpenses": "-1697000000", "investmentIncomeNet": "None", "netInterestIncome": "486000000", "interestIncome": "487000000", "interestExpense": "0", "nonInterestIncome": "None", "otherNonOperatingIncome": "None", "depreciation": "None", "depreciationAndAmortization": "315000000", "incomeBeforeTax": "876000000", "incomeTaxExpense": "162000000", "interestAndDebtExpense": "None", "netIncomeFromContinuingOperations": "714000000", "comprehensiveIncomeNetOfTax": "None", "ebit": "876000000", "ebitda": "1191000000", "netIncome": "714000000"}, {"fiscalDateEnding": "2021-06-30", "reportedCurrency": "USD", "grossProfit": "2934000000", "totalRevenue": "3034000000", "costOfRevenue": "100000000", "costofGoodsAndServicesSold": "100000000", "operatingIncome": "1279000000", "sellingGeneralAndAdministrative": "1077000000", "researchAndDevelopment": "None", "operatingExpenses": "-1655000000", "investmentIncomeNet": "None", "netInterestIncome": "467000000", "interestIncome": "467000000", "interestExpense": "69000000", "nonInterestIncome": "None", "otherNonOperatingIncome": "None", "depreciation": "None", "depreciationAndAmortization": "341000000", "incomeBeforeTax": "938000000", "incomeTaxExpense": "175000000", "interestAndDebtExpense": "None", "netIncomeFromContinuingOperations": "763000000", "comprehensiveIncomeNetOfTax": "None", "ebit": "938000000", "ebitda": "1279000000", "netIncome": "763000000"}, {"fiscalDateEnding": "2021-03-31", "reportedCurrency": "USD", "grossProfit": "2841000000", "totalRevenue": "2950000000", "costOfRevenue": "109000000", "costofGoodsAndServicesSold": "109000000", "operatingIncome": "627000000", "sellingGeneralAndAdministrative": "1242000000", "researchAndDevelopment": "None", "operatingExpenses": "-2214000000", "investmentIncomeNet": "None", "netInterestIncome": "467000000", "interestIncome": "471000000", "interestExpense": "4000000", "nonInterestIncome": "None", "otherNonOperatingIncome": "None", "depreciation": "None", "depreciationAndAmortization": "58000000", "incomeBeforeTax": "627000000", "incomeTaxExpense": "108000000", "interestAndDebtExpense": "None", "netIncomeFromContinuingOperations": "519000000", "comprehensiveIncomeNetOfTax": "None", "ebit": "928000000", "ebitda": "986000000", "netIncome": "519000000"}, {"fiscalDateEnding": "2020-12-31", "reportedCurrency": "USD", "grossProfit": "7624000000", "totalRevenue": "2917000000", "costOfRevenue": "-4707000000", "costofGoodsAndServicesSold": "-4707000000", "operatingIncome": "-774000", "sellingGeneralAndAdministrative": "1129000000", "researchAndDevelopment": "None", "operatingExpenses": "-4552000000", "investmentIncomeNet": "None", "netInterestIncome": "499000000", "interestIncome": "513000000", "interestExpense": "14000000", "nonInterestIncome": "None", "otherNonOperatingIncome": "None", "depreciation": "None", "depreciationAndAmortization": "59000000", "incomeBeforeTax": "641000000", "incomeTaxExpense": "104000000", "interestAndDebtExpense": "None", "netIncomeFromContinuingOperations": "537000000", "comprehensiveIncomeNetOfTax": "None", "ebit": "706000000", "ebitda": "765000000", "netIncome": "537000000"}, {"fiscalDateEnding": "2020-09-30", "reportedCurrency": "USD", "grossProfit": "2675000000", "totalRevenue": "2784000000", "costOfRevenue": "109000000", "costofGoodsAndServicesSold": "109000000", "operatingIncome": "-577000000", "sellingGeneralAndAdministrative": "1062000000", "researchAndDevelopment": "None", "operatingExpenses": "-3252000000", "investmentIncomeNet": "None", "netInterestIncome": "478000000", "interestIncome": "520000000", "interestExpense": "42000000", "nonInterestIncome": "None", "otherNonOperatingIncome": "None", "depreciation": "None", "depreciationAndAmortization": "59000000", "incomeBeforeTax": "681000000", "incomeTaxExpense": "126000000", "interestAndDebtExpense": "None", "netIncomeFromContinuingOperations": "555000000", "comprehensiveIncomeNetOfTax": "None", "ebit": "-680000000", "ebitda": "-621000000", "netIncome": "555000000"}, {"fiscalDateEnding": "2020-06-30", "reportedCurrency": "USD", "grossProfit": "2828000000", "totalRevenue": "2937000000", "costOfRevenue": "109000000", "costofGoodsAndServicesSold": "109000000", "operatingIncome": "1266000000", "sellingGeneralAndAdministrative": "1051000000", "researchAndDevelopment": "None", "operatingExpenses": "2237000000", "investmentIncomeNet": "None", "netInterestIncome": "559000000", "interestIncome": "674000000", "interestExpense": "115000000", "nonInterestIncome": "None", "otherNonOperatingIncome": "None", "depreciation": "None", "depreciationAndAmortization": "58000000", "incomeBeforeTax": "803000000", "incomeTaxExpense": "109000000", "interestAndDebtExpense": "None", "netIncomeFromContinuingOperations": "694000000", "comprehensiveIncomeNetOfTax": "None", "ebit": "1039000000", "ebitda": "1097000000", "netIncome": "694000000"}, {"fiscalDateEnding": "2020-03-31", "reportedCurrency": "USD", "grossProfit": "2956000000", "totalRevenue": "3065000000", "costOfRevenue": "109000000", "costofGoodsAndServicesSold": "109000000", "operatingIncome": "774000", "sellingGeneralAndAdministrative": "1208000000", "researchAndDevelopment": "None", "operatingExpenses": "2484000000", "investmentIncomeNet": "None", "netInterestIncome": "664000000", "interestIncome": "868000000", "interestExpense": "204000000", "nonInterestIncome": "None", "otherNonOperatingIncome": "None", "depreciation": "None", "depreciationAndAmortization": "58000000", "incomeBeforeTax": "774000000", "incomeTaxExpense": "140000000", "interestAndDebtExpense": "None", "netIncomeFromContinuingOperations": "634000000", "comprehensiveIncomeNetOfTax": "None", "ebit": "1252000000", "ebitda": "1310000000", "netIncome": "634000000"}, {"fiscalDateEnding": "2019-12-31", "reportedCurrency": "USD", "grossProfit": "10493000000", "totalRevenue": "3048000000", "costOfRevenue": "-7445000000", "costofGoodsAndServicesSold": "-7445000000", "operatingIncome": "15523000000", "sellingGeneralAndAdministrative": "1145000000", "researchAndDevelopment": "None", "operatingExpenses": "2651000000", "investmentIncomeNet": "None", "netInterestIncome": "636000000", "interestIncome": "906000000", "interestExpense": "270000000", "nonInterestIncome": "None", "otherNonOperatingIncome": "None", "depreciation": "None", "depreciationAndAmortization": "58000000", "incomeBeforeTax": "778000000", "incomeTaxExpense": "74000000", "interestAndDebtExpense": "None", "netIncomeFromContinuingOperations": "564000000", "comprehensiveIncomeNetOfTax": "None", "ebit": "1213000000", "ebitda": "1271000000", "netIncome": "704000000"}, {"fiscalDateEnding": "2019-09-30", "reportedCurrency": "USD", "grossProfit": "2790000000", "totalRevenue": "2903000000", "costOfRevenue": "113000000", "costofGoodsAndServicesSold": "113000000", "operatingIncome": "1359000000", "sellingGeneralAndAdministrative": "1083000000", "researchAndDevelopment": "None", "operatingExpenses": "2512000000", "investmentIncomeNet": "None", "netInterestIncome": "644000000", "interestIncome": "1001000000", "interestExpense": "357000000", "nonInterestIncome": "None", "otherNonOperatingIncome": "None", "depreciation": "None", "depreciationAndAmortization": "59000000", "incomeBeforeTax": "721000000", "incomeTaxExpense": "138000000", "interestAndDebtExpense": "None", "netIncomeFromContinuingOperations": "583000000", "comprehensiveIncomeNetOfTax": "None", "ebit": "717000000", "ebitda": "776000000", "netIncome": "583000000"}, {"fiscalDateEnding": "2019-06-30", "reportedCurrency": "USD", "grossProfit": "2758000000", "totalRevenue": "2873000000", "costOfRevenue": "115000000", "costofGoodsAndServicesSold": "115000000", "operatingIncome": "1383000000", "sellingGeneralAndAdministrative": "1084000000", "researchAndDevelopment": "None", "operatingExpenses": "2537000000", "investmentIncomeNet": "None", "netInterestIncome": "613000000", "interestIncome": "1007000000", "interestExpense": "394000000", "nonInterestIncome": "None", "otherNonOperatingIncome": "None", "depreciation": "None", "depreciationAndAmortization": "59000000", "incomeBeforeTax": "718000000", "incomeTaxExpense": "131000000", "interestAndDebtExpense": "None", "netIncomeFromContinuingOperations": "587000000", "comprehensiveIncomeNetOfTax": "None", "ebit": "1138000000", "ebitda": "1197000000", "netIncome": "587000000"}, {"fiscalDateEnding": "2019-03-31", "reportedCurrency": "USD", "grossProfit": "2816000000", "totalRevenue": "2932000000", "costOfRevenue": "116000000", "costofGoodsAndServicesSold": "116000000", "operatingIncome": "1233000000", "sellingGeneralAndAdministrative": "1229000000", "researchAndDevelopment": "None", "operatingExpenses": "2642000000", "investmentIncomeNet": "None", "netInterestIncome": "673000000", "interestIncome": "1027000000", "interestExpense": "354000000", "nonInterestIncome": "None", "otherNonOperatingIncome": "None", "depreciation": "None", "depreciationAndAmortization": "60000000", "incomeBeforeTax": "635000000", "incomeTaxExpense": "127000000", "interestAndDebtExpense": "None", "netIncomeFromContinuingOperations": "508000000", "comprehensiveIncomeNetOfTax": "None", "ebit": "1098000000", "ebitda": "1158000000", "netIncome": "508000000"}, {"fiscalDateEnding": "2018-12-31", "reportedCurrency": "USD", "grossProfit": "10647000000", "totalRevenue": "2986000000", "costOfRevenue": "-7661000000", "costofGoodsAndServicesSold": "-7661000000", "operatingIncome": "15435000000", "sellingGeneralAndAdministrative": "1303000000", "researchAndDevelopment": "0", "operatingExpenses": "2755000000", "investmentIncomeNet": "None", "netInterestIncome": "None", "interestIncome": "None", "interestExpense": "285000000", "nonInterestIncome": "None", "otherNonOperatingIncome": "None", "depreciation": "None", "depreciationAndAmortization": "81000000", "incomeBeforeTax": "504000000", "incomeTaxExpense": "65000000", "interestAndDebtExpense": "None", "netIncomeFromContinuingOperations": "439000000", "comprehensiveIncomeNetOfTax": "None", "ebit": "1037000000", "ebitda": "1118000000", "netIncome": "439000000"}, {"fiscalDateEnding": "2018-09-30", "reportedCurrency": "USD", "grossProfit": "2762000000", "totalRevenue": "2951000000", "costOfRevenue": "189000000", "costofGoodsAndServicesSold": "189000000", "operatingIncome": "1111000000", "sellingGeneralAndAdministrative": "1103000000", "researchAndDevelopment": "0", "operatingExpenses": "2340000000", "investmentIncomeNet": "None", "netInterestIncome": "None", "interestIncome": "None", "interestExpense": "244000000", "nonInterestIncome": "None", "otherNonOperatingIncome": "None", "depreciation": "None", "depreciationAndAmortization": "287000000", "incomeBeforeTax": "867000000", "incomeTaxExpense": "102000000", "interestAndDebtExpense": "None", "netIncomeFromContinuingOperations": "765000000", "comprehensiveIncomeNetOfTax": "None", "ebit": "1144000000", "ebitda": "1431000000", "netIncome": "765000000"}, {"fiscalDateEnding": "2018-06-30", "reportedCurrency": "USD", "grossProfit": "2813000000", "totalRevenue": "3026000000", "costOfRevenue": "213000000", "costofGoodsAndServicesSold": "213000000", "operatingIncome": "1113000000", "sellingGeneralAndAdministrative": "1125000000", "researchAndDevelopment": "0", "operatingExpenses": "2420000000", "investmentIncomeNet": "None", "netInterestIncome": "None", "interestIncome": "None", "interestExpense": "248000000", "nonInterestIncome": "None", "otherNonOperatingIncome": "None", "depreciation": "None", "depreciationAndAmortization": "289000000", "incomeBeforeTax": "865000000", "incomeTaxExpense": "131000000", "interestAndDebtExpense": "None", "netIncomeFromContinuingOperations": "734000000", "comprehensiveIncomeNetOfTax": "None", "ebit": "1113000000", "ebitda": "1402000000", "netIncome": "734000000"}, {"fiscalDateEnding": "2018-03-31", "reportedCurrency": "USD", "grossProfit": "2820000000", "totalRevenue": "3019000000", "costOfRevenue": "199000000", "costofGoodsAndServicesSold": "199000000", "operatingIncome": "962000000", "sellingGeneralAndAdministrative": "1249000000", "researchAndDevelopment": "0", "operatingExpenses": "2482000000", "investmentIncomeNet": "None", "netInterestIncome": "None", "interestIncome": "None", "interestExpense": "199000000", "nonInterestIncome": "None", "otherNonOperatingIncome": "None", "depreciation": "None", "depreciationAndAmortization": "298000000", "incomeBeforeTax": "763000000", "incomeTaxExpense": "102000000", "interestAndDebtExpense": "None", "netIncomeFromContinuingOperations": "661000000", "comprehensiveIncomeNetOfTax": "None", "ebit": "895000000", "ebitda": "1193000000", "netIncome": "661000000"}, {"fiscalDateEnding": "2017-12-31", "reportedCurrency": "USD", "grossProfit": "9660000000", "totalRevenue": "2846000000", "costOfRevenue": "-6814000000", "costofGoodsAndServicesSold": "-6814000000", "operatingIncome": "13781000000", "sellingGeneralAndAdministrative": "1067000000", "researchAndDevelopment": "0", "operatingExpenses": "2177000000", "investmentIncomeNet": "None", "netInterestIncome": "None", "interestIncome": "None", "interestExpense": "181000000", "nonInterestIncome": "None", "otherNonOperatingIncome": "None", "depreciation": "None", "depreciationAndAmortization": "289000000", "incomeBeforeTax": "717000000", "incomeTaxExpense": "347000000", "interestAndDebtExpense": "None", "netIncomeFromContinuingOperations": "370000000", "comprehensiveIncomeNetOfTax": "None", "ebit": "898000000", "ebitda": "1187000000", "netIncome": "370000000"}, {"fiscalDateEnding": "2017-09-30", "reportedCurrency": "USD", "grossProfit": "2657000000", "totalRevenue": "2846000000", "costOfRevenue": "189000000", "costofGoodsAndServicesSold": "189000000", "operatingIncome": "980000000", "sellingGeneralAndAdministrative": "1090000000", "researchAndDevelopment": "0", "operatingExpenses": "2149000000", "investmentIncomeNet": "None", "netInterestIncome": "None", "interestIncome": "None", "interestExpense": "158000000", "nonInterestIncome": "None", "otherNonOperatingIncome": "None", "depreciation": "None", "depreciationAndAmortization": "275000000", "incomeBeforeTax": "822000000", "incomeTaxExpense": "137000000", "interestAndDebtExpense": "None", "netIncomeFromContinuingOperations": "685000000", "comprehensiveIncomeNetOfTax": "None", "ebit": "877000000", "ebitda": "1152000000", "netIncome": "685000000"}, {"fiscalDateEnding": "2017-06-30", "reportedCurrency": "USD", "grossProfit": "2597000000", "totalRevenue": "2810000000", "costOfRevenue": "213000000", "costofGoodsAndServicesSold": "213000000", "operatingIncome": "901000000", "sellingGeneralAndAdministrative": "1071000000", "researchAndDevelopment": "0", "operatingExpenses": "2088000000", "investmentIncomeNet": "None", "netInterestIncome": "None", "interestIncome": "None", "interestExpense": "125000000", "nonInterestIncome": "None", "otherNonOperatingIncome": "None", "depreciation": "None", "depreciationAndAmortization": "257000000", "incomeBeforeTax": "776000000", "incomeTaxExpense": "156000000", "interestAndDebtExpense": "None", "netIncomeFromContinuingOperations": "620000000", "comprehensiveIncomeNetOfTax": "None", "ebit": "833000000", "ebitda": "1090000000", "netIncome": "620000000"}, {"fiscalDateEnding": "2017-03-31", "reportedCurrency": "USD", "grossProfit": "2464000000", "totalRevenue": "2668000000", "costOfRevenue": "204000000", "costofGoodsAndServicesSold": "204000000", "operatingIncome": "724000000", "sellingGeneralAndAdministrative": "1166000000", "researchAndDevelopment": "0", "operatingExpenses": "2195000000", "investmentIncomeNet": "None", "netInterestIncome": "None", "interestIncome": "None", "interestExpense": "140000000", "nonInterestIncome": "None", "otherNonOperatingIncome": "None", "depreciation": "None", "depreciationAndAmortization": "264000000", "incomeBeforeTax": "584000000", "incomeTaxExpense": "82000000", "interestAndDebtExpense": "None", "netIncomeFromContinuingOperations": "502000000", "comprehensiveIncomeNetOfTax": "None", "ebit": "643000000", "ebitda": "907000000", "netIncome": "502000000"}, {"fiscalDateEnding": "2016-12-31", "reportedCurrency": "USD", "grossProfit": "1711000000", "totalRevenue": "2530000000", "costOfRevenue": "819000000", "costofGoodsAndServicesSold": "819000000", "operatingIncome": "4448000000", "sellingGeneralAndAdministrative": "1244000000", "researchAndDevelopment": "0", "operatingExpenses": "2244000000", "investmentIncomeNet": "None", "netInterestIncome": "None", "interestIncome": "None", "interestExpense": "102000000", "nonInterestIncome": "None", "otherNonOperatingIncome": "None", "depreciation": "None", "depreciationAndAmortization": "259000000", "incomeBeforeTax": "345000000", "incomeTaxExpense": "-248000000", "interestAndDebtExpense": "None", "netIncomeFromContinuingOperations": "2449000000", "comprehensiveIncomeNetOfTax": "None", "ebit": "345000000", "ebitda": "604000000", "netIncome": "593000000"}, {"fiscalDateEnding": "2016-09-30", "reportedCurrency": "USD", "grossProfit": "2382000000", "totalRevenue": "2620000000", "costOfRevenue": "238000000", "costofGoodsAndServicesSold": "238000000", "operatingIncome": "745000000", "sellingGeneralAndAdministrative": "1013000000", "researchAndDevelopment": "0", "operatingExpenses": "2052000000", "investmentIncomeNet": "None", "netInterestIncome": "None", "interestIncome": "None", "interestExpense": "110000000", "nonInterestIncome": "None", "otherNonOperatingIncome": "None", "depreciation": "None", "depreciationAndAmortization": "210000000", "incomeBeforeTax": "636000000", "incomeTaxExpense": "72000000", "interestAndDebtExpense": "None", "netIncomeFromContinuingOperations": "564000000", "comprehensiveIncomeNetOfTax": "None", "ebit": "436000000", "ebitda": "646000000", "netIncome": "563000000"}, {"fiscalDateEnding": "2016-06-30", "reportedCurrency": "USD", "grossProfit": "2348000000", "totalRevenue": "2573000000", "costOfRevenue": "225000000", "costofGoodsAndServicesSold": "225000000", "operatingIncome": "810000000", "sellingGeneralAndAdministrative": "989000000", "researchAndDevelopment": "0", "operatingExpenses": "1943000000", "investmentIncomeNet": "None", "netInterestIncome": "None", "interestIncome": "None", "interestExpense": "99000000", "nonInterestIncome": "None", "otherNonOperatingIncome": "None", "depreciation": "None", "depreciationAndAmortization": "228000000", "incomeBeforeTax": "709000000", "incomeTaxExpense": "92000000", "interestAndDebtExpense": "None", "netIncomeFromContinuingOperations": "617000000", "comprehensiveIncomeNetOfTax": "None", "ebit": "810000000", "ebitda": "1038000000", "netIncome": "619000000"}, {"fiscalDateEnding": "2016-03-31", "reportedCurrency": "USD", "grossProfit": "2260000000", "totalRevenue": "2484000000", "costOfRevenue": "224000000", "costofGoodsAndServicesSold": "224000000", "operatingIncome": "547000000", "sellingGeneralAndAdministrative": "1107000000", "researchAndDevelopment": "0", "operatingExpenses": "2067000000", "investmentIncomeNet": "None", "netInterestIncome": "None", "interestIncome": "None", "interestExpense": "117000000", "nonInterestIncome": "None", "otherNonOperatingIncome": "None", "depreciation": "None", "depreciationAndAmortization": "232000000", "incomeBeforeTax": "430000000", "incomeTaxExpense": "62000000", "interestAndDebtExpense": "None", "netIncomeFromContinuingOperations": "368000000", "comprehensiveIncomeNetOfTax": "None", "ebit": "547000000", "ebitda": "779000000", "netIncome": "368000000"}, {"fiscalDateEnding": "2015-12-31", "reportedCurrency": "USD", "grossProfit": "2134000000", "totalRevenue": "2538000000", "costOfRevenue": "404000000", "costofGoodsAndServicesSold": "404000000", "operatingIncome": "772000000", "sellingGeneralAndAdministrative": "939000000", "researchAndDevelopment": "0", "operatingExpenses": "1961000000", "investmentIncomeNet": "None", "netInterestIncome": "None", "interestIncome": "None", "interestExpense": "109000000", "nonInterestIncome": "None", "otherNonOperatingIncome": "None", "depreciation": "None", "depreciationAndAmortization": "212000000", "incomeBeforeTax": "680000000", "incomeTaxExpense": "103000000", "interestAndDebtExpense": "None", "netIncomeFromContinuingOperations": "565000000", "comprehensiveIncomeNetOfTax": "None", "ebit": "772000000", "ebitda": "984000000", "netIncome": "576000000"}, {"fiscalDateEnding": "2015-09-30", "reportedCurrency": "USD", "grossProfit": "2418000000", "totalRevenue": "2619000000", "costOfRevenue": "201000000", "costofGoodsAndServicesSold": "201000000", "operatingIncome": "754000000", "sellingGeneralAndAdministrative": "1051000000", "researchAndDevelopment": "0", "operatingExpenses": "2058000000", "investmentIncomeNet": "None", "netInterestIncome": "None", "interestIncome": "None", "interestExpense": "101000000", "nonInterestIncome": "None", "otherNonOperatingIncome": "None", "depreciation": "None", "depreciationAndAmortization": "199000000", "incomeBeforeTax": "652000000", "incomeTaxExpense": "68000000", "interestAndDebtExpense": "None", "netIncomeFromContinuingOperations": "584000000", "comprehensiveIncomeNetOfTax": "None", "ebit": "754000000", "ebitda": "953000000", "netIncome": "585000000"}, {"fiscalDateEnding": "2015-06-30", "reportedCurrency": "USD", "grossProfit": "2413000000", "totalRevenue": "2614000000", "costOfRevenue": "201000000", "costofGoodsAndServicesSold": "201000000", "operatingIncome": "572000000", "sellingGeneralAndAdministrative": "984000000", "researchAndDevelopment": "0", "operatingExpenses": "2227000000", "investmentIncomeNet": "None", "netInterestIncome": "None", "interestIncome": "None", "interestExpense": "94000000", "nonInterestIncome": "None", "otherNonOperatingIncome": "None", "depreciation": "None", "depreciationAndAmortization": "197000000", "incomeBeforeTax": "478000000", "incomeTaxExpense": "56000000", "interestAndDebtExpense": "None", "netIncomeFromContinuingOperations": "422000000", "comprehensiveIncomeNetOfTax": "None", "ebit": "572000000", "ebitda": "769000000", "netIncome": "422000000"}, {"fiscalDateEnding": "2015-03-31", "reportedCurrency": "USD", "grossProfit": "2408000000", "totalRevenue": "2605000000", "costOfRevenue": "197000000", "costofGoodsAndServicesSold": "197000000", "operatingIncome": "600000000", "sellingGeneralAndAdministrative": "1087000000", "researchAndDevelopment": "0", "operatingExpenses": "2191000000", "investmentIncomeNet": "None", "netInterestIncome": "None", "interestIncome": "None", "interestExpense": "96000000", "nonInterestIncome": "None", "otherNonOperatingIncome": "None", "depreciation": "None", "depreciationAndAmortization": "185000000", "incomeBeforeTax": "504000000", "incomeTaxExpense": "95000000", "interestAndDebtExpense": "None", "netIncomeFromContinuingOperations": "409000000", "comprehensiveIncomeNetOfTax": "None", "ebit": "600000000", "ebitda": "785000000", "netIncome": "409000000"}, {"fiscalDateEnding": "2014-12-31", "reportedCurrency": "USD", "grossProfit": "2429000000", "totalRevenue": "2630000000", "costOfRevenue": "201000000", "costofGoodsAndServicesSold": "201000000", "operatingIncome": "671000000", "sellingGeneralAndAdministrative": "972000000", "researchAndDevelopment": "0", "operatingExpenses": "2111000000", "investmentIncomeNet": "None", "netInterestIncome": "None", "interestIncome": "None", "interestExpense": "102000000", "nonInterestIncome": "None", "otherNonOperatingIncome": "None", "depreciation": "None", "depreciationAndAmortization": "186000000", "incomeBeforeTax": "634000000", "incomeTaxExpense": "90000000", "interestAndDebtExpense": "None", "netIncomeFromContinuingOperations": "492000000", "comprehensiveIncomeNetOfTax": "None", "ebit": "671000000", "ebitda": "857000000", "netIncome": "544000000"}, {"fiscalDateEnding": "2014-09-30", "reportedCurrency": "USD", "grossProfit": "2383000000", "totalRevenue": "2582000000", "costOfRevenue": "199000000", "costofGoodsAndServicesSold": "199000000", "operatingIncome": "789000000", "sellingGeneralAndAdministrative": "953000000", "researchAndDevelopment": "0", "operatingExpenses": "1975000000", "investmentIncomeNet": "None", "netInterestIncome": "None", "interestIncome": "None", "interestExpense": "101000000", "nonInterestIncome": "None", "otherNonOperatingIncome": "None", "depreciation": "None", "depreciationAndAmortization": "177000000", "incomeBeforeTax": "688000000", "incomeTaxExpense": "128000000", "interestAndDebtExpense": "None", "netIncomeFromContinuingOperations": "560000000", "comprehensiveIncomeNetOfTax": "None", "ebit": "789000000", "ebitda": "966000000", "netIncome": "560000000"}, {"fiscalDateEnding": "2014-06-30", "reportedCurrency": "USD", "grossProfit": "2405000000", "totalRevenue": "2598000000", "costOfRevenue": "193000000", "costofGoodsAndServicesSold": "193000000", "operatingIncome": "835000000", "sellingGeneralAndAdministrative": "978000000", "researchAndDevelopment": "0", "operatingExpenses": "1913000000", "investmentIncomeNet": "None", "netInterestIncome": "None", "interestIncome": "None", "interestExpense": "89000000", "nonInterestIncome": "None", "otherNonOperatingIncome": "None", "depreciation": "None", "depreciationAndAmortization": "183000000", "incomeBeforeTax": "746000000", "incomeTaxExpense": "124000000", "interestAndDebtExpense": "None", "netIncomeFromContinuingOperations": "622000000", "comprehensiveIncomeNetOfTax": "None", "ebit": "835000000", "ebitda": "1018000000", "netIncome": "622000000"}, {"fiscalDateEnding": "2014-03-31", "reportedCurrency": "USD", "grossProfit": "2294000000", "totalRevenue": "2485000000", "costOfRevenue": "191000000", "costofGoodsAndServicesSold": "191000000", "operatingIncome": "555000000", "sellingGeneralAndAdministrative": "1157000000", "researchAndDevelopment": "0", "operatingExpenses": "2097000000", "investmentIncomeNet": "None", "netInterestIncome": "None", "interestIncome": "None", "interestExpense": "100000000", "nonInterestIncome": "None", "otherNonOperatingIncome": "None", "depreciation": "None", "depreciationAndAmortization": "153000000", "incomeBeforeTax": "455000000", "incomeTaxExpense": "92000000", "interestAndDebtExpense": "None", "netIncomeFromContinuingOperations": "363000000", "comprehensiveIncomeNetOfTax": "None", "ebit": "555000000", "ebitda": "708000000", "netIncome": "363000000"}, {"fiscalDateEnding": "2013-12-31", "reportedCurrency": "USD", "grossProfit": "2282000000", "totalRevenue": "2464000000", "costOfRevenue": "182000000", "costofGoodsAndServicesSold": "182000000", "operatingIncome": "711000000", "sellingGeneralAndAdministrative": "945000000", "researchAndDevelopment": "0", "operatingExpenses": "1915000000", "investmentIncomeNet": "None", "netInterestIncome": "None", "interestIncome": "None", "interestExpense": "99000000", "nonInterestIncome": "None", "otherNonOperatingIncome": "None", "depreciation": "None", "depreciationAndAmortization": "191000000", "incomeBeforeTax": "612000000", "incomeTaxExpense": "59000000", "interestAndDebtExpense": "None", "netIncomeFromContinuingOperations": "553000000", "comprehensiveIncomeNetOfTax": "None", "ebit": "711000000", "ebitda": "902000000", "netIncome": "553000000"}, {"fiscalDateEnding": "2013-09-30", "reportedCurrency": "USD", "grossProfit": "2240000000", "totalRevenue": "2425000000", "costOfRevenue": "185000000", "costofGoodsAndServicesSold": "185000000", "operatingIncome": "800000000", "sellingGeneralAndAdministrative": "903000000", "researchAndDevelopment": "0", "operatingExpenses": "1789000000", "investmentIncomeNet": "None", "netInterestIncome": "None", "interestIncome": "None", "interestExpense": "97000000", "nonInterestIncome": "None", "otherNonOperatingIncome": "None", "depreciation": "None", "depreciationAndAmortization": "184000000", "incomeBeforeTax": "703000000", "incomeTaxExpense": "163000000", "interestAndDebtExpense": "None", "netIncomeFromContinuingOperations": "540000000", "comprehensiveIncomeNetOfTax": "None", "ebit": "800000000", "ebitda": "984000000", "netIncome": "540000000"}, {"fiscalDateEnding": "2013-06-30", "reportedCurrency": "USD", "grossProfit": "2374000000", "totalRevenue": "2560000000", "costOfRevenue": "186000000", "costofGoodsAndServicesSold": "186000000", "operatingIncome": "866000000", "sellingGeneralAndAdministrative": "917000000", "researchAndDevelopment": "0", "operatingExpenses": "1872000000", "investmentIncomeNet": "None", "netInterestIncome": "None", "interestIncome": "None", "interestExpense": "104000000", "nonInterestIncome": "None", "otherNonOperatingIncome": "None", "depreciation": "None", "depreciationAndAmortization": "140000000", "incomeBeforeTax": "762000000", "incomeTaxExpense": "183000000", "interestAndDebtExpense": "None", "netIncomeFromContinuingOperations": "579000000", "comprehensiveIncomeNetOfTax": "None", "ebit": "866000000", "ebitda": "1006000000", "netIncome": "579000000"}, {"fiscalDateEnding": "2013-03-31", "reportedCurrency": "USD", "grossProfit": "2255000000", "totalRevenue": "2435000000", "costOfRevenue": "180000000", "costofGoodsAndServicesSold": "180000000", "operatingIncome": "720000000", "sellingGeneralAndAdministrative": "1035000000", "researchAndDevelopment": "0", "operatingExpenses": "1923000000", "investmentIncomeNet": "None", "netInterestIncome": "None", "interestIncome": "None", "interestExpense": "111000000", "nonInterestIncome": "None", "otherNonOperatingIncome": "None", "depreciation": "None", "depreciationAndAmortization": "160000000", "incomeBeforeTax": "609000000", "incomeTaxExpense": "145000000", "interestAndDebtExpense": "None", "netIncomeFromContinuingOperations": "464000000", "comprehensiveIncomeNetOfTax": "None", "ebit": "720000000", "ebitda": "880000000", "netIncome": "464000000"}, {"fiscalDateEnding": "2012-12-31", "reportedCurrency": "USD", "grossProfit": "1697000000", "totalRevenue": "2449000000", "costOfRevenue": "752000000", "costofGoodsAndServicesSold": "752000000", "operatingIncome": "698000000", "sellingGeneralAndAdministrative": "915000000", "researchAndDevelopment": "0", "operatingExpenses": "1834000000", "investmentIncomeNet": "None", "netInterestIncome": "None", "interestIncome": "None", "interestExpense": "111000000", "nonInterestIncome": "None", "otherNonOperatingIncome": "None", "depreciation": "None", "depreciationAndAmortization": "32000000", "incomeBeforeTax": "587000000", "incomeTaxExpense": "117000000", "interestAndDebtExpense": "None", "netIncomeFromContinuingOperations": "0", "comprehensiveIncomeNetOfTax": "None", "ebit": "698000000", "ebitda": "730000000", "netIncome": "470000000"}, {"fiscalDateEnding": "2012-09-30", "reportedCurrency": "USD", "grossProfit": "2356000000", "totalRevenue": "2356000000", "costOfRevenue": "-4000000", "costofGoodsAndServicesSold": "-4000000", "operatingIncome": "1052000000", "sellingGeneralAndAdministrative": "1382000000", "researchAndDevelopment": "0", "operatingExpenses": "1498000000", "investmentIncomeNet": "None", "netInterestIncome": "None", "interestIncome": "None", "interestExpense": "111000000", "nonInterestIncome": "None", "otherNonOperatingIncome": "None", "depreciation": "None", "depreciationAndAmortization": "160000000", "incomeBeforeTax": "941000000", "incomeTaxExpense": "267000000", "interestAndDebtExpense": "None", "netIncomeFromContinuingOperations": "0", "comprehensiveIncomeNetOfTax": "None", "ebit": "1052000000", "ebitda": "1212000000", "netIncome": "674000000"}, {"fiscalDateEnding": "2012-06-30", "reportedCurrency": "USD", "grossProfit": "2417000000", "totalRevenue": "2423000000", "costOfRevenue": "6000000", "costofGoodsAndServicesSold": "6000000", "operatingIncome": "766000000", "sellingGeneralAndAdministrative": "1150000000", "researchAndDevelopment": "0", "operatingExpenses": "1848000000", "investmentIncomeNet": "None", "netInterestIncome": "None", "interestIncome": "None", "interestExpense": "114000000", "nonInterestIncome": "None", "otherNonOperatingIncome": "None", "depreciation": "None", "depreciationAndAmortization": "122000000", "incomeBeforeTax": "652000000", "incomeTaxExpense": "162000000", "interestAndDebtExpense": "None", "netIncomeFromContinuingOperations": "0", "comprehensiveIncomeNetOfTax": "None", "ebit": "766000000", "ebitda": "888000000", "netIncome": "490000000"}, {"fiscalDateEnding": "2012-03-31", "reportedCurrency": "USD", "grossProfit": "2421000000", "totalRevenue": "2421000000", "costOfRevenue": "140000000", "costofGoodsAndServicesSold": "140000000", "operatingIncome": "726000000", "sellingGeneralAndAdministrative": "1436000000", "researchAndDevelopment": "0", "operatingExpenses": "1954000000", "investmentIncomeNet": "None", "netInterestIncome": "None", "interestIncome": "None", "interestExpense": "140000000", "nonInterestIncome": "None", "otherNonOperatingIncome": "None", "depreciation": "None", "depreciationAndAmortization": "142000000", "incomeBeforeTax": "586000000", "incomeTaxExpense": "159000000", "interestAndDebtExpense": "None", "netIncomeFromContinuingOperations": "0", "comprehensiveIncomeNetOfTax": "None", "ebit": "726000000", "ebitda": "868000000", "netIncome": "427000000"}, {"fiscalDateEnding": "2011-12-31", "reportedCurrency": "USD", "grossProfit": "2186000000", "totalRevenue": "2186000000", "costOfRevenue": "-190000000", "costofGoodsAndServicesSold": "-190000000", "operatingIncome": "691000000", "sellingGeneralAndAdministrative": "262000000", "researchAndDevelopment": "0", "operatingExpenses": "1794000000", "investmentIncomeNet": "None", "netInterestIncome": "None", "interestIncome": "None", "interestExpense": "159000000", "nonInterestIncome": "None", "otherNonOperatingIncome": "None", "depreciation": "None", "depreciationAndAmortization": "115000000", "incomeBeforeTax": "532000000", "incomeTaxExpense": "151000000", "interestAndDebtExpense": "None", "netIncomeFromContinuingOperations": "0", "comprehensiveIncomeNetOfTax": "None", "ebit": "691000000", "ebitda": "806000000", "netIncome": "381000000"}, {"fiscalDateEnding": "2011-09-30", "reportedCurrency": "USD", "grossProfit": "2457000000", "totalRevenue": "2457000000", "costOfRevenue": "150000000", "costofGoodsAndServicesSold": "150000000", "operatingIncome": "779000000", "sellingGeneralAndAdministrative": "1336000000", "researchAndDevelopment": "0", "operatingExpenses": "1863000000", "investmentIncomeNet": "None", "netInterestIncome": "None", "interestIncome": "None", "interestExpense": "150000000", "nonInterestIncome": "None", "otherNonOperatingIncome": "None", "depreciation": "None", "depreciationAndAmortization": "96000000", "incomeBeforeTax": "629000000", "incomeTaxExpense": "74000000", "interestAndDebtExpense": "None", "netIncomeFromContinuingOperations": "555000000", "comprehensiveIncomeNetOfTax": "None", "ebit": "779000000", "ebitda": "875000000", "netIncome": "555000000"}, {"fiscalDateEnding": "2011-06-30", "reportedCurrency": "USD", "grossProfit": "2535000000", "totalRevenue": "2553000000", "costOfRevenue": "18000000", "costofGoodsAndServicesSold": "18000000", "operatingIncome": "862000000", "sellingGeneralAndAdministrative": "1401000000", "researchAndDevelopment": "0", "operatingExpenses": "1906000000", "investmentIncomeNet": "None", "netInterestIncome": "None", "interestIncome": "None", "interestExpense": "147000000", "nonInterestIncome": "None", "otherNonOperatingIncome": "None", "depreciation": "None", "depreciationAndAmortization": "110000000", "incomeBeforeTax": "715000000", "incomeTaxExpense": "202000000", "interestAndDebtExpense": "None", "netIncomeFromContinuingOperations": "513000000", "comprehensiveIncomeNetOfTax": "None", "ebit": "862000000", "ebitda": "972000000", "netIncome": "513000000"}, {"fiscalDateEnding": "2011-03-31", "reportedCurrency": "USD", "grossProfit": "2361000000", "totalRevenue": "2361000000", "costOfRevenue": "-35000000", "costofGoodsAndServicesSold": "-35000000", "operatingIncome": "817000000", "sellingGeneralAndAdministrative": "1165000000", "researchAndDevelopment": "0", "operatingExpenses": "1839000000", "investmentIncomeNet": "None", "netInterestIncome": "None", "interestIncome": "None", "interestExpense": "157000000", "nonInterestIncome": "None", "otherNonOperatingIncome": "None", "depreciation": "None", "depreciationAndAmortization": "59000000", "incomeBeforeTax": "660000000", "incomeTaxExpense": "189000000", "interestAndDebtExpense": "None", "netIncomeFromContinuingOperations": "471000000", "comprehensiveIncomeNetOfTax": "None", "ebit": "817000000", "ebitda": "876000000", "netIncome": "471000000"}, {"fiscalDateEnding": "2010-12-31", "reportedCurrency": "USD", "grossProfit": "2843000000", "totalRevenue": "2843000000", "costOfRevenue": "-651000000", "costofGoodsAndServicesSold": "-651000000", "operatingIncome": "-370000000", "sellingGeneralAndAdministrative": "69000000", "researchAndDevelopment": "0", "operatingExpenses": "1794000000", "investmentIncomeNet": "None", "netInterestIncome": "None", "interestIncome": "None", "interestExpense": "622000000", "nonInterestIncome": "None", "otherNonOperatingIncome": "None", "depreciation": "None", "depreciationAndAmortization": "-207000000", "incomeBeforeTax": "252000000", "incomeTaxExpense": "169000000", "interestAndDebtExpense": "None", "netIncomeFromContinuingOperations": "0", "comprehensiveIncomeNetOfTax": "None", "ebit": "-370000000", "ebitda": "-577000000", "netIncome": "83000000"}, {"fiscalDateEnding": "2010-09-30", "reportedCurrency": "USD", "grossProfit": "2384000000", "totalRevenue": "2384000000", "costOfRevenue": "-75000000", "costofGoodsAndServicesSold": "-75000000", "operatingIncome": "910000000", "sellingGeneralAndAdministrative": "1518000000", "researchAndDevelopment": "0", "operatingExpenses": "1685000000", "investmentIncomeNet": "None", "netInterestIncome": "None", "interestIncome": "None", "interestExpense": "180000000", "nonInterestIncome": "None", "otherNonOperatingIncome": "None", "depreciation": "None", "depreciationAndAmortization": "52000000", "incomeBeforeTax": "310000000", "incomeTaxExpense": "-236000000", "interestAndDebtExpense": "None", "netIncomeFromContinuingOperations": "0", "comprehensiveIncomeNetOfTax": "None", "ebit": "910000000", "ebitda": "962000000", "netIncome": "546000000"}, {"fiscalDateEnding": "2010-06-30", "reportedCurrency": "USD", "grossProfit": "2544000000", "totalRevenue": "2544000000", "costOfRevenue": "-1356000000", "costofGoodsAndServicesSold": "-1356000000", "operatingIncome": "492000000", "sellingGeneralAndAdministrative": "1187000000", "researchAndDevelopment": "0", "operatingExpenses": "2101000000", "investmentIncomeNet": "None", "netInterestIncome": "None", "interestIncome": "None", "interestExpense": "188000000", "nonInterestIncome": "None", "otherNonOperatingIncome": "None", "depreciation": "None", "depreciationAndAmortization": "46000000", "incomeBeforeTax": "350000000", "incomeTaxExpense": "-82000000", "interestAndDebtExpense": "None", "netIncomeFromContinuingOperations": "0", "comprehensiveIncomeNetOfTax": "None", "ebit": "492000000", "ebitda": "538000000", "netIncome": "432000000"}, {"fiscalDateEnding": "2010-03-31", "reportedCurrency": "USD", "grossProfit": "2536000000", "totalRevenue": "2536000000", "costOfRevenue": "232000000", "costofGoodsAndServicesSold": "232000000", "operatingIncome": "919000000", "sellingGeneralAndAdministrative": "1203000000", "researchAndDevelopment": "0", "operatingExpenses": "1798000000", "investmentIncomeNet": "None", "netInterestIncome": "None", "interestIncome": "None", "interestExpense": "217000000", "nonInterestIncome": "None", "otherNonOperatingIncome": "None", "depreciation": "None", "depreciationAndAmortization": "-233000000", "incomeBeforeTax": "702000000", "incomeTaxExpense": "207000000", "interestAndDebtExpense": "None", "netIncomeFromContinuingOperations": "0", "comprehensiveIncomeNetOfTax": "None", "ebit": "919000000", "ebitda": "686000000", "netIncome": "495000000"}, {"fiscalDateEnding": "2009-12-31", "reportedCurrency": "USD", "grossProfit": "2280000000", "totalRevenue": "2280000000", "costOfRevenue": "-227000000", "costofGoodsAndServicesSold": "-227000000", "operatingIncome": "860000000", "sellingGeneralAndAdministrative": "127000000", "researchAndDevelopment": "0", "operatingExpenses": "1771000000", "investmentIncomeNet": "None", "netInterestIncome": "None", "interestIncome": "None", "interestExpense": "180000000", "nonInterestIncome": "None", "otherNonOperatingIncome": "None", "depreciation": "None", "depreciationAndAmortization": "347000000", "incomeBeforeTax": "680000000", "incomeTaxExpense": "182000000", "interestAndDebtExpense": "None", "netIncomeFromContinuingOperations": "0", "comprehensiveIncomeNetOfTax": "None", "ebit": "860000000", "ebitda": "1207000000", "netIncome": "498000000"}, {"fiscalDateEnding": "2009-09-30", "reportedCurrency": "USD", "grossProfit": "2236000000", "totalRevenue": "2267000000", "costOfRevenue": "31000000", "costofGoodsAndServicesSold": "31000000", "operatingIncome": "662000000", "sellingGeneralAndAdministrative": "1132000000", "researchAndDevelopment": "0", "operatingExpenses": "1663000000", "investmentIncomeNet": "None", "netInterestIncome": "None", "interestIncome": "None", "interestExpense": "175000000", "nonInterestIncome": "None", "otherNonOperatingIncome": "None", "depreciation": "None", "depreciationAndAmortization": "-259000000", "incomeBeforeTax": "779000000", "incomeTaxExpense": "225000000", "interestAndDebtExpense": "None", "netIncomeFromContinuingOperations": "0", "comprehensiveIncomeNetOfTax": "None", "ebit": "662000000", "ebitda": "403000000", "netIncome": "523000000"}, {"fiscalDateEnding": "2009-06-30", "reportedCurrency": "USD", "grossProfit": "2122000000", "totalRevenue": "2153000000", "costOfRevenue": "31000000", "costofGoodsAndServicesSold": "31000000", "operatingIncome": "-2747000000", "sellingGeneralAndAdministrative": "1009000000", "researchAndDevelopment": "0", "operatingExpenses": "1559000000", "investmentIncomeNet": "None", "netInterestIncome": "None", "interestIncome": "None", "interestExpense": "193000000", "nonInterestIncome": "None", "otherNonOperatingIncome": "None", "depreciation": "None", "depreciationAndAmortization": "-2349000000", "incomeBeforeTax": "787000000", "incomeTaxExpense": "247000000", "interestAndDebtExpense": "None", "netIncomeFromContinuingOperations": "0", "comprehensiveIncomeNetOfTax": "None", "ebit": "-34000000", "ebitda": "-2383000000", "netIncome": "509000000"}, {"fiscalDateEnding": "2009-03-31", "reportedCurrency": "USD", "grossProfit": "2002000000", "totalRevenue": "2002000000", "costOfRevenue": "258000000", "costofGoodsAndServicesSold": "258000000", "operatingIncome": "788000000", "sellingGeneralAndAdministrative": "862000000", "researchAndDevelopment": "0", "operatingExpenses": "1545000000", "investmentIncomeNet": "None", "netInterestIncome": "None", "interestIncome": "None", "interestExpense": "174000000", "nonInterestIncome": "None", "otherNonOperatingIncome": "None", "depreciation": "None", "depreciationAndAmortization": "-23000000", "incomeBeforeTax": "614000000", "incomeTaxExpense": "138000000", "interestAndDebtExpense": "None", "netIncomeFromContinuingOperations": "0", "comprehensiveIncomeNetOfTax": "None", "ebit": "788000000", "ebitda": "765000000", "netIncome": "476000000"}, {"fiscalDateEnding": "2008-12-31", "reportedCurrency": "USD", "grossProfit": "2023000000", "totalRevenue": "2023000000", "costOfRevenue": "-1000000000", "costofGoodsAndServicesSold": "-1000000000", "operatingIncome": "946000000", "sellingGeneralAndAdministrative": "698000000", "researchAndDevelopment": "0", "operatingExpenses": "2562000000", "investmentIncomeNet": "None", "netInterestIncome": "None", "interestIncome": "None", "interestExpense": "584000000", "nonInterestIncome": "None", "otherNonOperatingIncome": "None", "depreciation": "None", "depreciationAndAmortization": "-745000000", "incomeBeforeTax": "362000000", "incomeTaxExpense": "106000000", "interestAndDebtExpense": "None", "netIncomeFromContinuingOperations": "0", "comprehensiveIncomeNetOfTax": "None", "ebit": "946000000", "ebitda": "201000000", "netIncome": "256000000"}, {"fiscalDateEnding": "2008-09-30", "reportedCurrency": "USD", "grossProfit": "2421000000", "totalRevenue": "2421000000", "costOfRevenue": "502000000", "costofGoodsAndServicesSold": "502000000", "operatingIncome": "1348000000", "sellingGeneralAndAdministrative": "1022000000", "researchAndDevelopment": "0", "operatingExpenses": "2397000000", "investmentIncomeNet": "None", "netInterestIncome": "None", "interestIncome": "None", "interestExpense": "502000000", "nonInterestIncome": "None", "otherNonOperatingIncome": "None", "depreciation": "None", "depreciationAndAmortization": "132000000", "incomeBeforeTax": "846000000", "incomeTaxExpense": "369000000", "interestAndDebtExpense": "None", "netIncomeFromContinuingOperations": "0", "comprehensiveIncomeNetOfTax": "None", "ebit": "1348000000", "ebitda": "1480000000", "netIncome": "477000000"}, {"fiscalDateEnding": "2008-06-30", "reportedCurrency": "USD", "grossProfit": "2672000000", "totalRevenue": "2672000000", "costOfRevenue": "480000000", "costofGoodsAndServicesSold": "480000000", "operatingIncome": "1311000000", "sellingGeneralAndAdministrative": "1060000000", "researchAndDevelopment": "0", "operatingExpenses": "2289000000", "investmentIncomeNet": "None", "netInterestIncome": "None", "interestIncome": "None", "interestExpense": "480000000", "nonInterestIncome": "None", "otherNonOperatingIncome": "None", "depreciation": "None", "depreciationAndAmortization": "159000000", "incomeBeforeTax": "831000000", "incomeTaxExpense": "283000000", "interestAndDebtExpense": "None", "netIncomeFromContinuingOperations": "0", "comprehensiveIncomeNetOfTax": "None", "ebit": "1311000000", "ebitda": "1470000000", "netIncome": "548000000"}, {"fiscalDateEnding": "2008-03-31", "reportedCurrency": "USD", "grossProfit": "2577000000", "totalRevenue": "2577000000", "costOfRevenue": "663000000", "costofGoodsAndServicesSold": "663000000", "operatingIncome": "1466000000", "sellingGeneralAndAdministrative": "1062000000", "researchAndDevelopment": "0", "operatingExpenses": "2411000000", "investmentIncomeNet": "None", "netInterestIncome": "None", "interestIncome": "None", "interestExpense": "663000000", "nonInterestIncome": "None", "otherNonOperatingIncome": "None", "depreciation": "None", "depreciationAndAmortization": "172000000", "incomeBeforeTax": "803000000", "incomeTaxExpense": "273000000", "interestAndDebtExpense": "None", "netIncomeFromContinuingOperations": "0", "comprehensiveIncomeNetOfTax": "None", "ebit": "1466000000", "ebitda": "1638000000", "netIncome": "530000000"}, {"fiscalDateEnding": "2007-12-31", "reportedCurrency": "USD", "grossProfit": "2479000000", "totalRevenue": "2479000000", "costOfRevenue": "898000000", "costofGoodsAndServicesSold": "898000000", "operatingIncome": "1204000000", "sellingGeneralAndAdministrative": "793000000", "researchAndDevelopment": "0", "operatingExpenses": "2414000000", "investmentIncomeNet": "None", "netInterestIncome": "None", "interestIncome": "None", "interestExpense": "898000000", "nonInterestIncome": "None", "otherNonOperatingIncome": "None", "depreciation": "None", "depreciationAndAmortization": "-230000000", "incomeBeforeTax": "306000000", "incomeTaxExpense": "83000000", "interestAndDebtExpense": "None", "netIncomeFromContinuingOperations": "0", "comprehensiveIncomeNetOfTax": "None", "ebit": "1204000000", "ebitda": "974000000", "netIncome": "223000000"}, {"fiscalDateEnding": "2007-09-30", "reportedCurrency": "USD", "grossProfit": "2240000000", "totalRevenue": "2240000000", "costOfRevenue": "919000000", "costofGoodsAndServicesSold": "919000000", "operatingIncome": "1470000000", "sellingGeneralAndAdministrative": "916000000", "researchAndDevelopment": "0", "operatingExpenses": "2467000000", "investmentIncomeNet": "None", "netInterestIncome": "None", "interestIncome": "None", "interestExpense": "919000000", "nonInterestIncome": "None", "otherNonOperatingIncome": "None", "depreciation": "None", "depreciationAndAmortization": "None", "incomeBeforeTax": "551000000", "incomeTaxExpense": "193000000", "interestAndDebtExpense": "None", "netIncomeFromContinuingOperations": "0", "comprehensiveIncomeNetOfTax": "None", "ebit": "551000000", "ebitda": "1470000000", "netIncome": "358000000"}, {"fiscalDateEnding": "2007-06-30", "reportedCurrency": "USD", "grossProfit": "1921000000", "totalRevenue": "1921000000", "costOfRevenue": "818000000", "costofGoodsAndServicesSold": "818000000", "operatingIncome": "1381000000", "sellingGeneralAndAdministrative": "1077000000", "researchAndDevelopment": "0", "operatingExpenses": "2176000000", "investmentIncomeNet": "None", "netInterestIncome": "None", "interestIncome": "None", "interestExpense": "818000000", "nonInterestIncome": "None", "otherNonOperatingIncome": "None", "depreciation": "None", "depreciationAndAmortization": "None", "incomeBeforeTax": "563000000", "incomeTaxExpense": "197000000", "interestAndDebtExpense": "None", "netIncomeFromContinuingOperations": "0", "comprehensiveIncomeNetOfTax": "None", "ebit": "563000000", "ebitda": "1381000000", "netIncome": "366000000"}, {"fiscalDateEnding": "2007-03-31", "reportedCurrency": "USD", "grossProfit": "1696000000", "totalRevenue": "1696000000", "costOfRevenue": "847000000", "costofGoodsAndServicesSold": "847000000", "operatingIncome": "1330000000", "sellingGeneralAndAdministrative": "739000000", "researchAndDevelopment": "0", "operatingExpenses": "2060000000", "investmentIncomeNet": "None", "netInterestIncome": "None", "interestIncome": "None", "interestExpense": "847000000", "nonInterestIncome": "None", "otherNonOperatingIncome": "None", "depreciation": "None", "depreciationAndAmortization": "190000000", "incomeBeforeTax": "483000000", "incomeTaxExpense": "169000000", "interestAndDebtExpense": "None", "netIncomeFromContinuingOperations": "0", "comprehensiveIncomeNetOfTax": "None", "ebit": "1330000000", "ebitda": "1520000000", "netIncome": "314000000"}, {"fiscalDateEnding": "2006-12-31", "reportedCurrency": "USD", "grossProfit": "1622000000", "totalRevenue": "1622000000", "costOfRevenue": "910000000", "costofGoodsAndServicesSold": "910000000", "operatingIncome": "1354000000", "sellingGeneralAndAdministrative": "694000000", "researchAndDevelopment": "0", "operatingExpenses": "2045000000", "investmentIncomeNet": "None", "netInterestIncome": "None", "interestIncome": "None", "interestExpense": "910000000", "nonInterestIncome": "None", "otherNonOperatingIncome": "None", "depreciation": "None", "depreciationAndAmortization": "65000000", "incomeBeforeTax": "444000000", "incomeTaxExpense": "135000000", "interestAndDebtExpense": "None", "netIncomeFromContinuingOperations": "0", "comprehensiveIncomeNetOfTax": "None", "ebit": "1354000000", "ebitda": "1419000000", "netIncome": "309000000"}, {"fiscalDateEnding": "2006-09-30", "reportedCurrency": "USD", "grossProfit": "1515000000", "totalRevenue": "1515000000", "costOfRevenue": "837000000", "costofGoodsAndServicesSold": "837000000", "operatingIncome": "1262000000", "sellingGeneralAndAdministrative": "639000000", "researchAndDevelopment": "0", "operatingExpenses": "1927000000", "investmentIncomeNet": "None", "netInterestIncome": "None", "interestIncome": "None", "interestExpense": "837000000", "nonInterestIncome": "None", "otherNonOperatingIncome": "None", "depreciation": "None", "depreciationAndAmortization": "83000000", "incomeBeforeTax": "425000000", "incomeTaxExpense": "147000000", "interestAndDebtExpense": "None", "netIncomeFromContinuingOperations": "0", "comprehensiveIncomeNetOfTax": "None", "ebit": "1262000000", "ebitda": "1345000000", "netIncome": "278000000"}, {"fiscalDateEnding": "2006-06-30", "reportedCurrency": "USD", "grossProfit": "1651000000", "totalRevenue": "1651000000", "costOfRevenue": "772000000", "costofGoodsAndServicesSold": "772000000", "operatingIncome": "1247000000", "sellingGeneralAndAdministrative": "684000000", "researchAndDevelopment": "0", "operatingExpenses": "1948000000", "investmentIncomeNet": "None", "netInterestIncome": "None", "interestIncome": "None", "interestExpense": "772000000", "nonInterestIncome": "None", "otherNonOperatingIncome": "None", "depreciation": "None", "depreciationAndAmortization": "129000000", "incomeBeforeTax": "475000000", "incomeTaxExpense": "248000000", "interestAndDebtExpense": "None", "netIncomeFromContinuingOperations": "0", "comprehensiveIncomeNetOfTax": "None", "ebit": "1247000000", "ebitda": "1376000000", "netIncome": "227000000"}, {"fiscalDateEnding": "2006-03-31", "reportedCurrency": "USD", "grossProfit": "1523000000", "totalRevenue": "1523000000", "costOfRevenue": "695000000", "costofGoodsAndServicesSold": "695000000", "operatingIncome": "1132000000", "sellingGeneralAndAdministrative": "635000000", "researchAndDevelopment": "0", "operatingExpenses": "1791000000", "investmentIncomeNet": "None", "netInterestIncome": "None", "interestIncome": "None", "interestExpense": "695000000", "nonInterestIncome": "None", "otherNonOperatingIncome": "None", "depreciation": "None", "depreciationAndAmortization": "108000000", "incomeBeforeTax": "427000000", "incomeTaxExpense": "145000000", "interestAndDebtExpense": "None", "netIncomeFromContinuingOperations": "0", "comprehensiveIncomeNetOfTax": "None", "ebit": "1132000000", "ebitda": "1240000000", "netIncome": "292000000"}, {"fiscalDateEnding": "2005-12-31", "reportedCurrency": "USD", "grossProfit": "1416000000", "totalRevenue": "1416000000", "costOfRevenue": "619000000", "costofGoodsAndServicesSold": "619000000", "operatingIncome": "880000000", "sellingGeneralAndAdministrative": "589000000", "researchAndDevelopment": "0", "operatingExpenses": "1658000000", "investmentIncomeNet": "None", "netInterestIncome": "None", "interestIncome": "None", "interestExpense": "619000000", "nonInterestIncome": "None", "otherNonOperatingIncome": "None", "depreciation": "None", "depreciationAndAmortization": "154000000", "incomeBeforeTax": "377000000", "incomeTaxExpense": "128000000", "interestAndDebtExpense": "None", "netIncomeFromContinuingOperations": "0", "comprehensiveIncomeNetOfTax": "None", "ebit": "880000000", "ebitda": "1034000000", "netIncome": "133000000"}, {"fiscalDateEnding": "2005-09-30", "reportedCurrency": "USD", "grossProfit": "1388000000", "totalRevenue": "1388000000", "costOfRevenue": "537000000", "costofGoodsAndServicesSold": "537000000", "operatingIncome": "810000000", "sellingGeneralAndAdministrative": "566000000", "researchAndDevelopment": "0", "operatingExpenses": "1545000000", "investmentIncomeNet": "None", "netInterestIncome": "None", "interestIncome": "None", "interestExpense": "537000000", "nonInterestIncome": "None", "otherNonOperatingIncome": "None", "depreciation": "None", "depreciationAndAmortization": "79000000", "incomeBeforeTax": "380000000", "incomeTaxExpense": "130000000", "interestAndDebtExpense": "None", "netIncomeFromContinuingOperations": "0", "comprehensiveIncomeNetOfTax": "None", "ebit": "810000000", "ebitda": "889000000", "netIncome": "143000000"}, {"fiscalDateEnding": "2005-06-30", "reportedCurrency": "USD", "grossProfit": "1361000000", "totalRevenue": "1361000000", "costOfRevenue": "476000000", "costofGoodsAndServicesSold": "476000000", "operatingIncome": "809000000", "sellingGeneralAndAdministrative": "552000000", "researchAndDevelopment": "0", "operatingExpenses": "1504000000", "investmentIncomeNet": "None", "netInterestIncome": "None", "interestIncome": "None", "interestExpense": "476000000", "nonInterestIncome": "None", "otherNonOperatingIncome": "None", "depreciation": "None", "depreciationAndAmortization": "117000000", "incomeBeforeTax": "333000000", "incomeTaxExpense": "113000000", "interestAndDebtExpense": "None", "netIncomeFromContinuingOperations": "0", "comprehensiveIncomeNetOfTax": "None", "ebit": "809000000", "ebitda": "926000000", "netIncome": "220000000"}, {"fiscalDateEnding": "2005-03-31", "reportedCurrency": "USD", "grossProfit": "1308000000", "totalRevenue": "1308000000", "costOfRevenue": "391000000", "costofGoodsAndServicesSold": "391000000", "operatingIncome": "733000000", "sellingGeneralAndAdministrative": "524000000", "researchAndDevelopment": "0", "operatingExpenses": "1357000000", "investmentIncomeNet": "None", "netInterestIncome": "None", "interestIncome": "None", "interestExpense": "391000000", "nonInterestIncome": "None", "otherNonOperatingIncome": "None", "depreciation": "None", "depreciationAndAmortization": "149000000", "incomeBeforeTax": "342000000", "incomeTaxExpense": "116000000", "interestAndDebtExpense": "None", "netIncomeFromContinuingOperations": "0", "comprehensiveIncomeNetOfTax": "None", "ebit": "733000000", "ebitda": "882000000", "netIncome": "226000000"}, {"fiscalDateEnding": "2004-12-31", "reportedCurrency": "USD", "grossProfit": "1253000000", "totalRevenue": "1253000000", "costOfRevenue": "297000000", "costofGoodsAndServicesSold": "297000000", "operatingIncome": "594000000", "sellingGeneralAndAdministrative": "511000000", "researchAndDevelopment": "0", "operatingExpenses": "-659000000", "investmentIncomeNet": "None", "netInterestIncome": "None", "interestIncome": "None", "interestExpense": "315000000", "nonInterestIncome": "None", "otherNonOperatingIncome": "None", "depreciation": "None", "depreciationAndAmortization": "103000000", "incomeBeforeTax": "279000000", "incomeTaxExpense": "95000000", "interestAndDebtExpense": "None", "netIncomeFromContinuingOperations": "0", "comprehensiveIncomeNetOfTax": "None", "ebit": "594000000", "ebitda": "697000000", "netIncome": "184000000"}]}