{"symbol": "FI", "annualReports": [{"fiscalDateEnding": "2024-12-31", "reportedCurrency": "USD", "grossProfit": "12443000000", "totalRevenue": "20456000000", "costOfRevenue": "8013000000", "costofGoodsAndServicesSold": "8013000000", "operatingIncome": "5879000000", "sellingGeneralAndAdministrative": "6564000000", "researchAndDevelopment": "None", "operatingExpenses": "6564000000", "investmentIncomeNet": "None", "netInterestIncome": "-1195000000", "interestIncome": "43000000", "interestExpense": "1238000000", "nonInterestIncome": "None", "otherNonOperatingIncome": "None", "depreciation": "None", "depreciationAndAmortization": "135000000", "incomeBeforeTax": "4506000000", "incomeTaxExpense": "641000000", "interestAndDebtExpense": "None", "netIncomeFromContinuingOperations": "3180000000", "comprehensiveIncomeNetOfTax": "None", "ebit": "5744000000", "ebitda": "5879000000", "netIncome": "3131000000"}, {"fiscalDateEnding": "2023-12-31", "reportedCurrency": "USD", "grossProfit": "11423000000", "totalRevenue": "19093000000", "costOfRevenue": "7670000000", "costofGoodsAndServicesSold": "7670000000", "operatingIncome": "4851000000", "sellingGeneralAndAdministrative": "6576000000", "researchAndDevelopment": "None", "operatingExpenses": "6409000000", "investmentIncomeNet": "None", "netInterestIncome": "-976000000", "interestIncome": "28000000", "interestExpense": "1004000000", "nonInterestIncome": "None", "otherNonOperatingIncome": "None", "depreciation": "None", "depreciationAndAmortization": "2926000000", "incomeBeforeTax": "3898000000", "incomeTaxExpense": "754000000", "interestAndDebtExpense": "None", "netIncomeFromContinuingOperations": "3129000000", "comprehensiveIncomeNetOfTax": "None", "ebit": "4887000000", "ebitda": "7813000000", "netIncome": "3068000000"}, {"fiscalDateEnding": "2022-12-31", "reportedCurrency": "USD", "grossProfit": "9745000000", "totalRevenue": "17737000000", "costOfRevenue": "7992000000", "costofGoodsAndServicesSold": "7992000000", "operatingIncome": "3740000000", "sellingGeneralAndAdministrative": "6059000000", "researchAndDevelopment": "None", "operatingExpenses": "6059000000", "investmentIncomeNet": "None", "netInterestIncome": "-733000000", "interestIncome": "13000000", "interestExpense": "733000000", "nonInterestIncome": "None", "otherNonOperatingIncome": "None", "depreciation": "None", "depreciationAndAmortization": "2996000000", "incomeBeforeTax": "2913000000", "incomeTaxExpense": "551000000", "interestAndDebtExpense": "None", "netIncomeFromContinuingOperations": "2582000000", "comprehensiveIncomeNetOfTax": "None", "ebit": "3640000000", "ebitda": "6636000000", "netIncome": "2530000000"}, {"fiscalDateEnding": "2021-12-31", "reportedCurrency": "USD", "grossProfit": "8098000000", "totalRevenue": "16226000000", "costOfRevenue": "8128000000", "costofGoodsAndServicesSold": "8128000000", "operatingIncome": "2288000000", "sellingGeneralAndAdministrative": "5810000000", "researchAndDevelopment": "None", "operatingExpenses": "5810000000", "investmentIncomeNet": "None", "netInterestIncome": "-693000000", "interestIncome": "3000000", "interestExpense": "693000000", "nonInterestIncome": "None", "otherNonOperatingIncome": "None", "depreciation": "None", "depreciationAndAmortization": "3046000000", "incomeBeforeTax": "1666000000", "incomeTaxExpense": "363000000", "interestAndDebtExpense": "None", "netIncomeFromContinuingOperations": "1403000000", "comprehensiveIncomeNetOfTax": "None", "ebit": "2346000000", "ebitda": "5392000000", "netIncome": "1334000000"}, {"fiscalDateEnding": "2020-12-31", "reportedCurrency": "USD", "grossProfit": "7040000000", "totalRevenue": "14852000000", "costOfRevenue": "7812000000", "costofGoodsAndServicesSold": "7812000000", "operatingIncome": "1416000000", "sellingGeneralAndAdministrative": "82257000", "researchAndDevelopment": "None", "operatingExpenses": "5652000000", "investmentIncomeNet": "None", "netInterestIncome": "712000", "interestIncome": "712000", "interestExpense": "709000000", "nonInterestIncome": "None", "otherNonOperatingIncome": "1879000", "depreciation": "None", "depreciationAndAmortization": "3092000000", "incomeBeforeTax": "1171000000", "incomeTaxExpense": "196000000", "interestAndDebtExpense": "None", "netIncomeFromContinuingOperations": "-156220000", "comprehensiveIncomeNetOfTax": "None", "ebit": "1871000000", "ebitda": "4963000000", "netIncome": "958000000"}, {"fiscalDateEnding": "2019-12-31", "reportedCurrency": "USD", "grossProfit": "4878000000", "totalRevenue": "10187000000", "costOfRevenue": "5309000000", "costofGoodsAndServicesSold": "5309000000", "operatingIncome": "1609000000", "sellingGeneralAndAdministrative": "120444000", "researchAndDevelopment": "None", "operatingExpenses": "3284000000", "investmentIncomeNet": "None", "netInterestIncome": "2265000", "interestIncome": "130000", "interestExpense": "473000000", "nonInterestIncome": "None", "otherNonOperatingIncome": "-910000", "depreciation": "None", "depreciationAndAmortization": "1546000000", "incomeBeforeTax": "1083000000", "incomeTaxExpense": "198000000", "interestAndDebtExpense": "None", "netIncomeFromContinuingOperations": "-235329000", "comprehensiveIncomeNetOfTax": "None", "ebit": "1580000000", "ebitda": "3126000000", "netIncome": "893000000"}, {"fiscalDateEnding": "2018-12-31", "reportedCurrency": "USD", "grossProfit": "2754000000", "totalRevenue": "5823000000", "costOfRevenue": "3069000000", "costofGoodsAndServicesSold": "3069000000", "operatingIncome": "1753000000", "sellingGeneralAndAdministrative": "155584000", "researchAndDevelopment": "0", "operatingExpenses": "1228000000", "investmentIncomeNet": "None", "netInterestIncome": "4243000", "interestIncome": "615000", "interestExpense": "189000000", "nonInterestIncome": "None", "otherNonOperatingIncome": "-5045000", "depreciation": "None", "depreciationAndAmortization": "556000000", "incomeBeforeTax": "1555000000", "incomeTaxExpense": "378000000", "interestAndDebtExpense": "None", "netIncomeFromContinuingOperations": "-90733000", "comprehensiveIncomeNetOfTax": "None", "ebit": "1744000000", "ebitda": "2300000000", "netIncome": "1187000000"}, {"fiscalDateEnding": "2017-12-31", "reportedCurrency": "USD", "grossProfit": "2672000000", "totalRevenue": "5696000000", "costOfRevenue": "3024000000", "costofGoodsAndServicesSold": "3024000000", "operatingIncome": "1532000000", "sellingGeneralAndAdministrative": "163704000", "researchAndDevelopment": "0", "operatingExpenses": "1150000000", "investmentIncomeNet": "None", "netInterestIncome": "2309000", "interestIncome": "2051000", "interestExpense": "176000000", "nonInterestIncome": "None", "otherNonOperatingIncome": "125894000", "depreciation": "None", "depreciationAndAmortization": "433000000", "incomeBeforeTax": "1358000000", "incomeTaxExpense": "158000000", "interestAndDebtExpense": "None", "netIncomeFromContinuingOperations": "-159457000", "comprehensiveIncomeNetOfTax": "None", "ebit": "1528000000", "ebitda": "1961000000", "netIncome": "1246000000"}, {"fiscalDateEnding": "2016-12-31", "reportedCurrency": "USD", "grossProfit": "2546000000", "totalRevenue": "5505000000", "costOfRevenue": "2959000000", "costofGoodsAndServicesSold": "2959000000", "operatingIncome": "1445000000", "sellingGeneralAndAdministrative": "228802000", "researchAndDevelopment": "106000000", "operatingExpenses": "1101000000", "investmentIncomeNet": "None", "netInterestIncome": "2073000", "interestIncome": "9106000", "interestExpense": "170000000", "nonInterestIncome": "None", "otherNonOperatingIncome": "-20433000", "depreciation": "None", "depreciationAndAmortization": "411000000", "incomeBeforeTax": "1275000000", "incomeTaxExpense": "492000000", "interestAndDebtExpense": "None", "netIncomeFromContinuingOperations": "-156079000", "comprehensiveIncomeNetOfTax": "None", "ebit": "1445000000", "ebitda": "1856000000", "netIncome": "930000000"}, {"fiscalDateEnding": "2015-12-31", "reportedCurrency": "USD", "grossProfit": "2345000000", "totalRevenue": "5254000000", "costOfRevenue": "2909000000", "costofGoodsAndServicesSold": "2909000000", "operatingIncome": "1311000000", "sellingGeneralAndAdministrative": "270678000", "researchAndDevelopment": "92000000", "operatingExpenses": "1034000000", "investmentIncomeNet": "None", "netInterestIncome": "None", "interestIncome": "5807000", "interestExpense": "169000000", "nonInterestIncome": "None", "otherNonOperatingIncome": "-567000", "depreciation": "None", "depreciationAndAmortization": "417000000", "incomeBeforeTax": "1057000000", "incomeTaxExpense": "377000000", "interestAndDebtExpense": "None", "netIncomeFromContinuingOperations": "106110000", "comprehensiveIncomeNetOfTax": "None", "ebit": "1311000000", "ebitda": "1728000000", "netIncome": "712000000"}, {"fiscalDateEnding": "2014-12-31", "reportedCurrency": "USD", "grossProfit": "2185000000", "totalRevenue": "5066000000", "costOfRevenue": "2881000000", "costofGoodsAndServicesSold": "2881000000", "operatingIncome": "1210000000", "sellingGeneralAndAdministrative": "267378000", "researchAndDevelopment": "82000000", "operatingExpenses": "975000000", "investmentIncomeNet": "None", "netInterestIncome": "None", "interestIncome": "None", "interestExpense": "163000000", "nonInterestIncome": "None", "otherNonOperatingIncome": "-10306000", "depreciation": "None", "depreciationAndAmortization": "404000000", "incomeBeforeTax": "1047000000", "incomeTaxExpense": "384000000", "interestAndDebtExpense": "None", "netIncomeFromContinuingOperations": "229312000", "comprehensiveIncomeNetOfTax": "None", "ebit": "1210000000", "ebitda": "1614000000", "netIncome": "754000000"}, {"fiscalDateEnding": "2013-12-31", "reportedCurrency": "USD", "grossProfit": "2038000000", "totalRevenue": "4814000000", "costOfRevenue": "2776000000", "costofGoodsAndServicesSold": "2776000000", "operatingIncome": "1061000000", "sellingGeneralAndAdministrative": "224800000", "researchAndDevelopment": "102000000", "operatingExpenses": "977000000", "investmentIncomeNet": "None", "netInterestIncome": "None", "interestIncome": "None", "interestExpense": "163000000", "nonInterestIncome": "None", "otherNonOperatingIncome": "6904000", "depreciation": "None", "depreciationAndAmortization": "403000000", "incomeBeforeTax": "898000000", "incomeTaxExpense": "328000000", "interestAndDebtExpense": "None", "netIncomeFromContinuingOperations": "308195000", "comprehensiveIncomeNetOfTax": "None", "ebit": "1061000000", "ebitda": "1464000000", "netIncome": "648000000"}, {"fiscalDateEnding": "2012-12-31", "reportedCurrency": "USD", "grossProfit": "1885000000", "totalRevenue": "4482000000", "costOfRevenue": "2597000000", "costofGoodsAndServicesSold": "2597000000", "operatingIncome": "1056000000", "sellingGeneralAndAdministrative": "187033000", "researchAndDevelopment": "73000000", "operatingExpenses": "829000000", "investmentIncomeNet": "None", "netInterestIncome": "None", "interestIncome": "None", "interestExpense": "167000000", "nonInterestIncome": "None", "otherNonOperatingIncome": "None", "depreciation": "None", "depreciationAndAmortization": "354000000", "incomeBeforeTax": "889000000", "incomeTaxExpense": "303000000", "interestAndDebtExpense": "None", "netIncomeFromContinuingOperations": "None", "comprehensiveIncomeNetOfTax": "None", "ebit": "1037000000", "ebitda": "1391000000", "netIncome": "611000000"}, {"fiscalDateEnding": "2011-12-31", "reportedCurrency": "USD", "grossProfit": "1795000000", "totalRevenue": "4337000000", "costOfRevenue": "2542000000", "costofGoodsAndServicesSold": "2542000000", "operatingIncome": "996000000", "sellingGeneralAndAdministrative": "159602000", "researchAndDevelopment": "None", "operatingExpenses": "799000000", "investmentIncomeNet": "None", "netInterestIncome": "None", "interestIncome": "None", "interestExpense": "182000000", "nonInterestIncome": "None", "otherNonOperatingIncome": "None", "depreciation": "None", "depreciationAndAmortization": "349000000", "incomeBeforeTax": "729000000", "incomeTaxExpense": "256000000", "interestAndDebtExpense": "None", "netIncomeFromContinuingOperations": "None", "comprehensiveIncomeNetOfTax": "None", "ebit": "886000000", "ebitda": "1235000000", "netIncome": "472000000"}, {"fiscalDateEnding": "2010-12-31", "reportedCurrency": "USD", "grossProfit": "1747000000", "totalRevenue": "4133000000", "costOfRevenue": "2386000000", "costofGoodsAndServicesSold": "2386000000", "operatingIncome": "1007000000", "sellingGeneralAndAdministrative": "134449000", "researchAndDevelopment": "None", "operatingExpenses": "740000000", "investmentIncomeNet": "None", "netInterestIncome": "None", "interestIncome": "None", "interestExpense": "198000000", "nonInterestIncome": "None", "otherNonOperatingIncome": "None", "depreciation": "None", "depreciationAndAmortization": "339000000", "incomeBeforeTax": "793000000", "incomeTaxExpense": "301000000", "interestAndDebtExpense": "None", "netIncomeFromContinuingOperations": "None", "comprehensiveIncomeNetOfTax": "None", "ebit": "957000000", "ebitda": "1296000000", "netIncome": "496000000"}, {"fiscalDateEnding": "2009-12-31", "reportedCurrency": "USD", "grossProfit": "1697000000", "totalRevenue": "4077000000", "costOfRevenue": "2380000000", "costofGoodsAndServicesSold": "2380000000", "operatingIncome": "946000000", "sellingGeneralAndAdministrative": "None", "researchAndDevelopment": "None", "operatingExpenses": "751000000", "investmentIncomeNet": "None", "netInterestIncome": "None", "interestIncome": "None", "interestExpense": "212000000", "nonInterestIncome": "None", "otherNonOperatingIncome": "None", "depreciation": "None", "depreciationAndAmortization": "333000000", "incomeBeforeTax": "734000000", "incomeTaxExpense": "273000000", "interestAndDebtExpense": "None", "netIncomeFromContinuingOperations": "None", "comprehensiveIncomeNetOfTax": "None", "ebit": "914000000", "ebitda": "1247000000", "netIncome": "476000000"}, {"fiscalDateEnding": "2008-12-31", "reportedCurrency": "USD", "grossProfit": "1723000000", "totalRevenue": "4739000000", "costOfRevenue": "3016000000", "costofGoodsAndServicesSold": "3016000000", "operatingIncome": "890000000", "sellingGeneralAndAdministrative": "None", "researchAndDevelopment": "None", "operatingExpenses": "3849000000", "investmentIncomeNet": "None", "netInterestIncome": "None", "interestIncome": "None", "interestExpense": "260000000", "nonInterestIncome": "None", "otherNonOperatingIncome": "None", "depreciation": "None", "depreciationAndAmortization": "204000000", "incomeBeforeTax": "619000000", "incomeTaxExpense": "279000000", "interestAndDebtExpense": "None", "netIncomeFromContinuingOperations": "None", "comprehensiveIncomeNetOfTax": "None", "ebit": "1046000000", "ebitda": "1250000000", "netIncome": "569000000"}, {"fiscalDateEnding": "2007-12-31", "reportedCurrency": "USD", "grossProfit": "1285000000", "totalRevenue": "3922000000", "costOfRevenue": "2637000000", "costofGoodsAndServicesSold": "2637000000", "operatingIncome": "730000000", "sellingGeneralAndAdministrative": "None", "researchAndDevelopment": "None", "operatingExpenses": "555000000", "investmentIncomeNet": "None", "netInterestIncome": "None", "interestIncome": "None", "interestExpense": "76000000", "nonInterestIncome": "None", "otherNonOperatingIncome": "None", "depreciation": "None", "depreciationAndAmortization": "193000000", "incomeBeforeTax": "661000000", "incomeTaxExpense": "253000000", "interestAndDebtExpense": "None", "netIncomeFromContinuingOperations": "None", "comprehensiveIncomeNetOfTax": "None", "ebit": "737000000", "ebitda": "930000000", "netIncome": "439000000"}, {"fiscalDateEnding": "2006-12-31", "reportedCurrency": "USD", "grossProfit": "1333635000", "totalRevenue": "4544151000", "costOfRevenue": "3210516000", "costofGoodsAndServicesSold": "3210516000", "operatingIncome": "744281000", "sellingGeneralAndAdministrative": "None", "researchAndDevelopment": "None", "operatingExpenses": "589354000", "investmentIncomeNet": "None", "netInterestIncome": "None", "interestIncome": "None", "interestExpense": "None", "nonInterestIncome": "None", "otherNonOperatingIncome": "None", "depreciation": "None", "depreciationAndAmortization": "199106000", "incomeBeforeTax": "710285000", "incomeTaxExpense": "267060000", "interestAndDebtExpense": "None", "netIncomeFromContinuingOperations": "None", "comprehensiveIncomeNetOfTax": "None", "ebit": "744281000", "ebitda": "943387000", "netIncome": "449914000"}, {"fiscalDateEnding": "2005-12-31", "reportedCurrency": "USD", "grossProfit": "1261523000", "totalRevenue": "4059478000", "costOfRevenue": "2797955000", "costofGoodsAndServicesSold": "2797955000", "operatingIncome": "745396000", "sellingGeneralAndAdministrative": "None", "researchAndDevelopment": "None", "operatingExpenses": "516127000", "investmentIncomeNet": "None", "netInterestIncome": "None", "interestIncome": "None", "interestExpense": "None", "nonInterestIncome": "None", "otherNonOperatingIncome": "None", "depreciation": "None", "depreciationAndAmortization": "179179000", "incomeBeforeTax": "817951000", "incomeTaxExpense": "306594000", "interestAndDebtExpense": "None", "netIncomeFromContinuingOperations": "None", "comprehensiveIncomeNetOfTax": "None", "ebit": "845779000", "ebitda": "1024958000", "netIncome": "516438000"}], "quarterlyReports": [{"fiscalDateEnding": "2024-12-31", "reportedCurrency": "USD", "grossProfit": "3232000000", "totalRevenue": "5251000000", "costOfRevenue": "2019000000", "costofGoodsAndServicesSold": "2019000000", "operatingIncome": "1668000000", "sellingGeneralAndAdministrative": "1564000000", "researchAndDevelopment": "None", "operatingExpenses": "1564000000", "investmentIncomeNet": "None", "netInterestIncome": "-323000000", "interestIncome": "11000000", "interestExpense": "334000000", "nonInterestIncome": "None", "otherNonOperatingIncome": "None", "depreciation": "None", "depreciationAndAmortization": "758000000", "incomeBeforeTax": "1184000000", "incomeTaxExpense": "193000000", "interestAndDebtExpense": "None", "netIncomeFromContinuingOperations": "948000000", "comprehensiveIncomeNetOfTax": "None", "ebit": "1518000000", "ebitda": "2276000000", "netIncome": "938000000"}, {"fiscalDateEnding": "2024-09-30", "reportedCurrency": "USD", "grossProfit": "3207000000", "totalRevenue": "5215000000", "costOfRevenue": "2008000000", "costofGoodsAndServicesSold": "2008000000", "operatingIncome": "1601000000", "sellingGeneralAndAdministrative": "1606000000", "researchAndDevelopment": "None", "operatingExpenses": "1606000000", "investmentIncomeNet": "None", "netInterestIncome": "-326000000", "interestIncome": "13000000", "interestExpense": "339000000", "nonInterestIncome": "None", "otherNonOperatingIncome": "None", "depreciation": "None", "depreciationAndAmortization": "844000000", "incomeBeforeTax": "1271000000", "incomeTaxExpense": "74000000", "interestAndDebtExpense": "None", "netIncomeFromContinuingOperations": "571000000", "comprehensiveIncomeNetOfTax": "None", "ebit": "1610000000", "ebitda": "2454000000", "netIncome": "564000000"}, {"fiscalDateEnding": "2024-06-30", "reportedCurrency": "USD", "grossProfit": "3124000000", "totalRevenue": "5107000000", "costOfRevenue": "1983000000", "costofGoodsAndServicesSold": "1983000000", "operatingIncome": "1427000000", "sellingGeneralAndAdministrative": "1697000000", "researchAndDevelopment": "None", "operatingExpenses": "1697000000", "investmentIncomeNet": "None", "netInterestIncome": "-285000000", "interestIncome": "9000000", "interestExpense": "294000000", "nonInterestIncome": "None", "otherNonOperatingIncome": "None", "depreciation": "None", "depreciationAndAmortization": "705000000", "incomeBeforeTax": "1138000000", "incomeTaxExpense": "221000000", "interestAndDebtExpense": "None", "netIncomeFromContinuingOperations": "909000000", "comprehensiveIncomeNetOfTax": "None", "ebit": "1432000000", "ebitda": "2137000000", "netIncome": "894000000"}, {"fiscalDateEnding": "2024-03-31", "reportedCurrency": "USD", "grossProfit": "2877000000", "totalRevenue": "4883000000", "costOfRevenue": "2006000000", "costofGoodsAndServicesSold": "2006000000", "operatingIncome": "1180000000", "sellingGeneralAndAdministrative": "1697000000", "researchAndDevelopment": "None", "operatingExpenses": "1697000000", "investmentIncomeNet": "None", "netInterestIncome": "-261000000", "interestIncome": "10000000", "interestExpense": "271000000", "nonInterestIncome": "None", "otherNonOperatingIncome": "None", "depreciation": "None", "depreciationAndAmortization": "774000000", "incomeBeforeTax": "913000000", "incomeTaxExpense": "153000000", "interestAndDebtExpense": "None", "netIncomeFromContinuingOperations": "752000000", "comprehensiveIncomeNetOfTax": "None", "ebit": "1180000000", "ebitda": "1954000000", "netIncome": "735000000"}, {"fiscalDateEnding": "2023-12-31", "reportedCurrency": "USD", "grossProfit": "3647000000", "totalRevenue": "4917000000", "costOfRevenue": "1270000000", "costofGoodsAndServicesSold": "1270000000", "operatingIncome": "1451000000", "sellingGeneralAndAdministrative": "1624000000", "researchAndDevelopment": "None", "operatingExpenses": "2196000000", "investmentIncomeNet": "None", "netInterestIncome": "-284000000", "interestIncome": "5000000", "interestExpense": "284000000", "nonInterestIncome": "None", "otherNonOperatingIncome": "None", "depreciation": "None", "depreciationAndAmortization": "767000000", "incomeBeforeTax": "1103000000", "incomeTaxExpense": "210000000", "interestAndDebtExpense": "None", "netIncomeFromContinuingOperations": "889000000", "comprehensiveIncomeNetOfTax": "None", "ebit": "1451000000", "ebitda": "2218000000", "netIncome": "870000000"}, {"fiscalDateEnding": "2023-09-30", "reportedCurrency": "USD", "grossProfit": "2979000000", "totalRevenue": "4873000000", "costOfRevenue": "1894000000", "costofGoodsAndServicesSold": "1894000000", "operatingIncome": "1503000000", "sellingGeneralAndAdministrative": "1652000000", "researchAndDevelopment": "None", "operatingExpenses": "1652000000", "investmentIncomeNet": "None", "netInterestIncome": "-258000000", "interestIncome": "296000000", "interestExpense": "258000000", "nonInterestIncome": "None", "otherNonOperatingIncome": "None", "depreciation": "None", "depreciationAndAmortization": "769000000", "incomeBeforeTax": "1210000000", "incomeTaxExpense": "239000000", "interestAndDebtExpense": "None", "netIncomeFromContinuingOperations": "969000000", "comprehensiveIncomeNetOfTax": "None", "ebit": "1327000000", "ebitda": "2096000000", "netIncome": "952000000"}, {"fiscalDateEnding": "2023-06-30", "reportedCurrency": "USD", "grossProfit": "2827000000", "totalRevenue": "4756000000", "costOfRevenue": "1929000000", "costofGoodsAndServicesSold": "1929000000", "operatingIncome": "1131000000", "sellingGeneralAndAdministrative": "1696000000", "researchAndDevelopment": "None", "operatingExpenses": "1696000000", "investmentIncomeNet": "None", "netInterestIncome": "-232000000", "interestIncome": "264000000", "interestExpense": "232000000", "nonInterestIncome": "None", "otherNonOperatingIncome": "1343000", "depreciation": "None", "depreciationAndAmortization": "800000000", "incomeBeforeTax": "873000000", "incomeTaxExpense": "181000000", "interestAndDebtExpense": "None", "netIncomeFromContinuingOperations": "695000000", "comprehensiveIncomeNetOfTax": "None", "ebit": "1131000000", "ebitda": "1931000000", "netIncome": "683000000"}, {"fiscalDateEnding": "2023-03-31", "reportedCurrency": "USD", "grossProfit": "2542000000", "totalRevenue": "4547000000", "costOfRevenue": "2005000000", "costofGoodsAndServicesSold": "2005000000", "operatingIncome": "934000000", "sellingGeneralAndAdministrative": "1604000000", "researchAndDevelopment": "None", "operatingExpenses": "1604000000", "investmentIncomeNet": "None", "netInterestIncome": "-202000000", "interestIncome": "226000000", "interestExpense": "202000000", "nonInterestIncome": "None", "otherNonOperatingIncome": "None", "depreciation": "None", "depreciationAndAmortization": "785000000", "incomeBeforeTax": "712000000", "incomeTaxExpense": "124000000", "interestAndDebtExpense": "None", "netIncomeFromContinuingOperations": "576000000", "comprehensiveIncomeNetOfTax": "None", "ebit": "938000000", "ebitda": "1723000000", "netIncome": "563000000"}, {"fiscalDateEnding": "2022-12-31", "reportedCurrency": "USD", "grossProfit": "2651000000", "totalRevenue": "4631000000", "costOfRevenue": "1980000000", "costofGoodsAndServicesSold": "1980000000", "operatingIncome": "1179000000", "sellingGeneralAndAdministrative": "1485000000", "researchAndDevelopment": "None", "operatingExpenses": "1499000000", "investmentIncomeNet": "None", "netInterestIncome": "-199000000", "interestIncome": "226000000", "interestExpense": "199000000", "nonInterestIncome": "None", "otherNonOperatingIncome": "None", "depreciation": "None", "depreciationAndAmortization": "771000000", "incomeBeforeTax": "969000000", "incomeTaxExpense": "169000000", "interestAndDebtExpense": "None", "netIncomeFromContinuingOperations": "798000000", "comprehensiveIncomeNetOfTax": "None", "ebit": "1166000000", "ebitda": "1937000000", "netIncome": "782000000"}, {"fiscalDateEnding": "2022-09-30", "reportedCurrency": "USD", "grossProfit": "2522000000", "totalRevenue": "4518000000", "costOfRevenue": "1996000000", "costofGoodsAndServicesSold": "1996000000", "operatingIncome": "855000000", "sellingGeneralAndAdministrative": "1547000000", "researchAndDevelopment": "None", "operatingExpenses": "1547000000", "investmentIncomeNet": "None", "netInterestIncome": "-190000000", "interestIncome": "207000000", "interestExpense": "190000000", "nonInterestIncome": "None", "otherNonOperatingIncome": "None", "depreciation": "None", "depreciationAndAmortization": "790000000", "incomeBeforeTax": "652000000", "incomeTaxExpense": "147000000", "interestAndDebtExpense": "None", "netIncomeFromContinuingOperations": "493000000", "comprehensiveIncomeNetOfTax": "None", "ebit": "975000000", "ebitda": "1765000000", "netIncome": "481000000"}, {"fiscalDateEnding": "2022-06-30", "reportedCurrency": "USD", "grossProfit": "2406000000", "totalRevenue": "4450000000", "costOfRevenue": "2044000000", "costofGoodsAndServicesSold": "2044000000", "operatingIncome": "860000000", "sellingGeneralAndAdministrative": "1546000000", "researchAndDevelopment": "None", "operatingExpenses": "1546000000", "investmentIncomeNet": "None", "netInterestIncome": "-176000000", "interestIncome": "2000000", "interestExpense": "176000000", "nonInterestIncome": "None", "otherNonOperatingIncome": "None", "depreciation": "None", "depreciationAndAmortization": "809000000", "incomeBeforeTax": "618000000", "incomeTaxExpense": "137000000", "interestAndDebtExpense": "None", "netIncomeFromContinuingOperations": "609000000", "comprehensiveIncomeNetOfTax": "None", "ebit": "860000000", "ebitda": "1669000000", "netIncome": "598000000"}, {"fiscalDateEnding": "2022-03-31", "reportedCurrency": "USD", "grossProfit": "2166000000", "totalRevenue": "4138000000", "costOfRevenue": "1972000000", "costofGoodsAndServicesSold": "1972000000", "operatingIncome": "846000000", "sellingGeneralAndAdministrative": "1467000000", "researchAndDevelopment": "None", "operatingExpenses": "1467000000", "investmentIncomeNet": "None", "netInterestIncome": "-168000000", "interestIncome": "3000000", "interestExpense": "168000000", "nonInterestIncome": "None", "otherNonOperatingIncome": "None", "depreciation": "None", "depreciationAndAmortization": "799000000", "incomeBeforeTax": "674000000", "incomeTaxExpense": "98000000", "interestAndDebtExpense": "None", "netIncomeFromContinuingOperations": "682000000", "comprehensiveIncomeNetOfTax": "None", "ebit": "699000000", "ebitda": "1498000000", "netIncome": "669000000"}, {"fiscalDateEnding": "2021-12-31", "reportedCurrency": "USD", "grossProfit": "2054000000", "totalRevenue": "4257000000", "costOfRevenue": "2203000000", "costofGoodsAndServicesSold": "2203000000", "operatingIncome": "533000000", "sellingGeneralAndAdministrative": "None", "researchAndDevelopment": "None", "operatingExpenses": "1521000000", "investmentIncomeNet": "None", "netInterestIncome": "None", "interestIncome": "None", "interestExpense": "170000000", "nonInterestIncome": "None", "otherNonOperatingIncome": "None", "depreciation": "None", "depreciationAndAmortization": "631000000", "incomeBeforeTax": "398000000", "incomeTaxExpense": "63000000", "interestAndDebtExpense": "None", "netIncomeFromContinuingOperations": "None", "comprehensiveIncomeNetOfTax": "None", "ebit": "564000000", "ebitda": "1195000000", "netIncome": "333000000"}, {"fiscalDateEnding": "2021-09-30", "reportedCurrency": "USD", "grossProfit": "2112000000", "totalRevenue": "4163000000", "costOfRevenue": "2051000000", "costofGoodsAndServicesSold": "2051000000", "operatingIncome": "636000000", "sellingGeneralAndAdministrative": "None", "researchAndDevelopment": "None", "operatingExpenses": "1476000000", "investmentIncomeNet": "None", "netInterestIncome": "None", "interestIncome": "None", "interestExpense": "172000000", "nonInterestIncome": "None", "otherNonOperatingIncome": "None", "depreciation": "None", "depreciationAndAmortization": "805000000", "incomeBeforeTax": "478000000", "incomeTaxExpense": "54000000", "interestAndDebtExpense": "None", "netIncomeFromContinuingOperations": "None", "comprehensiveIncomeNetOfTax": "None", "ebit": "636000000", "ebitda": "1441000000", "netIncome": "428000000"}, {"fiscalDateEnding": "2021-06-30", "reportedCurrency": "USD", "grossProfit": "2084000000", "totalRevenue": "4051000000", "costOfRevenue": "1967000000", "costofGoodsAndServicesSold": "1967000000", "operatingIncome": "644000000", "sellingGeneralAndAdministrative": "16427000", "researchAndDevelopment": "None", "operatingExpenses": "1440000000", "investmentIncomeNet": "None", "netInterestIncome": "-101000", "interestIncome": "2617000", "interestExpense": "175000000", "nonInterestIncome": "None", "otherNonOperatingIncome": "3122000", "depreciation": "None", "depreciationAndAmortization": "813000000", "incomeBeforeTax": "470000000", "incomeTaxExpense": "228000000", "interestAndDebtExpense": "None", "netIncomeFromContinuingOperations": "-12617000", "comprehensiveIncomeNetOfTax": "None", "ebit": "644000000", "ebitda": "1457000000", "netIncome": "269000000"}, {"fiscalDateEnding": "2021-03-31", "reportedCurrency": "USD", "grossProfit": "1848000000", "totalRevenue": "3755000000", "costOfRevenue": "1907000000", "costofGoodsAndServicesSold": "1907000000", "operatingIncome": "475000000", "sellingGeneralAndAdministrative": "16447000", "researchAndDevelopment": "None", "operatingExpenses": "1373000000", "investmentIncomeNet": "None", "netInterestIncome": "-287000", "interestIncome": "3155000", "interestExpense": "176000000", "nonInterestIncome": "None", "otherNonOperatingIncome": "-2743000", "depreciation": "None", "depreciationAndAmortization": "797000000", "incomeBeforeTax": "320000000", "incomeTaxExpense": "18000000", "interestAndDebtExpense": "None", "netIncomeFromContinuingOperations": "-23886000", "comprehensiveIncomeNetOfTax": "None", "ebit": "475000000", "ebitda": "1272000000", "netIncome": "304000000"}, {"fiscalDateEnding": "2020-12-31", "reportedCurrency": "USD", "grossProfit": "1975000000", "totalRevenue": "3832000000", "costOfRevenue": "1857000000", "costofGoodsAndServicesSold": "1857000000", "operatingIncome": "516000000", "sellingGeneralAndAdministrative": "14623000", "researchAndDevelopment": "None", "operatingExpenses": "1459000000", "investmentIncomeNet": "None", "netInterestIncome": "94000", "interestIncome": "5748000", "interestExpense": "174000000", "nonInterestIncome": "None", "otherNonOperatingIncome": "5453000", "depreciation": "None", "depreciationAndAmortization": "774000000", "incomeBeforeTax": "336000000", "incomeTaxExpense": "20000000", "interestAndDebtExpense": "None", "netIncomeFromContinuingOperations": "-8206000", "comprehensiveIncomeNetOfTax": "None", "ebit": "510000000", "ebitda": "1284000000", "netIncome": "300000000"}, {"fiscalDateEnding": "2020-09-30", "reportedCurrency": "USD", "grossProfit": "1918000000", "totalRevenue": "3786000000", "costOfRevenue": "1868000000", "costofGoodsAndServicesSold": "1868000000", "operatingIncome": "542000000", "sellingGeneralAndAdministrative": "18665000", "researchAndDevelopment": "None", "operatingExpenses": "1412000000", "investmentIncomeNet": "None", "netInterestIncome": "-93000", "interestIncome": "2241000", "interestExpense": "174000000", "nonInterestIncome": "None", "otherNonOperatingIncome": "2443000", "depreciation": "None", "depreciationAndAmortization": "787000000", "incomeBeforeTax": "381000000", "incomeTaxExpense": "124000000", "interestAndDebtExpense": "None", "netIncomeFromContinuingOperations": "-27791000", "comprehensiveIncomeNetOfTax": "None", "ebit": "556000000", "ebitda": "1343000000", "netIncome": "264000000"}, {"fiscalDateEnding": "2020-06-30", "reportedCurrency": "USD", "grossProfit": "1545000000", "totalRevenue": "3465000000", "costOfRevenue": "1920000000", "costofGoodsAndServicesSold": "1920000000", "operatingIncome": "165000000", "sellingGeneralAndAdministrative": "22286000", "researchAndDevelopment": "None", "operatingExpenses": "1377000000", "investmentIncomeNet": "None", "netInterestIncome": "178000", "interestIncome": "178000", "interestExpense": "174000000", "nonInterestIncome": "None", "otherNonOperatingIncome": "1849000", "depreciation": "None", "depreciationAndAmortization": "817000000", "incomeBeforeTax": "-8000000", "incomeTaxExpense": "-27000000", "interestAndDebtExpense": "None", "netIncomeFromContinuingOperations": "-34245000", "comprehensiveIncomeNetOfTax": "None", "ebit": "168000000", "ebitda": "985000000", "netIncome": "2000000"}, {"fiscalDateEnding": "2020-03-31", "reportedCurrency": "USD", "grossProfit": "1602000000", "totalRevenue": "3769000000", "costOfRevenue": "2167000000", "costofGoodsAndServicesSold": "2167000000", "operatingIncome": "629000000", "sellingGeneralAndAdministrative": "26683000", "researchAndDevelopment": "None", "operatingExpenses": "1404000000", "investmentIncomeNet": "None", "netInterestIncome": "533000", "interestIncome": "533000", "interestExpense": "187000000", "nonInterestIncome": "None", "otherNonOperatingIncome": "-7866000", "depreciation": "None", "depreciationAndAmortization": "832000000", "incomeBeforeTax": "462000000", "incomeTaxExpense": "79000000", "interestAndDebtExpense": "None", "netIncomeFromContinuingOperations": "-85978000", "comprehensiveIncomeNetOfTax": "None", "ebit": "647000000", "ebitda": "1479000000", "netIncome": "392000000"}, {"fiscalDateEnding": "2019-12-31", "reportedCurrency": "USD", "grossProfit": "1936000000", "totalRevenue": "4045000000", "costOfRevenue": "2109000000", "costofGoodsAndServicesSold": "2109000000", "operatingIncome": "478000000", "sellingGeneralAndAdministrative": "24086000", "researchAndDevelopment": "None", "operatingExpenses": "1463000000", "investmentIncomeNet": "None", "netInterestIncome": "508000", "interestIncome": "603000", "interestExpense": "194000000", "nonInterestIncome": "None", "otherNonOperatingIncome": "102000", "depreciation": "None", "depreciationAndAmortization": "789000000", "incomeBeforeTax": "278000000", "incomeTaxExpense": "54000000", "interestAndDebtExpense": "None", "netIncomeFromContinuingOperations": "-168093000", "comprehensiveIncomeNetOfTax": "None", "ebit": "524000000", "ebitda": "1313000000", "netIncome": "247000000"}, {"fiscalDateEnding": "2019-09-30", "reportedCurrency": "USD", "grossProfit": "1511000000", "totalRevenue": "3128000000", "costOfRevenue": "1617000000", "costofGoodsAndServicesSold": "1617000000", "operatingIncome": "374000000", "sellingGeneralAndAdministrative": "26921000", "researchAndDevelopment": "None", "operatingExpenses": "1137000000", "investmentIncomeNet": "None", "netInterestIncome": "563000", "interestIncome": "1697000", "interestExpense": "164000000", "nonInterestIncome": "None", "otherNonOperatingIncome": "-2252000", "depreciation": "None", "depreciationAndAmortization": "571000000", "incomeBeforeTax": "256000000", "incomeTaxExpense": "53000000", "interestAndDebtExpense": "None", "netIncomeFromContinuingOperations": "-23789000", "comprehensiveIncomeNetOfTax": "None", "ebit": "419000000", "ebitda": "990000000", "netIncome": "198000000"}, {"fiscalDateEnding": "2019-06-30", "reportedCurrency": "USD", "grossProfit": "727000000", "totalRevenue": "1512000000", "costOfRevenue": "785000000", "costofGoodsAndServicesSold": "785000000", "operatingIncome": "384000000", "sellingGeneralAndAdministrative": "34026000", "researchAndDevelopment": "None", "operatingExpenses": "343000000", "investmentIncomeNet": "None", "netInterestIncome": "426000", "interestIncome": "137000", "interestExpense": "64000000", "nonInterestIncome": "None", "otherNonOperatingIncome": "228000", "depreciation": "None", "depreciationAndAmortization": "146000000", "incomeBeforeTax": "291000000", "incomeTaxExpense": "60000000", "interestAndDebtExpense": "None", "netIncomeFromContinuingOperations": "-15160000", "comprehensiveIncomeNetOfTax": "None", "ebit": "390000000", "ebitda": "536000000", "netIncome": "223000000"}, {"fiscalDateEnding": "2019-03-31", "reportedCurrency": "USD", "grossProfit": "704000000", "totalRevenue": "1502000000", "costOfRevenue": "798000000", "costofGoodsAndServicesSold": "798000000", "operatingIncome": "373000000", "sellingGeneralAndAdministrative": "35411000", "researchAndDevelopment": "None", "operatingExpenses": "341000000", "investmentIncomeNet": "None", "netInterestIncome": "768000", "interestIncome": "1087000", "interestExpense": "59000000", "nonInterestIncome": "None", "otherNonOperatingIncome": "1012000", "depreciation": "None", "depreciationAndAmortization": "145000000", "incomeBeforeTax": "258000000", "incomeTaxExpense": "31000000", "interestAndDebtExpense": "None", "netIncomeFromContinuingOperations": "-28287000", "comprehensiveIncomeNetOfTax": "None", "ebit": "386000000", "ebitda": "531000000", "netIncome": "225000000"}, {"fiscalDateEnding": "2018-12-31", "reportedCurrency": "USD", "grossProfit": "729000000", "totalRevenue": "1551000000", "costOfRevenue": "822000000", "costofGoodsAndServicesSold": "822000000", "operatingIncome": "431000000", "sellingGeneralAndAdministrative": "38976000", "researchAndDevelopment": "0", "operatingExpenses": "298000000", "investmentIncomeNet": "None", "netInterestIncome": "None", "interestIncome": "None", "interestExpense": "56000000", "nonInterestIncome": "None", "otherNonOperatingIncome": "1830000", "depreciation": "None", "depreciationAndAmortization": "150000000", "incomeBeforeTax": "372000000", "incomeTaxExpense": "88000000", "interestAndDebtExpense": "None", "netIncomeFromContinuingOperations": "-15898000", "comprehensiveIncomeNetOfTax": "None", "ebit": "434000000", "ebitda": "584000000", "netIncome": "286000000"}, {"fiscalDateEnding": "2018-09-30", "reportedCurrency": "USD", "grossProfit": "663000000", "totalRevenue": "1412000000", "costOfRevenue": "749000000", "costofGoodsAndServicesSold": "749000000", "operatingIncome": "356000000", "sellingGeneralAndAdministrative": "37526000", "researchAndDevelopment": "0", "operatingExpenses": "305000000", "investmentIncomeNet": "None", "netInterestIncome": "None", "interestIncome": "None", "interestExpense": "53000000", "nonInterestIncome": "None", "otherNonOperatingIncome": "-1735000", "depreciation": "None", "depreciationAndAmortization": "136000000", "incomeBeforeTax": "304000000", "incomeTaxExpense": "78000000", "interestAndDebtExpense": "None", "netIncomeFromContinuingOperations": "-6999000", "comprehensiveIncomeNetOfTax": "None", "ebit": "361000000", "ebitda": "497000000", "netIncome": "227000000"}, {"fiscalDateEnding": "2018-06-30", "reportedCurrency": "USD", "grossProfit": "681000000", "totalRevenue": "1420000000", "costOfRevenue": "739000000", "costofGoodsAndServicesSold": "739000000", "operatingIncome": "358000000", "sellingGeneralAndAdministrative": "40400000", "researchAndDevelopment": "0", "operatingExpenses": "320000000", "investmentIncomeNet": "None", "netInterestIncome": "None", "interestIncome": "None", "interestExpense": "45000000", "nonInterestIncome": "None", "otherNonOperatingIncome": "-3405000", "depreciation": "None", "depreciationAndAmortization": "136000000", "incomeBeforeTax": "316000000", "incomeTaxExpense": "72000000", "interestAndDebtExpense": "None", "netIncomeFromContinuingOperations": "-25763000", "comprehensiveIncomeNetOfTax": "None", "ebit": "360000000", "ebitda": "496000000", "netIncome": "251000000"}, {"fiscalDateEnding": "2018-03-31", "reportedCurrency": "USD", "grossProfit": "681000000", "totalRevenue": "1440000000", "costOfRevenue": "759000000", "costofGoodsAndServicesSold": "759000000", "operatingIncome": "608000000", "sellingGeneralAndAdministrative": "38700000", "researchAndDevelopment": "0", "operatingExpenses": "305000000", "investmentIncomeNet": "None", "netInterestIncome": "None", "interestIncome": "None", "interestExpense": "45000000", "nonInterestIncome": "None", "otherNonOperatingIncome": "-1735000", "depreciation": "None", "depreciationAndAmortization": "134000000", "incomeBeforeTax": "563000000", "incomeTaxExpense": "140000000", "interestAndDebtExpense": "None", "netIncomeFromContinuingOperations": "-42073000", "comprehensiveIncomeNetOfTax": "None", "ebit": "376000000", "ebitda": "510000000", "netIncome": "423000000"}, {"fiscalDateEnding": "2017-12-31", "reportedCurrency": "USD", "grossProfit": "738000000", "totalRevenue": "1516000000", "costOfRevenue": "778000000", "costofGoodsAndServicesSold": "778000000", "operatingIncome": "425000000", "sellingGeneralAndAdministrative": "38600000", "researchAndDevelopment": "0", "operatingExpenses": "313000000", "investmentIncomeNet": "None", "netInterestIncome": "None", "interestIncome": "None", "interestExpense": "45000000", "nonInterestIncome": "None", "otherNonOperatingIncome": "306000", "depreciation": "None", "depreciationAndAmortization": "111000000", "incomeBeforeTax": "380000000", "incomeTaxExpense": "-151000000", "interestAndDebtExpense": "None", "netIncomeFromContinuingOperations": "-109140000", "comprehensiveIncomeNetOfTax": "None", "ebit": "425000000", "ebitda": "536000000", "netIncome": "546000000"}, {"fiscalDateEnding": "2017-09-30", "reportedCurrency": "USD", "grossProfit": "654000000", "totalRevenue": "1400000000", "costOfRevenue": "746000000", "costofGoodsAndServicesSold": "746000000", "operatingIncome": "370000000", "sellingGeneralAndAdministrative": "40000000", "researchAndDevelopment": "0", "operatingExpenses": "284000000", "investmentIncomeNet": "None", "netInterestIncome": "None", "interestIncome": "None", "interestExpense": "45000000", "nonInterestIncome": "None", "otherNonOperatingIncome": "123970000", "depreciation": "None", "depreciationAndAmortization": "107000000", "incomeBeforeTax": "325000000", "incomeTaxExpense": "98000000", "interestAndDebtExpense": "None", "netIncomeFromContinuingOperations": "2296000", "comprehensiveIncomeNetOfTax": "None", "ebit": "370000000", "ebitda": "477000000", "netIncome": "232000000"}, {"fiscalDateEnding": "2017-06-30", "reportedCurrency": "USD", "grossProfit": "638000000", "totalRevenue": "1386000000", "costOfRevenue": "748000000", "costofGoodsAndServicesSold": "748000000", "operatingIncome": "372000000", "sellingGeneralAndAdministrative": "42400000", "researchAndDevelopment": "0", "operatingExpenses": "276000000", "investmentIncomeNet": "None", "netInterestIncome": "None", "interestIncome": "None", "interestExpense": "44000000", "nonInterestIncome": "None", "otherNonOperatingIncome": "1187000", "depreciation": "None", "depreciationAndAmortization": "109000000", "incomeBeforeTax": "330000000", "incomeTaxExpense": "109000000", "interestAndDebtExpense": "None", "netIncomeFromContinuingOperations": "-25950000", "comprehensiveIncomeNetOfTax": "None", "ebit": "373000000", "ebitda": "482000000", "netIncome": "221000000"}, {"fiscalDateEnding": "2017-03-31", "reportedCurrency": "USD", "grossProfit": "642000000", "totalRevenue": "1394000000", "costOfRevenue": "752000000", "costofGoodsAndServicesSold": "752000000", "operatingIncome": "365000000", "sellingGeneralAndAdministrative": "42700000", "researchAndDevelopment": "0", "operatingExpenses": "277000000", "investmentIncomeNet": "None", "netInterestIncome": "None", "interestIncome": "None", "interestExpense": "42000000", "nonInterestIncome": "None", "otherNonOperatingIncome": "431000", "depreciation": "None", "depreciationAndAmortization": "106000000", "incomeBeforeTax": "323000000", "incomeTaxExpense": "102000000", "interestAndDebtExpense": "None", "netIncomeFromContinuingOperations": "-26663000", "comprehensiveIncomeNetOfTax": "None", "ebit": "363000000", "ebitda": "469000000", "netIncome": "247000000"}, {"fiscalDateEnding": "2016-12-31", "reportedCurrency": "USD", "grossProfit": "670000000", "totalRevenue": "1431000000", "costOfRevenue": "761000000", "costofGoodsAndServicesSold": "761000000", "operatingIncome": "375000000", "sellingGeneralAndAdministrative": "46800000", "researchAndDevelopment": "106000000", "operatingExpenses": "295000000", "investmentIncomeNet": "None", "netInterestIncome": "None", "interestIncome": "None", "interestExpense": "42000000", "nonInterestIncome": "None", "otherNonOperatingIncome": "-16671000", "depreciation": "None", "depreciationAndAmortization": "105000000", "incomeBeforeTax": "333000000", "incomeTaxExpense": "119000000", "interestAndDebtExpense": "None", "netIncomeFromContinuingOperations": "-66186000", "comprehensiveIncomeNetOfTax": "None", "ebit": "375000000", "ebitda": "480000000", "netIncome": "215000000"}, {"fiscalDateEnding": "2016-09-30", "reportedCurrency": "USD", "grossProfit": "643000000", "totalRevenue": "1380000000", "costOfRevenue": "737000000", "costofGoodsAndServicesSold": "737000000", "operatingIncome": "369000000", "sellingGeneralAndAdministrative": "52800000", "researchAndDevelopment": "0", "operatingExpenses": "274000000", "investmentIncomeNet": "None", "netInterestIncome": "None", "interestIncome": "None", "interestExpense": "41000000", "nonInterestIncome": "None", "otherNonOperatingIncome": "-712000", "depreciation": "None", "depreciationAndAmortization": "104000000", "incomeBeforeTax": "328000000", "incomeTaxExpense": "114000000", "interestAndDebtExpense": "None", "netIncomeFromContinuingOperations": "-42198000", "comprehensiveIncomeNetOfTax": "None", "ebit": "369000000", "ebitda": "473000000", "netIncome": "214000000"}, {"fiscalDateEnding": "2016-06-30", "reportedCurrency": "USD", "grossProfit": "636000000", "totalRevenue": "1363000000", "costOfRevenue": "727000000", "costofGoodsAndServicesSold": "727000000", "operatingIncome": "362000000", "sellingGeneralAndAdministrative": "70300000", "researchAndDevelopment": "0", "operatingExpenses": "274000000", "investmentIncomeNet": "None", "netInterestIncome": "None", "interestIncome": "None", "interestExpense": "40000000", "nonInterestIncome": "None", "otherNonOperatingIncome": "-2512000", "depreciation": "None", "depreciationAndAmortization": "102000000", "incomeBeforeTax": "322000000", "incomeTaxExpense": "110000000", "interestAndDebtExpense": "None", "netIncomeFromContinuingOperations": "-45287000", "comprehensiveIncomeNetOfTax": "None", "ebit": "362000000", "ebitda": "464000000", "netIncome": "212000000"}, {"fiscalDateEnding": "2016-03-31", "reportedCurrency": "USD", "grossProfit": "597000000", "totalRevenue": "1331000000", "costOfRevenue": "734000000", "costofGoodsAndServicesSold": "734000000", "operatingIncome": "339000000", "sellingGeneralAndAdministrative": "59000000", "researchAndDevelopment": "0", "operatingExpenses": "258000000", "investmentIncomeNet": "None", "netInterestIncome": "None", "interestIncome": "None", "interestExpense": "47000000", "nonInterestIncome": "None", "otherNonOperatingIncome": "-538000", "depreciation": "None", "depreciationAndAmortization": "100000000", "incomeBeforeTax": "292000000", "incomeTaxExpense": "149000000", "interestAndDebtExpense": "None", "netIncomeFromContinuingOperations": "-2408000", "comprehensiveIncomeNetOfTax": "None", "ebit": "339000000", "ebitda": "439000000", "netIncome": "289000000"}, {"fiscalDateEnding": "2015-12-31", "reportedCurrency": "USD", "grossProfit": "605000000", "totalRevenue": "1368000000", "costOfRevenue": "763000000", "costofGoodsAndServicesSold": "763000000", "operatingIncome": "329000000", "sellingGeneralAndAdministrative": "60200000", "researchAndDevelopment": "92000000", "operatingExpenses": "276000000", "investmentIncomeNet": "None", "netInterestIncome": "None", "interestIncome": "None", "interestExpense": "39000000", "nonInterestIncome": "None", "otherNonOperatingIncome": "3020000", "depreciation": "None", "depreciationAndAmortization": "105000000", "incomeBeforeTax": "290000000", "incomeTaxExpense": "98000000", "interestAndDebtExpense": "None", "netIncomeFromContinuingOperations": "6768000", "comprehensiveIncomeNetOfTax": "None", "ebit": "329000000", "ebitda": "434000000", "netIncome": "189000000"}, {"fiscalDateEnding": "2015-09-30", "reportedCurrency": "USD", "grossProfit": "600000000", "totalRevenue": "1313000000", "costOfRevenue": "713000000", "costofGoodsAndServicesSold": "713000000", "operatingIncome": "342000000", "sellingGeneralAndAdministrative": "66900000", "researchAndDevelopment": "0", "operatingExpenses": "258000000", "investmentIncomeNet": "None", "netInterestIncome": "None", "interestIncome": "None", "interestExpense": "41000000", "nonInterestIncome": "None", "otherNonOperatingIncome": "-4411000", "depreciation": "None", "depreciationAndAmortization": "106000000", "incomeBeforeTax": "301000000", "incomeTaxExpense": "117000000", "interestAndDebtExpense": "None", "netIncomeFromContinuingOperations": "24088000", "comprehensiveIncomeNetOfTax": "None", "ebit": "342000000", "ebitda": "448000000", "netIncome": "218000000"}, {"fiscalDateEnding": "2015-06-30", "reportedCurrency": "USD", "grossProfit": "588000000", "totalRevenue": "1298000000", "costOfRevenue": "710000000", "costofGoodsAndServicesSold": "710000000", "operatingIncome": "326000000", "sellingGeneralAndAdministrative": "73800000", "researchAndDevelopment": "0", "operatingExpenses": "262000000", "investmentIncomeNet": "None", "netInterestIncome": "None", "interestIncome": "None", "interestExpense": "49000000", "nonInterestIncome": "None", "otherNonOperatingIncome": "-1796000", "depreciation": "None", "depreciationAndAmortization": "104000000", "incomeBeforeTax": "192000000", "incomeTaxExpense": "66000000", "interestAndDebtExpense": "None", "netIncomeFromContinuingOperations": "28853000", "comprehensiveIncomeNetOfTax": "None", "ebit": "326000000", "ebitda": "430000000", "netIncome": "127000000"}, {"fiscalDateEnding": "2015-03-31", "reportedCurrency": "USD", "grossProfit": "552000000", "totalRevenue": "1275000000", "costOfRevenue": "723000000", "costofGoodsAndServicesSold": "723000000", "operatingIncome": "314000000", "sellingGeneralAndAdministrative": "69800000", "researchAndDevelopment": "0", "operatingExpenses": "238000000", "investmentIncomeNet": "None", "netInterestIncome": "None", "interestIncome": "None", "interestExpense": "40000000", "nonInterestIncome": "None", "otherNonOperatingIncome": "2620000", "depreciation": "None", "depreciationAndAmortization": "102000000", "incomeBeforeTax": "274000000", "incomeTaxExpense": "96000000", "interestAndDebtExpense": "None", "netIncomeFromContinuingOperations": "46401000", "comprehensiveIncomeNetOfTax": "None", "ebit": "314000000", "ebitda": "416000000", "netIncome": "178000000"}, {"fiscalDateEnding": "2014-12-31", "reportedCurrency": "USD", "grossProfit": "564000000", "totalRevenue": "1316000000", "costOfRevenue": "752000000", "costofGoodsAndServicesSold": "752000000", "operatingIncome": "317000000", "sellingGeneralAndAdministrative": "70900000", "researchAndDevelopment": "82000000", "operatingExpenses": "247000000", "investmentIncomeNet": "None", "netInterestIncome": "None", "interestIncome": "None", "interestExpense": "41000000", "nonInterestIncome": "None", "otherNonOperatingIncome": "-16552000", "depreciation": "None", "depreciationAndAmortization": "104000000", "incomeBeforeTax": "276000000", "incomeTaxExpense": "97000000", "interestAndDebtExpense": "None", "netIncomeFromContinuingOperations": "51461000", "comprehensiveIncomeNetOfTax": "None", "ebit": "317000000", "ebitda": "421000000", "netIncome": "181000000"}, {"fiscalDateEnding": "2014-09-30", "reportedCurrency": "USD", "grossProfit": "558000000", "totalRevenue": "1263000000", "costOfRevenue": "705000000", "costofGoodsAndServicesSold": "705000000", "operatingIncome": "315000000", "sellingGeneralAndAdministrative": "65200000", "researchAndDevelopment": "0", "operatingExpenses": "243000000", "investmentIncomeNet": "None", "netInterestIncome": "None", "interestIncome": "None", "interestExpense": "41000000", "nonInterestIncome": "None", "otherNonOperatingIncome": "957000", "depreciation": "None", "depreciationAndAmortization": "101000000", "incomeBeforeTax": "274000000", "incomeTaxExpense": "120000000", "interestAndDebtExpense": "None", "netIncomeFromContinuingOperations": "67440000", "comprehensiveIncomeNetOfTax": "None", "ebit": "315000000", "ebitda": "416000000", "netIncome": "239000000"}, {"fiscalDateEnding": "2014-06-30", "reportedCurrency": "USD", "grossProfit": "550000000", "totalRevenue": "1253000000", "costOfRevenue": "703000000", "costofGoodsAndServicesSold": "703000000", "operatingIncome": "307000000", "sellingGeneralAndAdministrative": "71800000", "researchAndDevelopment": "0", "operatingExpenses": "243000000", "investmentIncomeNet": "None", "netInterestIncome": "None", "interestIncome": "None", "interestExpense": "40000000", "nonInterestIncome": "None", "otherNonOperatingIncome": "2983000", "depreciation": "None", "depreciationAndAmortization": "99000000", "incomeBeforeTax": "267000000", "incomeTaxExpense": "101000000", "interestAndDebtExpense": "None", "netIncomeFromContinuingOperations": "50049000", "comprehensiveIncomeNetOfTax": "None", "ebit": "307000000", "ebitda": "406000000", "netIncome": "166000000"}, {"fiscalDateEnding": "2014-03-31", "reportedCurrency": "USD", "grossProfit": "513000000", "totalRevenue": "1234000000", "costOfRevenue": "721000000", "costofGoodsAndServicesSold": "721000000", "operatingIncome": "271000000", "sellingGeneralAndAdministrative": "59500000", "researchAndDevelopment": "0", "operatingExpenses": "242000000", "investmentIncomeNet": "None", "netInterestIncome": "None", "interestIncome": "None", "interestExpense": "41000000", "nonInterestIncome": "None", "otherNonOperatingIncome": "2306000", "depreciation": "None", "depreciationAndAmortization": "100000000", "incomeBeforeTax": "230000000", "incomeTaxExpense": "66000000", "interestAndDebtExpense": "None", "netIncomeFromContinuingOperations": "60362000", "comprehensiveIncomeNetOfTax": "None", "ebit": "271000000", "ebitda": "371000000", "netIncome": "168000000"}, {"fiscalDateEnding": "2013-12-31", "reportedCurrency": "USD", "grossProfit": "563000000", "totalRevenue": "1263000000", "costOfRevenue": "700000000", "costofGoodsAndServicesSold": "700000000", "operatingIncome": "297000000", "sellingGeneralAndAdministrative": "64700000", "researchAndDevelopment": "102000000", "operatingExpenses": "266000000", "investmentIncomeNet": "None", "netInterestIncome": "None", "interestIncome": "None", "interestExpense": "40000000", "nonInterestIncome": "None", "otherNonOperatingIncome": "None", "depreciation": "None", "depreciationAndAmortization": "102000000", "incomeBeforeTax": "257000000", "incomeTaxExpense": "110000000", "interestAndDebtExpense": "None", "netIncomeFromContinuingOperations": "308195000", "comprehensiveIncomeNetOfTax": "None", "ebit": "297000000", "ebitda": "399000000", "netIncome": "221000000"}, {"fiscalDateEnding": "2013-09-30", "reportedCurrency": "USD", "grossProfit": "517000000", "totalRevenue": "1201000000", "costOfRevenue": "684000000", "costofGoodsAndServicesSold": "684000000", "operatingIncome": "280000000", "sellingGeneralAndAdministrative": "64100000", "researchAndDevelopment": "0", "operatingExpenses": "237000000", "investmentIncomeNet": "None", "netInterestIncome": "None", "interestIncome": "None", "interestExpense": "41000000", "nonInterestIncome": "None", "otherNonOperatingIncome": "4289000", "depreciation": "None", "depreciationAndAmortization": "101000000", "incomeBeforeTax": "239000000", "incomeTaxExpense": "79000000", "interestAndDebtExpense": "None", "netIncomeFromContinuingOperations": "59467000", "comprehensiveIncomeNetOfTax": "None", "ebit": "280000000", "ebitda": "381000000", "netIncome": "159000000"}, {"fiscalDateEnding": "2013-06-30", "reportedCurrency": "USD", "grossProfit": "518000000", "totalRevenue": "1198000000", "costOfRevenue": "680000000", "costofGoodsAndServicesSold": "680000000", "operatingIncome": "273000000", "sellingGeneralAndAdministrative": "51987000", "researchAndDevelopment": "0", "operatingExpenses": "245000000", "investmentIncomeNet": "None", "netInterestIncome": "None", "interestIncome": "None", "interestExpense": "41000000", "nonInterestIncome": "None", "otherNonOperatingIncome": "3592000", "depreciation": "None", "depreciationAndAmortization": "103000000", "incomeBeforeTax": "232000000", "incomeTaxExpense": "81000000", "interestAndDebtExpense": "None", "netIncomeFromContinuingOperations": "100983000", "comprehensiveIncomeNetOfTax": "None", "ebit": "273000000", "ebitda": "376000000", "netIncome": "151000000"}, {"fiscalDateEnding": "2013-03-31", "reportedCurrency": "USD", "grossProfit": "440000000", "totalRevenue": "1152000000", "costOfRevenue": "712000000", "costofGoodsAndServicesSold": "712000000", "operatingIncome": "211000000", "sellingGeneralAndAdministrative": "44145000", "researchAndDevelopment": "0", "operatingExpenses": "229000000", "investmentIncomeNet": "None", "netInterestIncome": "None", "interestIncome": "None", "interestExpense": "41000000", "nonInterestIncome": "None", "otherNonOperatingIncome": "None", "depreciation": "None", "depreciationAndAmortization": "97000000", "incomeBeforeTax": "170000000", "incomeTaxExpense": "58000000", "interestAndDebtExpense": "None", "netIncomeFromContinuingOperations": "0", "comprehensiveIncomeNetOfTax": "None", "ebit": "241000000", "ebitda": "338000000", "netIncome": "117000000"}, {"fiscalDateEnding": "2012-12-31", "reportedCurrency": "USD", "grossProfit": "499000000", "totalRevenue": "1156000000", "costOfRevenue": "657000000", "costofGoodsAndServicesSold": "657000000", "operatingIncome": "289000000", "sellingGeneralAndAdministrative": "53028000", "researchAndDevelopment": "0", "operatingExpenses": "210000000", "investmentIncomeNet": "None", "netInterestIncome": "None", "interestIncome": "None", "interestExpense": "38000000", "nonInterestIncome": "None", "otherNonOperatingIncome": "None", "depreciation": "None", "depreciationAndAmortization": "89000000", "incomeBeforeTax": "251000000", "incomeTaxExpense": "94000000", "interestAndDebtExpense": "None", "netIncomeFromContinuingOperations": "0", "comprehensiveIncomeNetOfTax": "None", "ebit": "290000000", "ebitda": "379000000", "netIncome": "179000000"}, {"fiscalDateEnding": "2012-09-30", "reportedCurrency": "USD", "grossProfit": "474000000", "totalRevenue": "1118000000", "costOfRevenue": "644000000", "costofGoodsAndServicesSold": "644000000", "operatingIncome": "267000000", "sellingGeneralAndAdministrative": "46524000", "researchAndDevelopment": "0", "operatingExpenses": "207000000", "investmentIncomeNet": "None", "netInterestIncome": "None", "interestIncome": "None", "interestExpense": "48000000", "nonInterestIncome": "None", "otherNonOperatingIncome": "None", "depreciation": "None", "depreciationAndAmortization": "90000000", "incomeBeforeTax": "219000000", "incomeTaxExpense": "80000000", "interestAndDebtExpense": "None", "netIncomeFromContinuingOperations": "0", "comprehensiveIncomeNetOfTax": "None", "ebit": "267000000", "ebitda": "357000000", "netIncome": "139000000"}, {"fiscalDateEnding": "2012-06-30", "reportedCurrency": "USD", "grossProfit": "465000000", "totalRevenue": "1100000000", "costOfRevenue": "635000000", "costofGoodsAndServicesSold": "635000000", "operatingIncome": "259000000", "sellingGeneralAndAdministrative": "46115000", "researchAndDevelopment": "0", "operatingExpenses": "206000000", "investmentIncomeNet": "None", "netInterestIncome": "None", "interestIncome": "None", "interestExpense": "38000000", "nonInterestIncome": "None", "otherNonOperatingIncome": "None", "depreciation": "None", "depreciationAndAmortization": "87000000", "incomeBeforeTax": "221000000", "incomeTaxExpense": "61000000", "interestAndDebtExpense": "None", "netIncomeFromContinuingOperations": "0", "comprehensiveIncomeNetOfTax": "None", "ebit": "262000000", "ebitda": "349000000", "netIncome": "161000000"}, {"fiscalDateEnding": "2012-03-31", "reportedCurrency": "USD", "grossProfit": "447000000", "totalRevenue": "1108000000", "costOfRevenue": "661000000", "costofGoodsAndServicesSold": "661000000", "operatingIncome": "241000000", "sellingGeneralAndAdministrative": "41608000", "researchAndDevelopment": "0", "operatingExpenses": "206000000", "investmentIncomeNet": "None", "netInterestIncome": "None", "interestIncome": "None", "interestExpense": "43000000", "nonInterestIncome": "None", "otherNonOperatingIncome": "None", "depreciation": "None", "depreciationAndAmortization": "88000000", "incomeBeforeTax": "198000000", "incomeTaxExpense": "68000000", "interestAndDebtExpense": "None", "netIncomeFromContinuingOperations": "0", "comprehensiveIncomeNetOfTax": "None", "ebit": "241000000", "ebitda": "329000000", "netIncome": "132000000"}, {"fiscalDateEnding": "2011-12-31", "reportedCurrency": "USD", "grossProfit": "498000000", "totalRevenue": "1161000000", "costOfRevenue": "663000000", "costofGoodsAndServicesSold": "663000000", "operatingIncome": "281000000", "sellingGeneralAndAdministrative": "160506000", "researchAndDevelopment": "0", "operatingExpenses": "217000000", "investmentIncomeNet": "None", "netInterestIncome": "None", "interestIncome": "None", "interestExpense": "50000000", "nonInterestIncome": "None", "otherNonOperatingIncome": "None", "depreciation": "None", "depreciationAndAmortization": "90000000", "incomeBeforeTax": "237000000", "incomeTaxExpense": "88000000", "interestAndDebtExpense": "None", "netIncomeFromContinuingOperations": "0", "comprehensiveIncomeNetOfTax": "None", "ebit": "287000000", "ebitda": "377000000", "netIncome": "143000000"}, {"fiscalDateEnding": "2011-09-30", "reportedCurrency": "USD", "grossProfit": "432000000", "totalRevenue": "1063000000", "costOfRevenue": "631000000", "costofGoodsAndServicesSold": "631000000", "operatingIncome": "243000000", "sellingGeneralAndAdministrative": "None", "researchAndDevelopment": "None", "operatingExpenses": "189000000", "investmentIncomeNet": "None", "netInterestIncome": "None", "interestIncome": "None", "interestExpense": "45000000", "nonInterestIncome": "None", "otherNonOperatingIncome": "None", "depreciation": "None", "depreciationAndAmortization": "86000000", "incomeBeforeTax": "174000000", "incomeTaxExpense": "55000000", "interestAndDebtExpense": "None", "netIncomeFromContinuingOperations": "None", "comprehensiveIncomeNetOfTax": "None", "ebit": "243000000", "ebitda": "329000000", "netIncome": "127000000"}, {"fiscalDateEnding": "2011-06-30", "reportedCurrency": "USD", "grossProfit": "441000000", "totalRevenue": "1065000000", "costOfRevenue": "624000000", "costofGoodsAndServicesSold": "624000000", "operatingIncome": "251000000", "sellingGeneralAndAdministrative": "None", "researchAndDevelopment": "None", "operatingExpenses": "190000000", "investmentIncomeNet": "None", "netInterestIncome": "None", "interestIncome": "None", "interestExpense": "48000000", "nonInterestIncome": "None", "otherNonOperatingIncome": "None", "depreciation": "None", "depreciationAndAmortization": "88000000", "incomeBeforeTax": "142000000", "incomeTaxExpense": "49000000", "interestAndDebtExpense": "None", "netIncomeFromContinuingOperations": "None", "comprehensiveIncomeNetOfTax": "None", "ebit": "251000000", "ebitda": "339000000", "netIncome": "90000000"}, {"fiscalDateEnding": "2011-03-31", "reportedCurrency": "USD", "grossProfit": "424000000", "totalRevenue": "1048000000", "costOfRevenue": "624000000", "costofGoodsAndServicesSold": "624000000", "operatingIncome": "221000000", "sellingGeneralAndAdministrative": "None", "researchAndDevelopment": "None", "operatingExpenses": "203000000", "investmentIncomeNet": "None", "netInterestIncome": "None", "interestIncome": "None", "interestExpense": "45000000", "nonInterestIncome": "None", "otherNonOperatingIncome": "None", "depreciation": "None", "depreciationAndAmortization": "85000000", "incomeBeforeTax": "176000000", "incomeTaxExpense": "64000000", "interestAndDebtExpense": "None", "netIncomeFromContinuingOperations": "None", "comprehensiveIncomeNetOfTax": "None", "ebit": "221000000", "ebitda": "306000000", "netIncome": "112000000"}, {"fiscalDateEnding": "2010-12-31", "reportedCurrency": "USD", "grossProfit": "465000000", "totalRevenue": "1078000000", "costOfRevenue": "613000000", "costofGoodsAndServicesSold": "613000000", "operatingIncome": "267000000", "sellingGeneralAndAdministrative": "None", "researchAndDevelopment": "None", "operatingExpenses": "198000000", "investmentIncomeNet": "None", "netInterestIncome": "None", "interestIncome": "None", "interestExpense": "58000000", "nonInterestIncome": "None", "otherNonOperatingIncome": "None", "depreciation": "None", "depreciationAndAmortization": "87000000", "incomeBeforeTax": "193000000", "incomeTaxExpense": "77000000", "interestAndDebtExpense": "None", "netIncomeFromContinuingOperations": "None", "comprehensiveIncomeNetOfTax": "None", "ebit": "251000000", "ebitda": "338000000", "netIncome": "116000000"}, {"fiscalDateEnding": "2010-09-30", "reportedCurrency": "USD", "grossProfit": "436000000", "totalRevenue": "1025000000", "costOfRevenue": "589000000", "costofGoodsAndServicesSold": "589000000", "operatingIncome": "251000000", "sellingGeneralAndAdministrative": "None", "researchAndDevelopment": "None", "operatingExpenses": "185000000", "investmentIncomeNet": "None", "netInterestIncome": "None", "interestIncome": "None", "interestExpense": "49000000", "nonInterestIncome": "None", "otherNonOperatingIncome": "None", "depreciation": "None", "depreciationAndAmortization": "85000000", "incomeBeforeTax": "202000000", "incomeTaxExpense": "73000000", "interestAndDebtExpense": "None", "netIncomeFromContinuingOperations": "None", "comprehensiveIncomeNetOfTax": "None", "ebit": "251000000", "ebitda": "336000000", "netIncome": "132000000"}, {"fiscalDateEnding": "2010-06-30", "reportedCurrency": "USD", "grossProfit": "436000000", "totalRevenue": "1022000000", "costOfRevenue": "586000000", "costofGoodsAndServicesSold": "586000000", "operatingIncome": "251000000", "sellingGeneralAndAdministrative": "None", "researchAndDevelopment": "None", "operatingExpenses": "185000000", "investmentIncomeNet": "None", "netInterestIncome": "None", "interestIncome": "None", "interestExpense": "46000000", "nonInterestIncome": "None", "otherNonOperatingIncome": "None", "depreciation": "None", "depreciationAndAmortization": "83000000", "incomeBeforeTax": "205000000", "incomeTaxExpense": "78000000", "interestAndDebtExpense": "None", "netIncomeFromContinuingOperations": "None", "comprehensiveIncomeNetOfTax": "None", "ebit": "251000000", "ebitda": "334000000", "netIncome": "127000000"}, {"fiscalDateEnding": "2010-03-31", "reportedCurrency": "USD", "grossProfit": "410000000", "totalRevenue": "1008000000", "costOfRevenue": "598000000", "costofGoodsAndServicesSold": "598000000", "operatingIncome": "238000000", "sellingGeneralAndAdministrative": "None", "researchAndDevelopment": "None", "operatingExpenses": "172000000", "investmentIncomeNet": "None", "netInterestIncome": "None", "interestIncome": "None", "interestExpense": "45000000", "nonInterestIncome": "None", "otherNonOperatingIncome": "None", "depreciation": "None", "depreciationAndAmortization": "84000000", "incomeBeforeTax": "193000000", "incomeTaxExpense": "73000000", "interestAndDebtExpense": "None", "netIncomeFromContinuingOperations": "None", "comprehensiveIncomeNetOfTax": "None", "ebit": "238000000", "ebitda": "322000000", "netIncome": "121000000"}, {"fiscalDateEnding": "2009-12-31", "reportedCurrency": "USD", "grossProfit": "451000000", "totalRevenue": "1062000000", "costOfRevenue": "611000000", "costofGoodsAndServicesSold": "611000000", "operatingIncome": "256000000", "sellingGeneralAndAdministrative": "None", "researchAndDevelopment": "None", "operatingExpenses": "195000000", "investmentIncomeNet": "None", "netInterestIncome": "None", "interestIncome": "None", "interestExpense": "59000000", "nonInterestIncome": "None", "otherNonOperatingIncome": "None", "depreciation": "None", "depreciationAndAmortization": "85000000", "incomeBeforeTax": "205000000", "incomeTaxExpense": "79000000", "interestAndDebtExpense": "None", "netIncomeFromContinuingOperations": "None", "comprehensiveIncomeNetOfTax": "None", "ebit": "264000000", "ebitda": "349000000", "netIncome": "118000000"}, {"fiscalDateEnding": "2009-09-30", "reportedCurrency": "USD", "grossProfit": "413000000", "totalRevenue": "992000000", "costOfRevenue": "579000000", "costofGoodsAndServicesSold": "579000000", "operatingIncome": "231000000", "sellingGeneralAndAdministrative": "None", "researchAndDevelopment": "None", "operatingExpenses": "182000000", "investmentIncomeNet": "None", "netInterestIncome": "None", "interestIncome": "None", "interestExpense": "52000000", "nonInterestIncome": "None", "otherNonOperatingIncome": "None", "depreciation": "None", "depreciationAndAmortization": "79000000", "incomeBeforeTax": "179000000", "incomeTaxExpense": "60000000", "interestAndDebtExpense": "None", "netIncomeFromContinuingOperations": "None", "comprehensiveIncomeNetOfTax": "None", "ebit": "231000000", "ebitda": "310000000", "netIncome": "115000000"}, {"fiscalDateEnding": "2009-06-30", "reportedCurrency": "USD", "grossProfit": "413000000", "totalRevenue": "1032000000", "costOfRevenue": "619000000", "costofGoodsAndServicesSold": "619000000", "operatingIncome": "232000000", "sellingGeneralAndAdministrative": "None", "researchAndDevelopment": "None", "operatingExpenses": "181000000", "investmentIncomeNet": "None", "netInterestIncome": "None", "interestIncome": "None", "interestExpense": "55000000", "nonInterestIncome": "None", "otherNonOperatingIncome": "None", "depreciation": "None", "depreciationAndAmortization": "85000000", "incomeBeforeTax": "177000000", "incomeTaxExpense": "67000000", "interestAndDebtExpense": "None", "netIncomeFromContinuingOperations": "None", "comprehensiveIncomeNetOfTax": "None", "ebit": "232000000", "ebitda": "317000000", "netIncome": "140000000"}, {"fiscalDateEnding": "2009-03-31", "reportedCurrency": "USD", "grossProfit": "419000000", "totalRevenue": "1044000000", "costOfRevenue": "625000000", "costofGoodsAndServicesSold": "625000000", "operatingIncome": "218000000", "sellingGeneralAndAdministrative": "None", "researchAndDevelopment": "None", "operatingExpenses": "201000000", "investmentIncomeNet": "None", "netInterestIncome": "None", "interestIncome": "None", "interestExpense": "54000000", "nonInterestIncome": "None", "otherNonOperatingIncome": "None", "depreciation": "None", "depreciationAndAmortization": "84000000", "incomeBeforeTax": "164000000", "incomeTaxExpense": "63000000", "interestAndDebtExpense": "None", "netIncomeFromContinuingOperations": "None", "comprehensiveIncomeNetOfTax": "None", "ebit": "218000000", "ebitda": "302000000", "netIncome": "103000000"}, {"fiscalDateEnding": "2008-12-31", "reportedCurrency": "USD", "grossProfit": "421000000", "totalRevenue": "1061000000", "costOfRevenue": "640000000", "costofGoodsAndServicesSold": "640000000", "operatingIncome": "219000000", "sellingGeneralAndAdministrative": "None", "researchAndDevelopment": "None", "operatingExpenses": "183000000", "investmentIncomeNet": "None", "netInterestIncome": "None", "interestIncome": "None", "interestExpense": "None", "nonInterestIncome": "None", "otherNonOperatingIncome": "None", "depreciation": "None", "depreciationAndAmortization": "86000000", "incomeBeforeTax": "116000000", "incomeTaxExpense": "48000000", "interestAndDebtExpense": "None", "netIncomeFromContinuingOperations": "None", "comprehensiveIncomeNetOfTax": "None", "ebit": "227000000", "ebitda": "313000000", "netIncome": "62000000"}, {"fiscalDateEnding": "2008-09-30", "reportedCurrency": "USD", "grossProfit": "418000000", "totalRevenue": "1080000000", "costOfRevenue": "662000000", "costofGoodsAndServicesSold": "662000000", "operatingIncome": "214000000", "sellingGeneralAndAdministrative": "None", "researchAndDevelopment": "None", "operatingExpenses": "223000000", "investmentIncomeNet": "None", "netInterestIncome": "None", "interestIncome": "None", "interestExpense": "None", "nonInterestIncome": "None", "otherNonOperatingIncome": "None", "depreciation": "None", "depreciationAndAmortization": "88000000", "incomeBeforeTax": "176000000", "incomeTaxExpense": "105000000", "interestAndDebtExpense": "None", "netIncomeFromContinuingOperations": "None", "comprehensiveIncomeNetOfTax": "None", "ebit": "197000000", "ebitda": "285000000", "netIncome": "78000000"}, {"fiscalDateEnding": "2008-06-30", "reportedCurrency": "USD", "grossProfit": "443000000", "totalRevenue": "1295000000", "costOfRevenue": "852000000", "costofGoodsAndServicesSold": "852000000", "operatingIncome": "224000000", "sellingGeneralAndAdministrative": "None", "researchAndDevelopment": "None", "operatingExpenses": "219000000", "investmentIncomeNet": "None", "netInterestIncome": "None", "interestIncome": "None", "interestExpense": "61000000", "nonInterestIncome": "None", "otherNonOperatingIncome": "None", "depreciation": "None", "depreciationAndAmortization": "98000000", "incomeBeforeTax": "162000000", "incomeTaxExpense": "63000000", "interestAndDebtExpense": "None", "netIncomeFromContinuingOperations": "None", "comprehensiveIncomeNetOfTax": "None", "ebit": "224000000", "ebitda": "322000000", "netIncome": "100000000"}, {"fiscalDateEnding": "2008-03-31", "reportedCurrency": "USD", "grossProfit": "438000000", "totalRevenue": "1310000000", "costOfRevenue": "872000000", "costofGoodsAndServicesSold": "872000000", "operatingIncome": "226000000", "sellingGeneralAndAdministrative": "None", "researchAndDevelopment": "None", "operatingExpenses": "212000000", "investmentIncomeNet": "None", "netInterestIncome": "None", "interestIncome": "None", "interestExpense": "None", "nonInterestIncome": "None", "otherNonOperatingIncome": "None", "depreciation": "None", "depreciationAndAmortization": "90000000", "incomeBeforeTax": "158000000", "incomeTaxExpense": "61000000", "interestAndDebtExpense": "None", "netIncomeFromContinuingOperations": "None", "comprehensiveIncomeNetOfTax": "None", "ebit": "226000000", "ebitda": "316000000", "netIncome": "329000000"}, {"fiscalDateEnding": "2007-12-31", "reportedCurrency": "USD", "grossProfit": "251537000", "totalRevenue": "383136000", "costOfRevenue": "131599000", "costofGoodsAndServicesSold": "131599000", "operatingIncome": "155060000", "sellingGeneralAndAdministrative": "None", "researchAndDevelopment": "None", "operatingExpenses": "96477000", "investmentIncomeNet": "None", "netInterestIncome": "None", "interestIncome": "None", "interestExpense": "None", "nonInterestIncome": "None", "otherNonOperatingIncome": "None", "depreciation": "None", "depreciationAndAmortization": "41386000", "incomeBeforeTax": "119269000", "incomeTaxExpense": "44934000", "interestAndDebtExpense": "None", "netIncomeFromContinuingOperations": "None", "comprehensiveIncomeNetOfTax": "None", "ebit": "155060000", "ebitda": "196446000", "netIncome": "96326000"}, {"fiscalDateEnding": "2007-09-30", "reportedCurrency": "USD", "grossProfit": "347458000", "totalRevenue": "1173747000", "costOfRevenue": "826289000", "costofGoodsAndServicesSold": "826289000", "operatingIncome": "205975000", "sellingGeneralAndAdministrative": "None", "researchAndDevelopment": "None", "operatingExpenses": "141483000", "investmentIncomeNet": "None", "netInterestIncome": "None", "interestIncome": "None", "interestExpense": "None", "nonInterestIncome": "None", "otherNonOperatingIncome": "None", "depreciation": "None", "depreciationAndAmortization": "50358000", "incomeBeforeTax": "193321000", "incomeTaxExpense": "73371000", "interestAndDebtExpense": "None", "netIncomeFromContinuingOperations": "None", "comprehensiveIncomeNetOfTax": "None", "ebit": "205975000", "ebitda": "256333000", "netIncome": "121000000"}, {"fiscalDateEnding": "2007-06-30", "reportedCurrency": "USD", "grossProfit": "345806000", "totalRevenue": "1180136000", "costOfRevenue": "834330000", "costofGoodsAndServicesSold": "834330000", "operatingIncome": "181120000", "sellingGeneralAndAdministrative": "None", "researchAndDevelopment": "None", "operatingExpenses": "164686000", "investmentIncomeNet": "None", "netInterestIncome": "None", "interestIncome": "None", "interestExpense": "None", "nonInterestIncome": "None", "otherNonOperatingIncome": "None", "depreciation": "None", "depreciationAndAmortization": "50993000", "incomeBeforeTax": "169675000", "incomeTaxExpense": "65032000", "interestAndDebtExpense": "None", "netIncomeFromContinuingOperations": "None", "comprehensiveIncomeNetOfTax": "None", "ebit": "181120000", "ebitda": "232113000", "netIncome": "108000000"}, {"fiscalDateEnding": "2007-03-31", "reportedCurrency": "USD", "grossProfit": "350794000", "totalRevenue": "1219419000", "costOfRevenue": "868625000", "costofGoodsAndServicesSold": "868625000", "operatingIncome": "193369000", "sellingGeneralAndAdministrative": "None", "researchAndDevelopment": "None", "operatingExpenses": "157425000", "investmentIncomeNet": "None", "netInterestIncome": "None", "interestIncome": "None", "interestExpense": "None", "nonInterestIncome": "None", "otherNonOperatingIncome": "None", "depreciation": "None", "depreciationAndAmortization": "50263000", "incomeBeforeTax": "184981000", "incomeTaxExpense": "71418000", "interestAndDebtExpense": "None", "netIncomeFromContinuingOperations": "None", "comprehensiveIncomeNetOfTax": "None", "ebit": "193369000", "ebitda": "243632000", "netIncome": "114000000"}, {"fiscalDateEnding": "2006-12-31", "reportedCurrency": "USD", "grossProfit": "335783000", "totalRevenue": "1197741000", "costOfRevenue": "861958000", "costofGoodsAndServicesSold": "861958000", "operatingIncome": "181399000", "sellingGeneralAndAdministrative": "None", "researchAndDevelopment": "None", "operatingExpenses": "154384000", "investmentIncomeNet": "None", "netInterestIncome": "None", "interestIncome": "None", "interestExpense": "None", "nonInterestIncome": "None", "otherNonOperatingIncome": "None", "depreciation": "None", "depreciationAndAmortization": "56158000", "incomeBeforeTax": "172270000", "incomeTaxExpense": "66324000", "interestAndDebtExpense": "None", "netIncomeFromContinuingOperations": "None", "comprehensiveIncomeNetOfTax": "None", "ebit": "181399000", "ebitda": "237557000", "netIncome": "105946000"}, {"fiscalDateEnding": "2006-09-30", "reportedCurrency": "USD", "grossProfit": "331837000", "totalRevenue": "1156545000", "costOfRevenue": "824708000", "costofGoodsAndServicesSold": "824708000", "operatingIncome": "185740000", "sellingGeneralAndAdministrative": "None", "researchAndDevelopment": "None", "operatingExpenses": "146097000", "investmentIncomeNet": "None", "netInterestIncome": "None", "interestIncome": "None", "interestExpense": "None", "nonInterestIncome": "None", "otherNonOperatingIncome": "None", "depreciation": "None", "depreciationAndAmortization": "50047000", "incomeBeforeTax": "175753000", "incomeTaxExpense": "65665000", "interestAndDebtExpense": "None", "netIncomeFromContinuingOperations": "None", "comprehensiveIncomeNetOfTax": "None", "ebit": "185740000", "ebitda": "235787000", "netIncome": "110088000"}, {"fiscalDateEnding": "2006-06-30", "reportedCurrency": "USD", "grossProfit": "327409000", "totalRevenue": "1093197000", "costOfRevenue": "765788000", "costofGoodsAndServicesSold": "765788000", "operatingIncome": "184189000", "sellingGeneralAndAdministrative": "None", "researchAndDevelopment": "None", "operatingExpenses": "143220000", "investmentIncomeNet": "None", "netInterestIncome": "None", "interestIncome": "None", "interestExpense": "None", "nonInterestIncome": "None", "otherNonOperatingIncome": "None", "depreciation": "None", "depreciationAndAmortization": "45535000", "incomeBeforeTax": "175415000", "incomeTaxExpense": "64435000", "interestAndDebtExpense": "None", "netIncomeFromContinuingOperations": "None", "comprehensiveIncomeNetOfTax": "None", "ebit": "184189000", "ebitda": "229724000", "netIncome": "117669000"}, {"fiscalDateEnding": "2006-03-31", "reportedCurrency": "USD", "grossProfit": "338606000", "totalRevenue": "1096668000", "costOfRevenue": "758062000", "costofGoodsAndServicesSold": "758062000", "operatingIncome": "192953000", "sellingGeneralAndAdministrative": "None", "researchAndDevelopment": "None", "operatingExpenses": "145653000", "investmentIncomeNet": "None", "netInterestIncome": "None", "interestIncome": "None", "interestExpense": "None", "nonInterestIncome": "None", "otherNonOperatingIncome": "None", "depreciation": "None", "depreciationAndAmortization": "47366000", "incomeBeforeTax": "186847000", "incomeTaxExpense": "70636000", "interestAndDebtExpense": "None", "netIncomeFromContinuingOperations": "None", "comprehensiveIncomeNetOfTax": "None", "ebit": "192953000", "ebitda": "240319000", "netIncome": "116211000"}, {"fiscalDateEnding": "2005-12-31", "reportedCurrency": "USD", "grossProfit": "-884070000", "totalRevenue": "1078293000", "costOfRevenue": "1962363000", "costofGoodsAndServicesSold": "1962363000", "operatingIncome": "198616000", "sellingGeneralAndAdministrative": "None", "researchAndDevelopment": "None", "operatingExpenses": "-1082686000", "investmentIncomeNet": "None", "netInterestIncome": "None", "interestIncome": "None", "interestExpense": "None", "nonInterestIncome": "None", "otherNonOperatingIncome": "None", "depreciation": "None", "depreciationAndAmortization": "46727000", "incomeBeforeTax": "236090000", "incomeTaxExpense": "87714000", "interestAndDebtExpense": "None", "netIncomeFromContinuingOperations": "None", "comprehensiveIncomeNetOfTax": "None", "ebit": "198616000", "ebitda": "245343000", "netIncome": "150476000"}, {"fiscalDateEnding": "2005-09-30", "reportedCurrency": "USD", "grossProfit": "710428000", "totalRevenue": "1011645000", "costOfRevenue": "301217000", "costofGoodsAndServicesSold": "301217000", "operatingIncome": "171519000", "sellingGeneralAndAdministrative": "None", "researchAndDevelopment": "None", "operatingExpenses": "538909000", "investmentIncomeNet": "None", "netInterestIncome": "None", "interestIncome": "None", "interestExpense": "None", "nonInterestIncome": "None", "otherNonOperatingIncome": "None", "depreciation": "None", "depreciationAndAmortization": "44283000", "incomeBeforeTax": "168090000", "incomeTaxExpense": "58751000", "interestAndDebtExpense": "None", "netIncomeFromContinuingOperations": "None", "comprehensiveIncomeNetOfTax": "None", "ebit": "171519000", "ebitda": "215802000", "netIncome": "112939000"}, {"fiscalDateEnding": "2005-06-30", "reportedCurrency": "USD", "grossProfit": "718469000", "totalRevenue": "996426000", "costOfRevenue": "277957000", "costofGoodsAndServicesSold": "277957000", "operatingIncome": "187245000", "sellingGeneralAndAdministrative": "None", "researchAndDevelopment": "None", "operatingExpenses": "531224000", "investmentIncomeNet": "None", "netInterestIncome": "None", "interestIncome": "None", "interestExpense": "None", "nonInterestIncome": "None", "otherNonOperatingIncome": "None", "depreciation": "None", "depreciationAndAmortization": "45146000", "incomeBeforeTax": "185965000", "incomeTaxExpense": "71968000", "interestAndDebtExpense": "None", "netIncomeFromContinuingOperations": "None", "comprehensiveIncomeNetOfTax": "None", "ebit": "187245000", "ebitda": "232391000", "netIncome": "113997000"}, {"fiscalDateEnding": "2005-03-31", "reportedCurrency": "USD", "grossProfit": "574523000", "totalRevenue": "973114000", "costOfRevenue": "398591000", "costofGoodsAndServicesSold": "398591000", "operatingIncome": "188016000", "sellingGeneralAndAdministrative": "None", "researchAndDevelopment": "None", "operatingExpenses": "386507000", "investmentIncomeNet": "None", "netInterestIncome": "None", "interestIncome": "None", "interestExpense": "None", "nonInterestIncome": "None", "otherNonOperatingIncome": "None", "depreciation": "None", "depreciationAndAmortization": "43023000", "incomeBeforeTax": "227806000", "incomeTaxExpense": "88161000", "interestAndDebtExpense": "None", "netIncomeFromContinuingOperations": "None", "comprehensiveIncomeNetOfTax": "None", "ebit": "188016000", "ebitda": "231039000", "netIncome": "139026000"}, {"fiscalDateEnding": "2004-12-31", "reportedCurrency": "USD", "grossProfit": "888152000", "totalRevenue": "888152000", "costOfRevenue": "None", "costofGoodsAndServicesSold": "None", "operatingIncome": "181703000", "sellingGeneralAndAdministrative": "None", "researchAndDevelopment": "None", "operatingExpenses": "-478463000", "investmentIncomeNet": "None", "netInterestIncome": "None", "interestIncome": "None", "interestExpense": "None", "nonInterestIncome": "None", "otherNonOperatingIncome": "None", "depreciation": "None", "depreciationAndAmortization": "45042000", "incomeBeforeTax": "177122000", "incomeTaxExpense": "62413000", "interestAndDebtExpense": "None", "netIncomeFromContinuingOperations": "None", "comprehensiveIncomeNetOfTax": "None", "ebit": "181703000", "ebitda": "226745000", "netIncome": "97453000"}]}