{"symbol": "MHK", "annualReports": [{"fiscalDateEnding": "2024-12-31", "reportedCurrency": "USD", "grossProfit": "2687700000", "totalRevenue": "10836900000", "costOfRevenue": "8149200000", "costofGoodsAndServicesSold": "8149200000", "operatingIncome": "694700000", "sellingGeneralAndAdministrative": "1984800000", "researchAndDevelopment": "None", "operatingExpenses": "1993000000", "investmentIncomeNet": "None", "netInterestIncome": "-48500000", "interestIncome": "None", "interestExpense": "48500000", "nonInterestIncome": "None", "otherNonOperatingIncome": "None", "depreciation": "None", "depreciationAndAmortization": "200000", "incomeBeforeTax": "646000000", "incomeTaxExpense": "128199999", "interestAndDebtExpense": "None", "netIncomeFromContinuingOperations": "517800000", "comprehensiveIncomeNetOfTax": "None", "ebit": "694500000", "ebitda": "694700000", "netIncome": "517700000"}, {"fiscalDateEnding": "2023-12-31", "reportedCurrency": "USD", "grossProfit": "2709652000", "totalRevenue": "11135115000", "costOfRevenue": "8425463000", "costofGoodsAndServicesSold": "8425463000", "operatingIncome": "-287808000", "sellingGeneralAndAdministrative": "2139518000", "researchAndDevelopment": "None", "operatingExpenses": "2119716000", "investmentIncomeNet": "None", "netInterestIncome": "-74739000", "interestIncome": "None", "interestExpense": "77514000", "nonInterestIncome": "None", "otherNonOperatingIncome": "None", "depreciation": "None", "depreciationAndAmortization": "630327000", "incomeBeforeTax": "-354509000", "incomeTaxExpense": "84862000", "interestAndDebtExpense": "None", "netIncomeFromContinuingOperations": "-545247000", "comprehensiveIncomeNetOfTax": "None", "ebit": "-287808000", "ebitda": "-287808000", "netIncome": "-439516000"}, {"fiscalDateEnding": "2022-12-31", "reportedCurrency": "USD", "grossProfit": "2943426000", "totalRevenue": "11737065000", "costOfRevenue": "8793639000", "costofGoodsAndServicesSold": "8793639000", "operatingIncome": "931602000", "sellingGeneralAndAdministrative": "1876540000", "researchAndDevelopment": "None", "operatingExpenses": "2003438000", "investmentIncomeNet": "None", "netInterestIncome": "-51938000", "interestIncome": "51938000", "interestExpense": "51938000", "nonInterestIncome": "None", "otherNonOperatingIncome": "-8386000", "depreciation": "None", "depreciationAndAmortization": "647861000", "incomeBeforeTax": "183893000", "incomeTaxExpense": "158110000", "interestAndDebtExpense": "None", "netIncomeFromContinuingOperations": "25783000", "comprehensiveIncomeNetOfTax": "None", "ebit": "235831000", "ebitda": "883692000", "netIncome": "25247000"}, {"fiscalDateEnding": "2021-12-31", "reportedCurrency": "USD", "grossProfit": "3268734000", "totalRevenue": "11200613000", "costOfRevenue": "7931879000", "costofGoodsAndServicesSold": "7931879000", "operatingIncome": "755534000", "sellingGeneralAndAdministrative": "1794185000", "researchAndDevelopment": "None", "operatingExpenses": "1933723000", "investmentIncomeNet": "None", "netInterestIncome": "-57252000", "interestIncome": "57252000", "interestExpense": "57252000", "nonInterestIncome": "None", "otherNonOperatingIncome": "12234000", "depreciation": "None", "depreciationAndAmortization": "649779000", "incomeBeforeTax": "1289993000", "incomeTaxExpense": "256445000", "interestAndDebtExpense": "None", "netIncomeFromContinuingOperations": "1033548000", "comprehensiveIncomeNetOfTax": "None", "ebit": "1347245000", "ebitda": "1997024000", "netIncome": "1033159000"}, {"fiscalDateEnding": "2020-12-31", "reportedCurrency": "USD", "grossProfit": "2430690000", "totalRevenue": "9552197000", "costOfRevenue": "7121507000", "costofGoodsAndServicesSold": "7121507000", "operatingIncome": "29246000", "sellingGeneralAndAdministrative": "1688714000", "researchAndDevelopment": "None", "operatingExpenses": "1794688000", "investmentIncomeNet": "None", "netInterestIncome": "-52379000", "interestIncome": "52379000", "interestExpense": "52379000", "nonInterestIncome": "None", "otherNonOperatingIncome": "751000", "depreciation": "None", "depreciationAndAmortization": "789606000", "incomeBeforeTax": "584374000", "incomeTaxExpense": "68647000", "interestAndDebtExpense": "None", "netIncomeFromContinuingOperations": "515727000", "comprehensiveIncomeNetOfTax": "None", "ebit": "636753000", "ebitda": "1426359000", "netIncome": "515595000"}, {"fiscalDateEnding": "2019-12-31", "reportedCurrency": "USD", "grossProfit": "2676043000", "totalRevenue": "9970672000", "costOfRevenue": "7294629000", "costofGoodsAndServicesSold": "7294629000", "operatingIncome": "214365000", "sellingGeneralAndAdministrative": "1718612000", "researchAndDevelopment": "None", "operatingExpenses": "1848819000", "investmentIncomeNet": "None", "netInterestIncome": "-41272000", "interestIncome": "34082000", "interestExpense": "41272000", "nonInterestIncome": "None", "otherNonOperatingIncome": "-36407000", "depreciation": "None", "depreciationAndAmortization": "618271000", "incomeBeforeTax": "749545000", "incomeTaxExpense": "4974000", "interestAndDebtExpense": "None", "netIncomeFromContinuingOperations": "744571000", "comprehensiveIncomeNetOfTax": "None", "ebit": "790817000", "ebitda": "1409088000", "netIncome": "744211000"}, {"fiscalDateEnding": "2018-12-31", "reportedCurrency": "USD", "grossProfit": "2838070000", "totalRevenue": "9983634000", "costOfRevenue": "7145564000", "costofGoodsAndServicesSold": "7145564000", "operatingIncome": "1095326000", "sellingGeneralAndAdministrative": "1625890000", "researchAndDevelopment": "0", "operatingExpenses": "1742744000", "investmentIncomeNet": "None", "netInterestIncome": "-38827000", "interestIncome": "48440000", "interestExpense": "38827000", "nonInterestIncome": "None", "otherNonOperatingIncome": "-7298000", "depreciation": "None", "depreciationAndAmortization": "577353000", "incomeBeforeTax": "1049201000", "incomeTaxExpense": "184346000", "interestAndDebtExpense": "None", "netIncomeFromContinuingOperations": "864855000", "comprehensiveIncomeNetOfTax": "None", "ebit": "1088028000", "ebitda": "1665381000", "netIncome": "861704000"}, {"fiscalDateEnding": "2017-12-31", "reportedCurrency": "USD", "grossProfit": "2996414000", "totalRevenue": "9491290000", "costOfRevenue": "6494876000", "costofGoodsAndServicesSold": "6494876000", "operatingIncome": "1354173000", "sellingGeneralAndAdministrative": "1522681000", "researchAndDevelopment": "0", "operatingExpenses": "1642241000", "investmentIncomeNet": "None", "netInterestIncome": "-31111000", "interestIncome": "39506000", "interestExpense": "31111000", "nonInterestIncome": "None", "otherNonOperatingIncome": "-5205000", "depreciation": "None", "depreciationAndAmortization": "446672000", "incomeBeforeTax": "1317857000", "incomeTaxExpense": "343165000", "interestAndDebtExpense": "None", "netIncomeFromContinuingOperations": "974692000", "comprehensiveIncomeNetOfTax": "None", "ebit": "1416413000", "ebitda": "1863085000", "netIncome": "971638000"}, {"fiscalDateEnding": "2016-12-31", "reportedCurrency": "USD", "grossProfit": "2812825000", "totalRevenue": "8959087000", "costOfRevenue": "6146262000", "costofGoodsAndServicesSold": "6146262000", "operatingIncome": "1279943000", "sellingGeneralAndAdministrative": "1410734000", "researchAndDevelopment": "0", "operatingExpenses": "1532882000", "investmentIncomeNet": "None", "netInterestIncome": "-40547000", "interestIncome": "41646000", "interestExpense": "40547000", "nonInterestIncome": "None", "otherNonOperatingIncome": "1729000", "depreciation": "None", "depreciationAndAmortization": "409467000", "incomeBeforeTax": "1241125000", "incomeTaxExpense": "307559000", "interestAndDebtExpense": "None", "netIncomeFromContinuingOperations": "933566000", "comprehensiveIncomeNetOfTax": "None", "ebit": "1288471000", "ebitda": "1697938000", "netIncome": "930362000"}, {"fiscalDateEnding": "2015-12-31", "reportedCurrency": "USD", "grossProfit": "2410686000", "totalRevenue": "8071563000", "costOfRevenue": "5660877000", "costofGoodsAndServicesSold": "5660877000", "operatingIncome": "837566000", "sellingGeneralAndAdministrative": "1473108000", "researchAndDevelopment": "0", "operatingExpenses": "1573120000", "investmentIncomeNet": "None", "netInterestIncome": "None", "interestIncome": "80381000", "interestExpense": "71086000", "nonInterestIncome": "None", "otherNonOperatingIncome": "-17619000", "depreciation": "None", "depreciationAndAmortization": "362647000", "incomeBeforeTax": "748861000", "incomeTaxExpense": "131875000", "interestAndDebtExpense": "None", "netIncomeFromContinuingOperations": "616986000", "comprehensiveIncomeNetOfTax": "None", "ebit": "1047950000", "ebitda": "1410597000", "netIncome": "615302000"}, {"fiscalDateEnding": "2014-12-31", "reportedCurrency": "USD", "grossProfit": "2154192000", "totalRevenue": "7803446000", "costOfRevenue": "5649254000", "costofGoodsAndServicesSold": "5649254000", "operatingIncome": "772796000", "sellingGeneralAndAdministrative": "1288346000", "researchAndDevelopment": "0", "operatingExpenses": "1381396000", "investmentIncomeNet": "None", "netInterestIncome": "None", "interestIncome": "None", "interestExpense": "98207000", "nonInterestIncome": "None", "otherNonOperatingIncome": "-10698000", "depreciation": "None", "depreciationAndAmortization": "345570000", "incomeBeforeTax": "663891000", "incomeTaxExpense": "131637000", "interestAndDebtExpense": "None", "netIncomeFromContinuingOperations": "532254000", "comprehensiveIncomeNetOfTax": "None", "ebit": "762098000", "ebitda": "1107668000", "netIncome": "531965000"}, {"fiscalDateEnding": "2013-12-31", "reportedCurrency": "USD", "grossProfit": "1920809000", "totalRevenue": "7348754000", "costOfRevenue": "5427945000", "costofGoodsAndServicesSold": "5427945000", "operatingIncome": "546931000", "sellingGeneralAndAdministrative": "1331251000", "researchAndDevelopment": "0", "operatingExpenses": "1373878000", "investmentIncomeNet": "None", "netInterestIncome": "None", "interestIncome": "None", "interestExpense": "92246000", "nonInterestIncome": "None", "otherNonOperatingIncome": "-9114000", "depreciation": "None", "depreciationAndAmortization": "308871000", "incomeBeforeTax": "445571000", "incomeTaxExpense": "78385000", "interestAndDebtExpense": "None", "netIncomeFromContinuingOperations": "367186000", "comprehensiveIncomeNetOfTax": "None", "ebit": "658870000", "ebitda": "967741000", "netIncome": "348786000"}, {"fiscalDateEnding": "2012-12-31", "reportedCurrency": "USD", "grossProfit": "1490058000", "totalRevenue": "5787980000", "costOfRevenue": "4297922000", "costofGoodsAndServicesSold": "4297922000", "operatingIncome": "379508000", "sellingGeneralAndAdministrative": "1081375000", "researchAndDevelopment": "0", "operatingExpenses": "1110550000", "investmentIncomeNet": "None", "netInterestIncome": "None", "interestIncome": "None", "interestExpense": "74713000", "nonInterestIncome": "None", "otherNonOperatingIncome": "-303000", "depreciation": "None", "depreciationAndAmortization": "280293000", "incomeBeforeTax": "304492000", "incomeTaxExpense": "53599000", "interestAndDebtExpense": "None", "netIncomeFromContinuingOperations": "250893000", "comprehensiveIncomeNetOfTax": "None", "ebit": "379205000", "ebitda": "659498000", "netIncome": "250258000"}, {"fiscalDateEnding": "2011-12-31", "reportedCurrency": "USD", "grossProfit": "1416879000", "totalRevenue": "5642258000", "costOfRevenue": "4225379000", "costofGoodsAndServicesSold": "4225379000", "operatingIncome": "315542000", "sellingGeneralAndAdministrative": "1101337000", "researchAndDevelopment": "0", "operatingExpenses": "1101337000", "investmentIncomeNet": "None", "netInterestIncome": "None", "interestIncome": "None", "interestExpense": "101617000", "nonInterestIncome": "None", "otherNonOperatingIncome": "-14051000", "depreciation": "None", "depreciationAndAmortization": "297734000", "incomeBeforeTax": "199874000", "incomeTaxExpense": "21649000", "interestAndDebtExpense": "None", "netIncomeFromContinuingOperations": "178225000", "comprehensiveIncomeNetOfTax": "None", "ebit": "315542000", "ebitda": "613276000", "netIncome": "173922000"}, {"fiscalDateEnding": "2010-12-31", "reportedCurrency": "USD", "grossProfit": "1402600000", "totalRevenue": "5319072000", "costOfRevenue": "3916472000", "costofGoodsAndServicesSold": "3916472000", "operatingIncome": "314169000", "sellingGeneralAndAdministrative": "1088431000", "researchAndDevelopment": "0", "operatingExpenses": "1088431000", "investmentIncomeNet": "None", "netInterestIncome": "None", "interestIncome": "None", "interestExpense": "133151000", "nonInterestIncome": "None", "otherNonOperatingIncome": "11630000", "depreciation": "None", "depreciationAndAmortization": "296773000", "incomeBeforeTax": "188184000", "incomeTaxExpense": "2713000", "interestAndDebtExpense": "None", "netIncomeFromContinuingOperations": "189935000", "comprehensiveIncomeNetOfTax": "None", "ebit": "314169000", "ebitda": "610942000", "netIncome": "185471000"}, {"fiscalDateEnding": "2009-12-31", "reportedCurrency": "USD", "grossProfit": "1232230000", "totalRevenue": "5344024000", "costOfRevenue": "4111794000", "costofGoodsAndServicesSold": "4111794000", "operatingIncome": "43730000", "sellingGeneralAndAdministrative": "1188500000", "researchAndDevelopment": "None", "operatingExpenses": "1188500000", "investmentIncomeNet": "None", "netInterestIncome": "None", "interestIncome": "None", "interestExpense": "127031000", "nonInterestIncome": "None", "otherNonOperatingIncome": "None", "depreciation": "None", "depreciationAndAmortization": "303004000", "incomeBeforeTax": "-82193000", "incomeTaxExpense": "-76694000", "interestAndDebtExpense": "None", "netIncomeFromContinuingOperations": "None", "comprehensiveIncomeNetOfTax": "None", "ebit": "43730000", "ebitda": "346734000", "netIncome": "-5499000"}, {"fiscalDateEnding": "2008-12-31", "reportedCurrency": "USD", "grossProfit": "1737764000", "totalRevenue": "6826348000", "costOfRevenue": "5088584000", "costofGoodsAndServicesSold": "5088584000", "operatingIncome": "-1124134000", "sellingGeneralAndAdministrative": "1318501000", "researchAndDevelopment": "None", "operatingExpenses": "4405295000", "investmentIncomeNet": "None", "netInterestIncome": "None", "interestIncome": "None", "interestExpense": "127050000", "nonInterestIncome": "None", "otherNonOperatingIncome": "None", "depreciation": "None", "depreciationAndAmortization": "295054000", "incomeBeforeTax": "-1278166000", "incomeTaxExpense": "180062000", "interestAndDebtExpense": "None", "netIncomeFromContinuingOperations": "None", "comprehensiveIncomeNetOfTax": "None", "ebit": "-1151116000", "ebitda": "-856062000", "netIncome": "-1458228000"}, {"fiscalDateEnding": "2007-12-31", "reportedCurrency": "USD", "grossProfit": "2114784000", "totalRevenue": "7586018000", "costOfRevenue": "5471234000", "costofGoodsAndServicesSold": "5471234000", "operatingIncome": "750106000", "sellingGeneralAndAdministrative": "1364678000", "researchAndDevelopment": "None", "operatingExpenses": "1364678000", "investmentIncomeNet": "None", "netInterestIncome": "None", "interestIncome": "None", "interestExpense": "145989000", "nonInterestIncome": "None", "otherNonOperatingIncome": "None", "depreciation": "None", "depreciationAndAmortization": "306437000", "incomeBeforeTax": "604117000", "incomeTaxExpense": "-102697000", "interestAndDebtExpense": "None", "netIncomeFromContinuingOperations": "None", "comprehensiveIncomeNetOfTax": "None", "ebit": "741626000", "ebitda": "1048063000", "netIncome": "706814000"}, {"fiscalDateEnding": "2006-12-31", "reportedCurrency": "USD", "grossProfit": "2231311000", "totalRevenue": "7905842000", "costOfRevenue": "5674531000", "costofGoodsAndServicesSold": "5674531000", "operatingIncome": "839060000", "sellingGeneralAndAdministrative": "1392251000", "researchAndDevelopment": "None", "operatingExpenses": "1392251000", "investmentIncomeNet": "None", "netInterestIncome": "None", "interestIncome": "None", "interestExpense": "162749000", "nonInterestIncome": "None", "otherNonOperatingIncome": "None", "depreciation": "None", "depreciationAndAmortization": "274952000", "incomeBeforeTax": "676311000", "incomeTaxExpense": "220478000", "interestAndDebtExpense": "None", "netIncomeFromContinuingOperations": "None", "comprehensiveIncomeNetOfTax": "None", "ebit": "828112000", "ebitda": "1103064000", "netIncome": "455833000"}, {"fiscalDateEnding": "2005-12-31", "reportedCurrency": "USD", "grossProfit": "1723134000", "totalRevenue": "6620099000", "costOfRevenue": "4896965000", "costofGoodsAndServicesSold": "4896965000", "operatingIncome": "627272000", "sellingGeneralAndAdministrative": "1095862000", "researchAndDevelopment": "None", "operatingExpenses": "1095862000", "investmentIncomeNet": "None", "netInterestIncome": "None", "interestIncome": "None", "interestExpense": "70251000", "nonInterestIncome": "None", "otherNonOperatingIncome": "None", "depreciation": "None", "depreciationAndAmortization": "149329000", "incomeBeforeTax": "557021000", "incomeTaxExpense": "198826000", "interestAndDebtExpense": "None", "netIncomeFromContinuingOperations": "None", "comprehensiveIncomeNetOfTax": "None", "ebit": "477943000", "ebitda": "627272000", "netIncome": "358195000"}], "quarterlyReports": [{"fiscalDateEnding": "2024-12-31", "reportedCurrency": "USD", "grossProfit": "621800000", "totalRevenue": "2637200000", "costOfRevenue": "2015400000", "costofGoodsAndServicesSold": "2015400000", "operatingIncome": "121800000", "sellingGeneralAndAdministrative": "491800000", "researchAndDevelopment": "None", "operatingExpenses": "500000000", "investmentIncomeNet": "None", "netInterestIncome": "-9900000", "interestIncome": "None", "interestExpense": "9900000", "nonInterestIncome": "None", "otherNonOperatingIncome": "None", "depreciation": "None", "depreciationAndAmortization": "400000", "incomeBeforeTax": "111500000", "incomeTaxExpense": "18300000", "interestAndDebtExpense": "None", "netIncomeFromContinuingOperations": "93200000", "comprehensiveIncomeNetOfTax": "None", "ebit": "121400000", "ebitda": "121800000", "netIncome": "93200000"}, {"fiscalDateEnding": "2024-09-30", "reportedCurrency": "USD", "grossProfit": "692600000", "totalRevenue": "2719000000", "costOfRevenue": "2026400000", "costofGoodsAndServicesSold": "2026400000", "operatingIncome": "212300000", "sellingGeneralAndAdministrative": "480300000", "researchAndDevelopment": "None", "operatingExpenses": "480300000", "investmentIncomeNet": "None", "netInterestIncome": "-11200000", "interestIncome": "None", "interestExpense": "11200000", "nonInterestIncome": "None", "otherNonOperatingIncome": "None", "depreciation": "None", "depreciationAndAmortization": "156200000", "incomeBeforeTax": "201800000", "incomeTaxExpense": "39800000", "interestAndDebtExpense": "None", "netIncomeFromContinuingOperations": "162000000", "comprehensiveIncomeNetOfTax": "None", "ebit": "213000000", "ebitda": "369200000", "netIncome": "162000000"}, {"fiscalDateEnding": "2024-06-30", "reportedCurrency": "USD", "grossProfit": "759000000", "totalRevenue": "2801300000", "costOfRevenue": "2042300000", "costofGoodsAndServicesSold": "2042300000", "operatingIncome": "255400000", "sellingGeneralAndAdministrative": "509800000", "researchAndDevelopment": "None", "operatingExpenses": "503600000", "investmentIncomeNet": "None", "netInterestIncome": "-12600000", "interestIncome": "None", "interestExpense": "12600000", "nonInterestIncome": "None", "otherNonOperatingIncome": "None", "depreciation": "None", "depreciationAndAmortization": "171500000", "incomeBeforeTax": "199800000", "incomeTaxExpense": "42300000", "interestAndDebtExpense": "None", "netIncomeFromContinuingOperations": "157500000", "comprehensiveIncomeNetOfTax": "None", "ebit": "255400000", "ebitda": "426900000", "netIncome": "157400000"}, {"fiscalDateEnding": "2024-03-31", "reportedCurrency": "USD", "grossProfit": "656600000", "totalRevenue": "2679400000", "costOfRevenue": "2022800000", "costofGoodsAndServicesSold": "2022800000", "operatingIncome": "156100000", "sellingGeneralAndAdministrative": "502900000", "researchAndDevelopment": "None", "operatingExpenses": "500500000", "investmentIncomeNet": "None", "netInterestIncome": "-14900000", "interestIncome": "None", "interestExpense": "14900000", "nonInterestIncome": "None", "otherNonOperatingIncome": "None", "depreciation": "None", "depreciationAndAmortization": "154200000", "incomeBeforeTax": "132800000", "incomeTaxExpense": "27800000", "interestAndDebtExpense": "None", "netIncomeFromContinuingOperations": "105000000", "comprehensiveIncomeNetOfTax": "None", "ebit": "154500000", "ebitda": "308700000", "netIncome": "105000000"}, {"fiscalDateEnding": "2023-12-31", "reportedCurrency": "USD", "grossProfit": "645123000", "totalRevenue": "2612278000", "costOfRevenue": "1967155000", "costofGoodsAndServicesSold": "1967155000", "operatingIncome": "163056000", "sellingGeneralAndAdministrative": "346892000", "researchAndDevelopment": "None", "operatingExpenses": "482067000", "investmentIncomeNet": "None", "netInterestIncome": "-17376000", "interestIncome": "None", "interestExpense": "17376000", "nonInterestIncome": "None", "otherNonOperatingIncome": "None", "depreciation": "None", "depreciationAndAmortization": "154215000", "incomeBeforeTax": "153633000", "incomeTaxExpense": "14205000", "interestAndDebtExpense": "None", "netIncomeFromContinuingOperations": "139428000", "comprehensiveIncomeNetOfTax": "None", "ebit": "271779000", "ebitda": "425994000", "netIncome": "139488000"}, {"fiscalDateEnding": "2023-09-30", "reportedCurrency": "USD", "grossProfit": "692007000", "totalRevenue": "2766186000", "costOfRevenue": "2074179000", "costofGoodsAndServicesSold": "2074179000", "operatingIncome": "-733742000", "sellingGeneralAndAdministrative": "545221000", "researchAndDevelopment": "None", "operatingExpenses": "549641000", "investmentIncomeNet": "None", "netInterestIncome": "-20144000", "interestIncome": "20002000", "interestExpense": "20144000", "nonInterestIncome": "None", "otherNonOperatingIncome": "None", "depreciation": "None", "depreciationAndAmortization": "149570000", "incomeBeforeTax": "-745335000", "incomeTaxExpense": "14954000", "interestAndDebtExpense": "None", "netIncomeFromContinuingOperations": "-760289000", "comprehensiveIncomeNetOfTax": "None", "ebit": "-725191000", "ebitda": "-575621000", "netIncome": "-760459000"}, {"fiscalDateEnding": "2023-06-30", "reportedCurrency": "USD", "grossProfit": "731909000", "totalRevenue": "2950428000", "costOfRevenue": "2218519000", "costofGoodsAndServicesSold": "2218519000", "operatingIncome": "153046000", "sellingGeneralAndAdministrative": "578863000", "researchAndDevelopment": "None", "operatingExpenses": "578863000", "investmentIncomeNet": "None", "netInterestIncome": "-22857000", "interestIncome": "22857000", "interestExpense": "22857000", "nonInterestIncome": "None", "otherNonOperatingIncome": "-2215000", "depreciation": "None", "depreciationAndAmortization": "171013000", "incomeBeforeTax": "127974000", "incomeTaxExpense": "26760000", "interestAndDebtExpense": "None", "netIncomeFromContinuingOperations": "101214000", "comprehensiveIncomeNetOfTax": "None", "ebit": "150831000", "ebitda": "321844000", "netIncome": "101200000"}, {"fiscalDateEnding": "2023-03-31", "reportedCurrency": "USD", "grossProfit": "643442000", "totalRevenue": "2806223000", "costOfRevenue": "2162781000", "costofGoodsAndServicesSold": "2162781000", "operatingIncome": "-43553000", "sellingGeneralAndAdministrative": "517652000", "researchAndDevelopment": "None", "operatingExpenses": "517652000", "investmentIncomeNet": "None", "netInterestIncome": "-17137000", "interestIncome": "22091000", "interestExpense": "17137000", "nonInterestIncome": "None", "otherNonOperatingIncome": "566000", "depreciation": "None", "depreciationAndAmortization": "183008000", "incomeBeforeTax": "109219000", "incomeTaxExpense": "28943000", "interestAndDebtExpense": "None", "netIncomeFromContinuingOperations": "80276000", "comprehensiveIncomeNetOfTax": "None", "ebit": "126356000", "ebitda": "309364000", "netIncome": "80200000"}, {"fiscalDateEnding": "2022-12-31", "reportedCurrency": "USD", "grossProfit": "554440000", "totalRevenue": "2650675000", "costOfRevenue": "2096235000", "costofGoodsAndServicesSold": "2096235000", "operatingIncome": "61078000", "sellingGeneralAndAdministrative": "366464000", "researchAndDevelopment": "None", "operatingExpenses": "493362000", "investmentIncomeNet": "None", "netInterestIncome": "-14601000", "interestIncome": "14601000", "interestExpense": "14601000", "nonInterestIncome": "None", "otherNonOperatingIncome": "-10008000", "depreciation": "None", "depreciationAndAmortization": "176140000", "incomeBeforeTax": "36469000", "incomeTaxExpense": "2917000", "interestAndDebtExpense": "None", "netIncomeFromContinuingOperations": "33552000", "comprehensiveIncomeNetOfTax": "None", "ebit": "51070000", "ebitda": "227210000", "netIncome": "33456000"}, {"fiscalDateEnding": "2022-09-30", "reportedCurrency": "USD", "grossProfit": "713661000", "totalRevenue": "2917539000", "costOfRevenue": "2203878000", "costofGoodsAndServicesSold": "2203878000", "operatingIncome": "37959000", "sellingGeneralAndAdministrative": "523479000", "researchAndDevelopment": "None", "operatingExpenses": "523479000", "investmentIncomeNet": "None", "netInterestIncome": "-13797000", "interestIncome": "13797000", "interestExpense": "13797000", "nonInterestIncome": "None", "otherNonOperatingIncome": "1242000", "depreciation": "None", "depreciationAndAmortization": "166983000", "incomeBeforeTax": "-518144000", "incomeTaxExpense": "15569000", "interestAndDebtExpense": "None", "netIncomeFromContinuingOperations": "-533713000", "comprehensiveIncomeNetOfTax": "None", "ebit": "-504346999", "ebitda": "-337363999", "netIncome": "-533713000"}, {"fiscalDateEnding": "2022-06-30", "reportedCurrency": "USD", "grossProfit": "873197000", "totalRevenue": "3153188000", "costOfRevenue": "2279991000", "costofGoodsAndServicesSold": "2279991000", "operatingIncome": "367927000", "sellingGeneralAndAdministrative": "505270000", "researchAndDevelopment": "None", "operatingExpenses": "505270000", "investmentIncomeNet": "None", "netInterestIncome": "-12059000", "interestIncome": "11767000", "interestExpense": "12059000", "nonInterestIncome": "None", "otherNonOperatingIncome": "2818000", "depreciation": "None", "depreciationAndAmortization": "154105000", "incomeBeforeTax": "358686000", "incomeTaxExpense": "78176000", "interestAndDebtExpense": "None", "netIncomeFromContinuingOperations": "280510000", "comprehensiveIncomeNetOfTax": "None", "ebit": "370745000", "ebitda": "524850000", "netIncome": "280431000"}, {"fiscalDateEnding": "2022-03-31", "reportedCurrency": "USD", "grossProfit": "802128000", "totalRevenue": "3015663000", "costOfRevenue": "2213535000", "costofGoodsAndServicesSold": "2213535000", "operatingIncome": "176948000", "sellingGeneralAndAdministrative": "481327000", "researchAndDevelopment": "None", "operatingExpenses": "481327000", "investmentIncomeNet": "None", "netInterestIncome": "-11481000", "interestIncome": "12217000", "interestExpense": "11481000", "nonInterestIncome": "None", "otherNonOperatingIncome": "-2438000", "depreciation": "None", "depreciationAndAmortization": "153755000", "incomeBeforeTax": "306882000", "incomeTaxExpense": "61448000", "interestAndDebtExpense": "None", "netIncomeFromContinuingOperations": "245434000", "comprehensiveIncomeNetOfTax": "None", "ebit": "318363000", "ebitda": "472118000", "netIncome": "245329000"}, {"fiscalDateEnding": "2021-12-31", "reportedCurrency": "USD", "grossProfit": "737443000", "totalRevenue": "2760737000", "costOfRevenue": "2023294000", "costofGoodsAndServicesSold": "2023294000", "operatingIncome": "253098000", "sellingGeneralAndAdministrative": "344807000", "researchAndDevelopment": "None", "operatingExpenses": "484345000", "investmentIncomeNet": "None", "netInterestIncome": "-12169000", "interestIncome": "12169000", "interestExpense": "12169000", "nonInterestIncome": "None", "otherNonOperatingIncome": "-1140000", "depreciation": "None", "depreciationAndAmortization": "161051000", "incomeBeforeTax": "239789000", "incomeTaxExpense": "50689000", "interestAndDebtExpense": "None", "netIncomeFromContinuingOperations": "189100000", "comprehensiveIncomeNetOfTax": "None", "ebit": "251958000", "ebitda": "413009000", "netIncome": "189089000"}, {"fiscalDateEnding": "2021-09-30", "reportedCurrency": "USD", "grossProfit": "837315000", "totalRevenue": "2817017000", "costOfRevenue": "1979702000", "costofGoodsAndServicesSold": "1979702000", "operatingIncome": "359974000", "sellingGeneralAndAdministrative": "477341000", "researchAndDevelopment": "None", "operatingExpenses": "477341000", "investmentIncomeNet": "None", "netInterestIncome": "-14948000", "interestIncome": "14948000", "interestExpense": "14948000", "nonInterestIncome": "None", "otherNonOperatingIncome": "-21000", "depreciation": "None", "depreciationAndAmortization": "162464000", "incomeBeforeTax": "345005000", "incomeTaxExpense": "73821000", "interestAndDebtExpense": "None", "netIncomeFromContinuingOperations": "271184000", "comprehensiveIncomeNetOfTax": "None", "ebit": "359953000", "ebitda": "522417000", "netIncome": "270978000"}, {"fiscalDateEnding": "2021-06-30", "reportedCurrency": "USD", "grossProfit": "902207000", "totalRevenue": "2953833000", "costOfRevenue": "2051626000", "costofGoodsAndServicesSold": "2051626000", "operatingIncome": "404424000", "sellingGeneralAndAdministrative": "497783000", "researchAndDevelopment": "None", "operatingExpenses": "497783000", "investmentIncomeNet": "None", "netInterestIncome": "-14894000", "interestIncome": "16059000", "interestExpense": "14894000", "nonInterestIncome": "None", "otherNonOperatingIncome": "11168000", "depreciation": "None", "depreciationAndAmortization": "163080000", "incomeBeforeTax": "400698000", "incomeTaxExpense": "64245000", "interestAndDebtExpense": "None", "netIncomeFromContinuingOperations": "336453000", "comprehensiveIncomeNetOfTax": "None", "ebit": "415592000", "ebitda": "578672000", "netIncome": "336285000"}, {"fiscalDateEnding": "2021-03-31", "reportedCurrency": "USD", "grossProfit": "791769000", "totalRevenue": "2669026000", "costOfRevenue": "1877257000", "costofGoodsAndServicesSold": "1877257000", "operatingIncome": "317515000", "sellingGeneralAndAdministrative": "474254000", "researchAndDevelopment": "None", "operatingExpenses": "474254000", "investmentIncomeNet": "None", "netInterestIncome": "-15241000", "interestIncome": "13511000", "interestExpense": "15241000", "nonInterestIncome": "None", "otherNonOperatingIncome": "2227000", "depreciation": "None", "depreciationAndAmortization": "166797000", "incomeBeforeTax": "304501000", "incomeTaxExpense": "67690000", "interestAndDebtExpense": "None", "netIncomeFromContinuingOperations": "236811000", "comprehensiveIncomeNetOfTax": "None", "ebit": "319717714", "ebitda": "486514714", "netIncome": "236807000"}, {"fiscalDateEnding": "2020-12-31", "reportedCurrency": "USD", "grossProfit": "738084000", "totalRevenue": "2641764000", "costOfRevenue": "1903680000", "costofGoodsAndServicesSold": "1903680000", "operatingIncome": "282733000", "sellingGeneralAndAdministrative": "349377000", "researchAndDevelopment": "None", "operatingExpenses": "455351000", "investmentIncomeNet": "None", "netInterestIncome": "-15897000", "interestIncome": "15897000", "interestExpense": "15897000", "nonInterestIncome": "None", "otherNonOperatingIncome": "6741000", "depreciation": "None", "depreciationAndAmortization": "156555000", "incomeBeforeTax": "273578000", "incomeTaxExpense": "25180000", "interestAndDebtExpense": "None", "netIncomeFromContinuingOperations": "248397000", "comprehensiveIncomeNetOfTax": "None", "ebit": "308852000", "ebitda": "465407000", "netIncome": "248222000"}, {"fiscalDateEnding": "2020-09-30", "reportedCurrency": "USD", "grossProfit": "706199000", "totalRevenue": "2574870000", "costOfRevenue": "1868671000", "costofGoodsAndServicesSold": "1868671000", "operatingIncome": "262744000", "sellingGeneralAndAdministrative": "443455000", "researchAndDevelopment": "None", "operatingExpenses": "443455000", "investmentIncomeNet": "None", "netInterestIncome": "-14854000", "interestIncome": "17999000", "interestExpense": "14854000", "nonInterestIncome": "None", "otherNonOperatingIncome": "726000", "depreciation": "None", "depreciationAndAmortization": "151342000", "incomeBeforeTax": "248616000", "incomeTaxExpense": "43163000", "interestAndDebtExpense": "None", "netIncomeFromContinuingOperations": "205453000", "comprehensiveIncomeNetOfTax": "None", "ebit": "289218000", "ebitda": "440560000", "netIncome": "205117000"}, {"fiscalDateEnding": "2020-06-30", "reportedCurrency": "USD", "grossProfit": "369967000", "totalRevenue": "2049800000", "costOfRevenue": "1679833000", "costofGoodsAndServicesSold": "1679833000", "operatingIncome": "-60958000", "sellingGeneralAndAdministrative": "417389000", "researchAndDevelopment": "None", "operatingExpenses": "430925000", "investmentIncomeNet": "None", "netInterestIncome": "-12956000", "interestIncome": "10587000", "interestExpense": "12956000", "nonInterestIncome": "None", "otherNonOperatingIncome": "-1037000", "depreciation": "None", "depreciationAndAmortization": "154094000", "incomeBeforeTax": "-74951000", "incomeTaxExpense": "-26363000", "interestAndDebtExpense": "None", "netIncomeFromContinuingOperations": "-48588000", "comprehensiveIncomeNetOfTax": "None", "ebit": "-61995000", "ebitda": "92099000", "netIncome": "-48257000"}, {"fiscalDateEnding": "2020-03-31", "reportedCurrency": "USD", "grossProfit": "616440000", "totalRevenue": "2285763000", "costOfRevenue": "1669323000", "costofGoodsAndServicesSold": "1669323000", "operatingIncome": "151483000", "sellingGeneralAndAdministrative": "463912000", "researchAndDevelopment": "None", "operatingExpenses": "464957000", "investmentIncomeNet": "None", "netInterestIncome": "-8671000", "interestIncome": "16279000", "interestExpense": "8671000", "nonInterestIncome": "None", "otherNonOperatingIncome": "-5679000", "depreciation": "None", "depreciationAndAmortization": "145516000", "incomeBeforeTax": "137133000", "incomeTaxExpense": "26668000", "interestAndDebtExpense": "None", "netIncomeFromContinuingOperations": "110465000", "comprehensiveIncomeNetOfTax": "None", "ebit": "164161000", "ebitda": "309677000", "netIncome": "110514000"}, {"fiscalDateEnding": "2019-12-31", "reportedCurrency": "USD", "grossProfit": "622807000", "totalRevenue": "2424512000", "costOfRevenue": "1801705000", "costofGoodsAndServicesSold": "1801705000", "operatingIncome": "154814000", "sellingGeneralAndAdministrative": "337786000", "researchAndDevelopment": "None", "operatingExpenses": "467993000", "investmentIncomeNet": "None", "netInterestIncome": "-10962000", "interestIncome": "3975000", "interestExpense": "10962000", "nonInterestIncome": "None", "otherNonOperatingIncome": "9522000", "depreciation": "None", "depreciationAndAmortization": "153759000", "incomeBeforeTax": "153374000", "incomeTaxExpense": "-111299000", "interestAndDebtExpense": "None", "netIncomeFromContinuingOperations": "264673000", "comprehensiveIncomeNetOfTax": "None", "ebit": "164336000", "ebitda": "318095000", "netIncome": "264667000"}, {"fiscalDateEnding": "2019-09-30", "reportedCurrency": "USD", "grossProfit": "691691000", "totalRevenue": "2519185000", "costOfRevenue": "1827494000", "costofGoodsAndServicesSold": "1827494000", "operatingIncome": "240220000", "sellingGeneralAndAdministrative": "448914000", "researchAndDevelopment": "None", "operatingExpenses": "451471000", "investmentIncomeNet": "None", "netInterestIncome": "-9316000", "interestIncome": "8135000", "interestExpense": "9316000", "nonInterestIncome": "None", "otherNonOperatingIncome": "-52713000", "depreciation": "None", "depreciationAndAmortization": "144920000", "incomeBeforeTax": "178191000", "incomeTaxExpense": "22522000", "interestAndDebtExpense": "None", "netIncomeFromContinuingOperations": "155669000", "comprehensiveIncomeNetOfTax": "None", "ebit": "187507000", "ebitda": "332427000", "netIncome": "155518000"}, {"fiscalDateEnding": "2019-06-30", "reportedCurrency": "USD", "grossProfit": "736618000", "totalRevenue": "2584485000", "costOfRevenue": "1847867000", "costofGoodsAndServicesSold": "1847867000", "operatingIncome": "266860000", "sellingGeneralAndAdministrative": "466240000", "researchAndDevelopment": "None", "operatingExpenses": "469758000", "investmentIncomeNet": "None", "netInterestIncome": "-10521000", "interestIncome": "12609000", "interestExpense": "10521000", "nonInterestIncome": "None", "otherNonOperatingIncome": "3048000", "depreciation": "None", "depreciationAndAmortization": "140482000", "incomeBeforeTax": "259387000", "incomeTaxExpense": "56733000", "interestAndDebtExpense": "None", "netIncomeFromContinuingOperations": "202654000", "comprehensiveIncomeNetOfTax": "None", "ebit": "269908000", "ebitda": "410390000", "netIncome": "202441000"}, {"fiscalDateEnding": "2019-03-31", "reportedCurrency": "USD", "grossProfit": "624927000", "totalRevenue": "2442490000", "costOfRevenue": "1817563000", "costofGoodsAndServicesSold": "1817563000", "operatingIncome": "165330000", "sellingGeneralAndAdministrative": "456033000", "researchAndDevelopment": "None", "operatingExpenses": "459597000", "investmentIncomeNet": "None", "netInterestIncome": "-10473000", "interestIncome": "None", "interestExpense": "10473000", "nonInterestIncome": "None", "otherNonOperatingIncome": "3736000", "depreciation": "None", "depreciationAndAmortization": "137291000", "incomeBeforeTax": "158593000", "incomeTaxExpense": "37018000", "interestAndDebtExpense": "None", "netIncomeFromContinuingOperations": "121575000", "comprehensiveIncomeNetOfTax": "None", "ebit": "169066000", "ebitda": "306357000", "netIncome": "121585000"}, {"fiscalDateEnding": "2018-12-31", "reportedCurrency": "USD", "grossProfit": "646390000", "totalRevenue": "2448618000", "costOfRevenue": "1802228000", "costofGoodsAndServicesSold": "1802228000", "operatingIncome": "213376000", "sellingGeneralAndAdministrative": "316160000", "researchAndDevelopment": "0", "operatingExpenses": "433014000", "investmentIncomeNet": "None", "netInterestIncome": "None", "interestIncome": "None", "interestExpense": "14411000", "nonInterestIncome": "None", "otherNonOperatingIncome": "-504000", "depreciation": "None", "depreciationAndAmortization": "139092000", "incomeBeforeTax": "198461000", "incomeTaxExpense": "-31582000", "interestAndDebtExpense": "None", "netIncomeFromContinuingOperations": "230043000", "comprehensiveIncomeNetOfTax": "None", "ebit": "249390000", "ebitda": "388482000", "netIncome": "229339000"}, {"fiscalDateEnding": "2018-09-30", "reportedCurrency": "USD", "grossProfit": "720433000", "totalRevenue": "2545800000", "costOfRevenue": "1825367000", "costofGoodsAndServicesSold": "1825367000", "operatingIncome": "287244000", "sellingGeneralAndAdministrative": "423500000", "researchAndDevelopment": "0", "operatingExpenses": "433189000", "investmentIncomeNet": "None", "netInterestIncome": "None", "interestIncome": "None", "interestExpense": "9025000", "nonInterestIncome": "None", "otherNonOperatingIncome": "-706000", "depreciation": "None", "depreciationAndAmortization": "132971000", "incomeBeforeTax": "277513000", "incomeTaxExpense": "49487000", "interestAndDebtExpense": "None", "netIncomeFromContinuingOperations": "228026000", "comprehensiveIncomeNetOfTax": "None", "ebit": "307134000", "ebitda": "440105000", "netIncome": "227013000"}, {"fiscalDateEnding": "2018-06-30", "reportedCurrency": "USD", "grossProfit": "766555000", "totalRevenue": "2577014000", "costOfRevenue": "1810459000", "costofGoodsAndServicesSold": "1810459000", "operatingIncome": "326307000", "sellingGeneralAndAdministrative": "440248000", "researchAndDevelopment": "0", "operatingExpenses": "440248000", "investmentIncomeNet": "None", "netInterestIncome": "None", "interestIncome": "None", "interestExpense": "7863000", "nonInterestIncome": "None", "otherNonOperatingIncome": "-2090000", "depreciation": "None", "depreciationAndAmortization": "127048000", "incomeBeforeTax": "316354000", "incomeTaxExpense": "118809000", "interestAndDebtExpense": "None", "netIncomeFromContinuingOperations": "197545000", "comprehensiveIncomeNetOfTax": "None", "ebit": "342349000", "ebitda": "469397000", "netIncome": "196586000"}, {"fiscalDateEnding": "2018-03-31", "reportedCurrency": "USD", "grossProfit": "704692000", "totalRevenue": "2412202000", "costOfRevenue": "1707510000", "costofGoodsAndServicesSold": "1707510000", "operatingIncome": "268399000", "sellingGeneralAndAdministrative": "436293000", "researchAndDevelopment": "0", "operatingExpenses": "436293000", "investmentIncomeNet": "None", "netInterestIncome": "None", "interestIncome": "None", "interestExpense": "7528000", "nonInterestIncome": "None", "otherNonOperatingIncome": "-3998000", "depreciation": "None", "depreciationAndAmortization": "122654000", "incomeBeforeTax": "256873000", "incomeTaxExpense": "47632000", "interestAndDebtExpense": "None", "netIncomeFromContinuingOperations": "209241000", "comprehensiveIncomeNetOfTax": "None", "ebit": "290503000", "ebitda": "413157000", "netIncome": "208766000"}, {"fiscalDateEnding": "2017-12-31", "reportedCurrency": "USD", "grossProfit": "753624000", "totalRevenue": "2369097000", "costOfRevenue": "1615473000", "costofGoodsAndServicesSold": "1615473000", "operatingIncome": "343466000", "sellingGeneralAndAdministrative": "290598000", "researchAndDevelopment": "0", "operatingExpenses": "410158000", "investmentIncomeNet": "None", "netInterestIncome": "None", "interestIncome": "None", "interestExpense": "7257000", "nonInterestIncome": "None", "otherNonOperatingIncome": "-3750000", "depreciation": "None", "depreciationAndAmortization": "118372000", "incomeBeforeTax": "332459000", "incomeTaxExpense": "91593000", "interestAndDebtExpense": "None", "netIncomeFromContinuingOperations": "240866000", "comprehensiveIncomeNetOfTax": "None", "ebit": "371997000", "ebitda": "490369000", "netIncome": "240378000"}, {"fiscalDateEnding": "2017-09-30", "reportedCurrency": "USD", "grossProfit": "783301000", "totalRevenue": "2448510000", "costOfRevenue": "1665209000", "costofGoodsAndServicesSold": "1665209000", "operatingIncome": "380098000", "sellingGeneralAndAdministrative": "403203000", "researchAndDevelopment": "0", "operatingExpenses": "403203000", "investmentIncomeNet": "None", "netInterestIncome": "None", "interestIncome": "None", "interestExpense": "7259000", "nonInterestIncome": "None", "otherNonOperatingIncome": "-1285000", "depreciation": "None", "depreciationAndAmortization": "113515000", "incomeBeforeTax": "371554000", "incomeTaxExpense": "100532000", "interestAndDebtExpense": "None", "netIncomeFromContinuingOperations": "271022000", "comprehensiveIncomeNetOfTax": "None", "ebit": "393951000", "ebitda": "507466000", "netIncome": "270025000"}, {"fiscalDateEnding": "2017-06-30", "reportedCurrency": "USD", "grossProfit": "779136000", "totalRevenue": "2453038000", "costOfRevenue": "1673902000", "costofGoodsAndServicesSold": "1673902000", "operatingIncome": "355825000", "sellingGeneralAndAdministrative": "420500000", "researchAndDevelopment": "0", "operatingExpenses": "423311000", "investmentIncomeNet": "None", "netInterestIncome": "None", "interestIncome": "None", "interestExpense": "8393000", "nonInterestIncome": "None", "otherNonOperatingIncome": "-3002000", "depreciation": "None", "depreciationAndAmortization": "109761000", "incomeBeforeTax": "344430000", "incomeTaxExpense": "82682000", "interestAndDebtExpense": "None", "netIncomeFromContinuingOperations": "261748000", "comprehensiveIncomeNetOfTax": "None", "ebit": "371703000", "ebitda": "481464000", "netIncome": "260681000"}, {"fiscalDateEnding": "2017-03-31", "reportedCurrency": "USD", "grossProfit": "680353000", "totalRevenue": "2220645000", "costOfRevenue": "1540292000", "costofGoodsAndServicesSold": "1540292000", "operatingIncome": "274784000", "sellingGeneralAndAdministrative": "404400000", "researchAndDevelopment": "0", "operatingExpenses": "405569000", "investmentIncomeNet": "None", "netInterestIncome": "None", "interestIncome": "None", "interestExpense": "8202000", "nonInterestIncome": "None", "otherNonOperatingIncome": "2832000", "depreciation": "None", "depreciationAndAmortization": "105024000", "incomeBeforeTax": "269414000", "incomeTaxExpense": "68358000", "interestAndDebtExpense": "None", "netIncomeFromContinuingOperations": "201056000", "comprehensiveIncomeNetOfTax": "None", "ebit": "278762000", "ebitda": "383786000", "netIncome": "200554000"}, {"fiscalDateEnding": "2016-12-31", "reportedCurrency": "USD", "grossProfit": "690999000", "totalRevenue": "2182566000", "costOfRevenue": "1491567000", "costofGoodsAndServicesSold": "1491567000", "operatingIncome": "305272000", "sellingGeneralAndAdministrative": "263579000", "researchAndDevelopment": "0", "operatingExpenses": "385727000", "investmentIncomeNet": "None", "netInterestIncome": "None", "interestIncome": "None", "interestExpense": "8485000", "nonInterestIncome": "None", "otherNonOperatingIncome": "3190000", "depreciation": "None", "depreciationAndAmortization": "104379000", "incomeBeforeTax": "299977000", "incomeTaxExpense": "65469000", "interestAndDebtExpense": "None", "netIncomeFromContinuingOperations": "234508000", "comprehensiveIncomeNetOfTax": "None", "ebit": "321486000", "ebitda": "425865000", "netIncome": "233748000"}, {"fiscalDateEnding": "2016-09-30", "reportedCurrency": "USD", "grossProfit": "726559000", "totalRevenue": "2294139000", "costOfRevenue": "1567580000", "costofGoodsAndServicesSold": "1567580000", "operatingIncome": "378307000", "sellingGeneralAndAdministrative": "344400000", "researchAndDevelopment": "0", "operatingExpenses": "348252000", "investmentIncomeNet": "None", "netInterestIncome": "None", "interestIncome": "None", "interestExpense": "9410000", "nonInterestIncome": "None", "otherNonOperatingIncome": "-3839000", "depreciation": "None", "depreciationAndAmortization": "103680000", "incomeBeforeTax": "365058000", "incomeTaxExpense": "94231000", "interestAndDebtExpense": "None", "netIncomeFromContinuingOperations": "270827000", "comprehensiveIncomeNetOfTax": "None", "ebit": "357559000", "ebitda": "461239000", "netIncome": "269878000"}, {"fiscalDateEnding": "2016-06-30", "reportedCurrency": "USD", "grossProfit": "755588000", "totalRevenue": "2310336000", "costOfRevenue": "1554748000", "costofGoodsAndServicesSold": "1554748000", "operatingIncome": "350692000", "sellingGeneralAndAdministrative": "401700000", "researchAndDevelopment": "0", "operatingExpenses": "404896000", "investmentIncomeNet": "None", "netInterestIncome": "None", "interestIncome": "None", "interestExpense": "10351000", "nonInterestIncome": "None", "otherNonOperatingIncome": "5807000", "depreciation": "None", "depreciationAndAmortization": "101214000", "incomeBeforeTax": "346148000", "incomeTaxExpense": "90034000", "interestAndDebtExpense": "None", "netIncomeFromContinuingOperations": "256114000", "comprehensiveIncomeNetOfTax": "None", "ebit": "356712000", "ebitda": "457926000", "netIncome": "255188000"}, {"fiscalDateEnding": "2016-03-31", "reportedCurrency": "USD", "grossProfit": "639679000", "totalRevenue": "2172046000", "costOfRevenue": "1532367000", "costofGoodsAndServicesSold": "1532367000", "operatingIncome": "245672000", "sellingGeneralAndAdministrative": "392800000", "researchAndDevelopment": "0", "operatingExpenses": "394007000", "investmentIncomeNet": "None", "netInterestIncome": "None", "interestIncome": "None", "interestExpense": "12301000", "nonInterestIncome": "None", "otherNonOperatingIncome": "-3429000", "depreciation": "None", "depreciationAndAmortization": "100194000", "incomeBeforeTax": "229942000", "incomeTaxExpense": "57825000", "interestAndDebtExpense": "None", "netIncomeFromContinuingOperations": "172117000", "comprehensiveIncomeNetOfTax": "None", "ebit": "252714000", "ebitda": "352908000", "netIncome": "171548000"}, {"fiscalDateEnding": "2015-12-31", "reportedCurrency": "USD", "grossProfit": "622210000", "totalRevenue": "1997997000", "costOfRevenue": "1375787000", "costofGoodsAndServicesSold": "1375787000", "operatingIncome": "249242000", "sellingGeneralAndAdministrative": "272956000", "researchAndDevelopment": "0", "operatingExpenses": "372968000", "investmentIncomeNet": "None", "netInterestIncome": "None", "interestIncome": "None", "interestExpense": "18480000", "nonInterestIncome": "None", "otherNonOperatingIncome": "-11525000", "depreciation": "None", "depreciationAndAmortization": "94025000", "incomeBeforeTax": "219237000", "incomeTaxExpense": "27232000", "interestAndDebtExpense": "None", "netIncomeFromContinuingOperations": "180197000", "comprehensiveIncomeNetOfTax": "None", "ebit": "290842000", "ebitda": "384867000", "netIncome": "191559000"}, {"fiscalDateEnding": "2015-09-30", "reportedCurrency": "USD", "grossProfit": "661404000", "totalRevenue": "2150656000", "costOfRevenue": "1489252000", "costofGoodsAndServicesSold": "1489252000", "operatingIncome": "288734000", "sellingGeneralAndAdministrative": "367200000", "researchAndDevelopment": "0", "operatingExpenses": "372670000", "investmentIncomeNet": "None", "netInterestIncome": "None", "interestIncome": "None", "interestExpense": "19319000", "nonInterestIncome": "None", "otherNonOperatingIncome": "-4249000", "depreciation": "None", "depreciationAndAmortization": "94955000", "incomeBeforeTax": "265166000", "incomeTaxExpense": "49463000", "interestAndDebtExpense": "None", "netIncomeFromContinuingOperations": "215703000", "comprehensiveIncomeNetOfTax": "None", "ebit": "284485000", "ebitda": "379440000", "netIncome": "214905000"}, {"fiscalDateEnding": "2015-06-30", "reportedCurrency": "USD", "grossProfit": "615129000", "totalRevenue": "2041733000", "costOfRevenue": "1426604000", "costofGoodsAndServicesSold": "1426604000", "operatingIncome": "255816000", "sellingGeneralAndAdministrative": "353200000", "researchAndDevelopment": "0", "operatingExpenses": "359313000", "investmentIncomeNet": "None", "netInterestIncome": "None", "interestIncome": "None", "interestExpense": "16838000", "nonInterestIncome": "None", "otherNonOperatingIncome": "-2928000", "depreciation": "None", "depreciationAndAmortization": "88011000", "incomeBeforeTax": "236050000", "incomeTaxExpense": "49276000", "interestAndDebtExpense": "None", "netIncomeFromContinuingOperations": "186774000", "comprehensiveIncomeNetOfTax": "None", "ebit": "252888000", "ebitda": "340899000", "netIncome": "186492000"}, {"fiscalDateEnding": "2015-03-31", "reportedCurrency": "USD", "grossProfit": "511943000", "totalRevenue": "1881177000", "costOfRevenue": "1369234000", "costofGoodsAndServicesSold": "1369234000", "operatingIncome": "43774000", "sellingGeneralAndAdministrative": "465600000", "researchAndDevelopment": "0", "operatingExpenses": "468169000", "investmentIncomeNet": "None", "netInterestIncome": "None", "interestIncome": "None", "interestExpense": "16449000", "nonInterestIncome": "None", "otherNonOperatingIncome": "1083000", "depreciation": "None", "depreciationAndAmortization": "85656000", "incomeBeforeTax": "28408000", "incomeTaxExpense": "5904000", "interestAndDebtExpense": "None", "netIncomeFromContinuingOperations": "34312000", "comprehensiveIncomeNetOfTax": "None", "ebit": "44857000", "ebitda": "130513000", "netIncome": "22346000"}, {"fiscalDateEnding": "2014-12-31", "reportedCurrency": "USD", "grossProfit": "541603000", "totalRevenue": "1951446000", "costOfRevenue": "1409843000", "costofGoodsAndServicesSold": "1409843000", "operatingIncome": "206120000", "sellingGeneralAndAdministrative": "289996000", "researchAndDevelopment": "0", "operatingExpenses": "335483000", "investmentIncomeNet": "None", "netInterestIncome": "None", "interestIncome": "None", "interestExpense": "20623000", "nonInterestIncome": "None", "otherNonOperatingIncome": "-9737000", "depreciation": "None", "depreciationAndAmortization": "95665000", "incomeBeforeTax": "175760000", "incomeTaxExpense": "28680000", "interestAndDebtExpense": "None", "netIncomeFromContinuingOperations": "147080000", "comprehensiveIncomeNetOfTax": "None", "ebit": "196383000", "ebitda": "292048000", "netIncome": "146868000"}, {"fiscalDateEnding": "2014-09-30", "reportedCurrency": "USD", "grossProfit": "556422000", "totalRevenue": "1990658000", "costOfRevenue": "1434236000", "costofGoodsAndServicesSold": "1434236000", "operatingIncome": "213693000", "sellingGeneralAndAdministrative": "325500000", "researchAndDevelopment": "0", "operatingExpenses": "342729000", "investmentIncomeNet": "None", "netInterestIncome": "None", "interestIncome": "None", "interestExpense": "34786000", "nonInterestIncome": "None", "otherNonOperatingIncome": "2374000", "depreciation": "None", "depreciationAndAmortization": "85167000", "incomeBeforeTax": "181281000", "incomeTaxExpense": "30021000", "interestAndDebtExpense": "None", "netIncomeFromContinuingOperations": "151260000", "comprehensiveIncomeNetOfTax": "None", "ebit": "227706000", "ebitda": "312873000", "netIncome": "151266000"}, {"fiscalDateEnding": "2014-06-30", "reportedCurrency": "USD", "grossProfit": "574812000", "totalRevenue": "2048247000", "costOfRevenue": "1473435000", "costofGoodsAndServicesSold": "1473435000", "operatingIncome": "222248000", "sellingGeneralAndAdministrative": "348200000", "researchAndDevelopment": "0", "operatingExpenses": "352564000", "investmentIncomeNet": "None", "netInterestIncome": "None", "interestIncome": "None", "interestExpense": "20702000", "nonInterestIncome": "None", "otherNonOperatingIncome": "1555000", "depreciation": "None", "depreciationAndAmortization": "83754000", "incomeBeforeTax": "203101000", "incomeTaxExpense": "50240000", "interestAndDebtExpense": "None", "netIncomeFromContinuingOperations": "152861000", "comprehensiveIncomeNetOfTax": "None", "ebit": "233417000", "ebitda": "317171000", "netIncome": "152750000"}, {"fiscalDateEnding": "2014-03-31", "reportedCurrency": "USD", "grossProfit": "481355000", "totalRevenue": "1813095000", "costOfRevenue": "1331740000", "costofGoodsAndServicesSold": "1331740000", "operatingIncome": "130735000", "sellingGeneralAndAdministrative": "344500000", "researchAndDevelopment": "0", "operatingExpenses": "350620000", "investmentIncomeNet": "None", "netInterestIncome": "None", "interestIncome": "None", "interestExpense": "22096000", "nonInterestIncome": "None", "otherNonOperatingIncome": "-4890000", "depreciation": "None", "depreciationAndAmortization": "80984000", "incomeBeforeTax": "103749000", "incomeTaxExpense": "22696000", "interestAndDebtExpense": "None", "netIncomeFromContinuingOperations": "81053000", "comprehensiveIncomeNetOfTax": "None", "ebit": "142460000", "ebitda": "223444000", "netIncome": "81081000"}, {"fiscalDateEnding": "2013-12-31", "reportedCurrency": "USD", "grossProfit": "512797000", "totalRevenue": "1924104000", "costOfRevenue": "1411307000", "costofGoodsAndServicesSold": "1411307000", "operatingIncome": "150988000", "sellingGeneralAndAdministrative": "361809000", "researchAndDevelopment": "0", "operatingExpenses": "361809000", "investmentIncomeNet": "None", "netInterestIncome": "None", "interestIncome": "None", "interestExpense": "22148000", "nonInterestIncome": "None", "otherNonOperatingIncome": "-2656000", "depreciation": "None", "depreciationAndAmortization": "86329000", "incomeBeforeTax": "126184000", "incomeTaxExpense": "15420000", "interestAndDebtExpense": "None", "netIncomeFromContinuingOperations": "110764000", "comprehensiveIncomeNetOfTax": "None", "ebit": "156298000", "ebitda": "242627000", "netIncome": "94651000"}, {"fiscalDateEnding": "2013-09-30", "reportedCurrency": "USD", "grossProfit": "516890000", "totalRevenue": "1961536000", "costOfRevenue": "1444646000", "costofGoodsAndServicesSold": "1444646000", "operatingIncome": "175903000", "sellingGeneralAndAdministrative": "331300000", "researchAndDevelopment": "0", "operatingExpenses": "340987000", "investmentIncomeNet": "None", "netInterestIncome": "None", "interestIncome": "None", "interestExpense": "25630000", "nonInterestIncome": "None", "otherNonOperatingIncome": "-1168000", "depreciation": "None", "depreciationAndAmortization": "81550000", "incomeBeforeTax": "149105000", "incomeTaxExpense": "28993000", "interestAndDebtExpense": "None", "netIncomeFromContinuingOperations": "120112000", "comprehensiveIncomeNetOfTax": "None", "ebit": "212611000", "ebitda": "294161000", "netIncome": "119068000"}, {"fiscalDateEnding": "2013-06-30", "reportedCurrency": "USD", "grossProfit": "514056000", "totalRevenue": "1976299000", "costOfRevenue": "1462243000", "costofGoodsAndServicesSold": "1462243000", "operatingIncome": "133198000", "sellingGeneralAndAdministrative": "353900000", "researchAndDevelopment": "0", "operatingExpenses": "380858000", "investmentIncomeNet": "None", "netInterestIncome": "None", "interestIncome": "None", "interestExpense": "25312000", "nonInterestIncome": "None", "otherNonOperatingIncome": "1097000", "depreciation": "None", "depreciationAndAmortization": "80643000", "incomeBeforeTax": "108983000", "incomeTaxExpense": "23240000", "interestAndDebtExpense": "None", "netIncomeFromContinuingOperations": "85743000", "comprehensiveIncomeNetOfTax": "None", "ebit": "134295000", "ebitda": "214938000", "netIncome": "84572000"}, {"fiscalDateEnding": "2013-03-31", "reportedCurrency": "USD", "grossProfit": "377066000", "totalRevenue": "1486815000", "costOfRevenue": "1109749000", "costofGoodsAndServicesSold": "1109749000", "operatingIncome": "86842000", "sellingGeneralAndAdministrative": "283800000", "researchAndDevelopment": "0", "operatingExpenses": "290224000", "investmentIncomeNet": "None", "netInterestIncome": "None", "interestIncome": "None", "interestExpense": "19156000", "nonInterestIncome": "None", "otherNonOperatingIncome": "-6387000", "depreciation": "None", "depreciationAndAmortization": "60349000", "incomeBeforeTax": "61299000", "incomeTaxExpense": "10732000", "interestAndDebtExpense": "None", "netIncomeFromContinuingOperations": "50567000", "comprehensiveIncomeNetOfTax": "None", "ebit": "80455000", "ebitda": "140804000", "netIncome": "50495000"}, {"fiscalDateEnding": "2012-12-31", "reportedCurrency": "USD", "grossProfit": "369330000", "totalRevenue": "1435659000", "costOfRevenue": "1066329000", "costofGoodsAndServicesSold": "1066329000", "operatingIncome": "95860000", "sellingGeneralAndAdministrative": "244295000", "researchAndDevelopment": "0", "operatingExpenses": "273470000", "investmentIncomeNet": "None", "netInterestIncome": "None", "interestIncome": "None", "interestExpense": "15402000", "nonInterestIncome": "None", "otherNonOperatingIncome": "-1366000", "depreciation": "None", "depreciationAndAmortization": "63878000", "incomeBeforeTax": "79092000", "incomeTaxExpense": "12703000", "interestAndDebtExpense": "None", "netIncomeFromContinuingOperations": "66389000", "comprehensiveIncomeNetOfTax": "None", "ebit": "94494000", "ebitda": "158372000", "netIncome": "66389000"}, {"fiscalDateEnding": "2012-09-30", "reportedCurrency": "USD", "grossProfit": "372837000", "totalRevenue": "1473493000", "costOfRevenue": "1100656000", "costofGoodsAndServicesSold": "1100656000", "operatingIncome": "103954000", "sellingGeneralAndAdministrative": "267600000", "researchAndDevelopment": "0", "operatingExpenses": "268883000", "investmentIncomeNet": "None", "netInterestIncome": "None", "interestIncome": "None", "interestExpense": "17969000", "nonInterestIncome": "None", "otherNonOperatingIncome": "-322000", "depreciation": "None", "depreciationAndAmortization": "71298000", "incomeBeforeTax": "85663000", "incomeTaxExpense": "15359000", "interestAndDebtExpense": "None", "netIncomeFromContinuingOperations": "70304000", "comprehensiveIncomeNetOfTax": "None", "ebit": "103632000", "ebitda": "174930000", "netIncome": "70304000"}, {"fiscalDateEnding": "2012-06-30", "reportedCurrency": "USD", "grossProfit": "388464000", "totalRevenue": "1469793000", "costOfRevenue": "1081329000", "costofGoodsAndServicesSold": "1081329000", "operatingIncome": "107718000", "sellingGeneralAndAdministrative": "280746000", "researchAndDevelopment": "0", "operatingExpenses": "280746000", "investmentIncomeNet": "None", "netInterestIncome": "None", "interestIncome": "None", "interestExpense": "18844000", "nonInterestIncome": "None", "otherNonOperatingIncome": "-440000", "depreciation": "None", "depreciationAndAmortization": "71831000", "incomeBeforeTax": "88434000", "incomeTaxExpense": "15246000", "interestAndDebtExpense": "None", "netIncomeFromContinuingOperations": "73188000", "comprehensiveIncomeNetOfTax": "None", "ebit": "107278000", "ebitda": "179109000", "netIncome": "73188000"}, {"fiscalDateEnding": "2012-03-31", "reportedCurrency": "USD", "grossProfit": "359426000", "totalRevenue": "1409035000", "costOfRevenue": "1049609000", "costofGoodsAndServicesSold": "1049609000", "operatingIncome": "71976000", "sellingGeneralAndAdministrative": "287450000", "researchAndDevelopment": "0", "operatingExpenses": "287450000", "investmentIncomeNet": "None", "netInterestIncome": "None", "interestIncome": "None", "interestExpense": "22498000", "nonInterestIncome": "None", "otherNonOperatingIncome": "1825000", "depreciation": "None", "depreciationAndAmortization": "73286000", "incomeBeforeTax": "51303000", "incomeTaxExpense": "10291000", "interestAndDebtExpense": "None", "netIncomeFromContinuingOperations": "41012000", "comprehensiveIncomeNetOfTax": "None", "ebit": "73801000", "ebitda": "147087000", "netIncome": "40377000"}, {"fiscalDateEnding": "2011-12-31", "reportedCurrency": "USD", "grossProfit": "335417000", "totalRevenue": "1378297000", "costOfRevenue": "1042880000", "costofGoodsAndServicesSold": "1042880000", "operatingIncome": "66294000", "sellingGeneralAndAdministrative": "269123000", "researchAndDevelopment": "0", "operatingExpenses": "269123000", "investmentIncomeNet": "None", "netInterestIncome": "None", "interestIncome": "None", "interestExpense": "24130000", "nonInterestIncome": "None", "otherNonOperatingIncome": "-257000", "depreciation": "None", "depreciationAndAmortization": "74930000", "incomeBeforeTax": "41907000", "incomeTaxExpense": "-1990000", "interestAndDebtExpense": "None", "netIncomeFromContinuingOperations": "43897000", "comprehensiveIncomeNetOfTax": "None", "ebit": "66037000", "ebitda": "140967000", "netIncome": "42931000"}, {"fiscalDateEnding": "2011-09-30", "reportedCurrency": "USD", "grossProfit": "357623000", "totalRevenue": "1442512000", "costOfRevenue": "1084889000", "costofGoodsAndServicesSold": "1084889000", "operatingIncome": "91464000", "sellingGeneralAndAdministrative": "265200000", "researchAndDevelopment": "0", "operatingExpenses": "266159000", "investmentIncomeNet": "None", "netInterestIncome": "None", "interestIncome": "None", "interestExpense": "25132000", "nonInterestIncome": "None", "otherNonOperatingIncome": "-13413000", "depreciation": "None", "depreciationAndAmortization": "74207000", "incomeBeforeTax": "52919000", "incomeTaxExpense": "5223000", "interestAndDebtExpense": "None", "netIncomeFromContinuingOperations": "47696000", "comprehensiveIncomeNetOfTax": "None", "ebit": "78051000", "ebitda": "152258000", "netIncome": "46646000"}, {"fiscalDateEnding": "2011-06-30", "reportedCurrency": "USD", "grossProfit": "382247000", "totalRevenue": "1477854000", "costOfRevenue": "1095607000", "costofGoodsAndServicesSold": "1095607000", "operatingIncome": "101700000", "sellingGeneralAndAdministrative": "279600000", "researchAndDevelopment": "0", "operatingExpenses": "280547000", "investmentIncomeNet": "None", "netInterestIncome": "None", "interestIncome": "None", "interestExpense": "25760000", "nonInterestIncome": "None", "otherNonOperatingIncome": "-396000", "depreciation": "None", "depreciationAndAmortization": "74344000", "incomeBeforeTax": "75544000", "incomeTaxExpense": "13450000", "interestAndDebtExpense": "None", "netIncomeFromContinuingOperations": "62094000", "comprehensiveIncomeNetOfTax": "None", "ebit": "101304000", "ebitda": "175648000", "netIncome": "60903000"}, {"fiscalDateEnding": "2011-03-31", "reportedCurrency": "USD", "grossProfit": "341592000", "totalRevenue": "1343595000", "costOfRevenue": "1002003000", "costofGoodsAndServicesSold": "1002003000", "operatingIncome": "56084000", "sellingGeneralAndAdministrative": "285000000", "researchAndDevelopment": "0", "operatingExpenses": "285508000", "investmentIncomeNet": "None", "netInterestIncome": "None", "interestIncome": "None", "interestExpense": "26595000", "nonInterestIncome": "None", "otherNonOperatingIncome": "15000", "depreciation": "None", "depreciationAndAmortization": "74253000", "incomeBeforeTax": "29504000", "incomeTaxExpense": "4966000", "interestAndDebtExpense": "None", "netIncomeFromContinuingOperations": "24538000", "comprehensiveIncomeNetOfTax": "None", "ebit": "56099000", "ebitda": "130352000", "netIncome": "23442000"}, {"fiscalDateEnding": "2010-12-31", "reportedCurrency": "USD", "grossProfit": "341666000", "totalRevenue": "1262198000", "costOfRevenue": "920532000", "costofGoodsAndServicesSold": "920532000", "operatingIncome": "85640000", "sellingGeneralAndAdministrative": "256026000", "researchAndDevelopment": "0", "operatingExpenses": "256026000", "investmentIncomeNet": "None", "netInterestIncome": "None", "interestIncome": "None", "interestExpense": "30166000", "nonInterestIncome": "None", "otherNonOperatingIncome": "None", "depreciation": "None", "depreciationAndAmortization": "74522000", "incomeBeforeTax": "58476000", "incomeTaxExpense": "11040000", "interestAndDebtExpense": "None", "netIncomeFromContinuingOperations": "0", "comprehensiveIncomeNetOfTax": "None", "ebit": "88642000", "ebitda": "163164000", "netIncome": "45758000"}, {"fiscalDateEnding": "2010-09-30", "reportedCurrency": "USD", "grossProfit": "344932000", "totalRevenue": "1309552000", "costOfRevenue": "964620000", "costofGoodsAndServicesSold": "964620000", "operatingIncome": "85182000", "sellingGeneralAndAdministrative": "258700000", "researchAndDevelopment": "0", "operatingExpenses": "259750000", "investmentIncomeNet": "None", "netInterestIncome": "None", "interestIncome": "None", "interestExpense": "30046000", "nonInterestIncome": "None", "otherNonOperatingIncome": "4641000", "depreciation": "None", "depreciationAndAmortization": "72956000", "incomeBeforeTax": "58607000", "incomeTaxExpense": "7513000", "interestAndDebtExpense": "None", "netIncomeFromContinuingOperations": "52264000", "comprehensiveIncomeNetOfTax": "None", "ebit": "89823000", "ebitda": "162779000", "netIncome": "51094000"}, {"fiscalDateEnding": "2010-06-30", "reportedCurrency": "USD", "grossProfit": "374756000", "totalRevenue": "1400086000", "costOfRevenue": "1025330000", "costofGoodsAndServicesSold": "1025330000", "operatingIncome": "89726000", "sellingGeneralAndAdministrative": "285000000", "researchAndDevelopment": "0", "operatingExpenses": "285030000", "investmentIncomeNet": "None", "netInterestIncome": "None", "interestIncome": "None", "interestExpense": "39031000", "nonInterestIncome": "None", "otherNonOperatingIncome": "-544000", "depreciation": "None", "depreciationAndAmortization": "72497000", "incomeBeforeTax": "50151000", "incomeTaxExpense": "-18814000", "interestAndDebtExpense": "None", "netIncomeFromContinuingOperations": "68965000", "comprehensiveIncomeNetOfTax": "None", "ebit": "89182000", "ebitda": "161679000", "netIncome": "68081000"}, {"fiscalDateEnding": "2010-03-31", "reportedCurrency": "USD", "grossProfit": "341246000", "totalRevenue": "1347236000", "costOfRevenue": "1005990000", "costofGoodsAndServicesSold": "1005990000", "operatingIncome": "53621000", "sellingGeneralAndAdministrative": "287500000", "researchAndDevelopment": "0", "operatingExpenses": "287625000", "investmentIncomeNet": "None", "netInterestIncome": "None", "interestIncome": "None", "interestExpense": "33908000", "nonInterestIncome": "None", "otherNonOperatingIncome": "None", "depreciation": "None", "depreciationAndAmortization": "76798000", "incomeBeforeTax": "23512000", "incomeTaxExpense": "2974000", "interestAndDebtExpense": "None", "netIncomeFromContinuingOperations": "0", "comprehensiveIncomeNetOfTax": "None", "ebit": "58152000", "ebitda": "134950000", "netIncome": "20538000"}, {"fiscalDateEnding": "2009-12-31", "reportedCurrency": "USD", "grossProfit": "341694000", "totalRevenue": "1347108000", "costOfRevenue": "1005414000", "costofGoodsAndServicesSold": "1005414000", "operatingIncome": "46865000", "sellingGeneralAndAdministrative": "294829000", "researchAndDevelopment": "0", "operatingExpenses": "294829000", "investmentIncomeNet": "None", "netInterestIncome": "None", "interestIncome": "None", "interestExpense": "34527000", "nonInterestIncome": "None", "otherNonOperatingIncome": "None", "depreciation": "None", "depreciationAndAmortization": "81827000", "incomeBeforeTax": "12338000", "incomeTaxExpense": "-8950000", "interestAndDebtExpense": "None", "netIncomeFromContinuingOperations": "0", "comprehensiveIncomeNetOfTax": "None", "ebit": "46865000", "ebitda": "128692000", "netIncome": "19779000"}, {"fiscalDateEnding": "2009-09-30", "reportedCurrency": "USD", "grossProfit": "369459000", "totalRevenue": "1382565000", "costOfRevenue": "1013106000", "costofGoodsAndServicesSold": "1013106000", "operatingIncome": "68071000", "sellingGeneralAndAdministrative": "301400000", "researchAndDevelopment": "0", "operatingExpenses": "301388000", "investmentIncomeNet": "None", "netInterestIncome": "None", "interestIncome": "None", "interestExpense": "32318000", "nonInterestIncome": "None", "otherNonOperatingIncome": "None", "depreciation": "None", "depreciationAndAmortization": "76435000", "incomeBeforeTax": "36363000", "incomeTaxExpense": "2015000", "interestAndDebtExpense": "None", "netIncomeFromContinuingOperations": "0", "comprehensiveIncomeNetOfTax": "None", "ebit": "69728000", "ebitda": "146163000", "netIncome": "34348000"}, {"fiscalDateEnding": "2009-06-30", "reportedCurrency": "USD", "grossProfit": "367388000", "totalRevenue": "1406012000", "costOfRevenue": "1038624000", "costofGoodsAndServicesSold": "1038624000", "operatingIncome": "74678000", "sellingGeneralAndAdministrative": "292700000", "researchAndDevelopment": "0", "operatingExpenses": "292710000", "investmentIncomeNet": "None", "netInterestIncome": "None", "interestIncome": "None", "interestExpense": "30002000", "nonInterestIncome": "None", "otherNonOperatingIncome": "None", "depreciation": "None", "depreciationAndAmortization": "77062000", "incomeBeforeTax": "50244000", "incomeTaxExpense": "3037000", "interestAndDebtExpense": "None", "netIncomeFromContinuingOperations": "0", "comprehensiveIncomeNetOfTax": "None", "ebit": "80246000", "ebitda": "157308000", "netIncome": "46261000"}, {"fiscalDateEnding": "2009-03-31", "reportedCurrency": "USD", "grossProfit": "153689000", "totalRevenue": "1208339000", "costOfRevenue": "1054650000", "costofGoodsAndServicesSold": "1054650000", "operatingIncome": "-145884000", "sellingGeneralAndAdministrative": "299600000", "researchAndDevelopment": "0", "operatingExpenses": "299573000", "investmentIncomeNet": "None", "netInterestIncome": "None", "interestIncome": "None", "interestExpense": "30184000", "nonInterestIncome": "None", "otherNonOperatingIncome": "None", "depreciation": "None", "depreciationAndAmortization": "67680000", "incomeBeforeTax": "-177705000", "incomeTaxExpense": "-72796000", "interestAndDebtExpense": "None", "netIncomeFromContinuingOperations": "0", "comprehensiveIncomeNetOfTax": "None", "ebit": "-147521000", "ebitda": "-79841000", "netIncome": "-105887000"}, {"fiscalDateEnding": "2008-12-31", "reportedCurrency": "USD", "grossProfit": "355962000", "totalRevenue": "1485172000", "costOfRevenue": "1129210000", "costofGoodsAndServicesSold": "1129210000", "operatingIncome": "-93415000", "sellingGeneralAndAdministrative": "324892000", "researchAndDevelopment": "0", "operatingExpenses": "-1094020000", "investmentIncomeNet": "None", "netInterestIncome": "None", "interestIncome": "None", "interestExpense": "1591750000", "nonInterestIncome": "None", "otherNonOperatingIncome": "None", "depreciation": "None", "depreciationAndAmortization": "69034000", "incomeBeforeTax": "-141768000", "incomeTaxExpense": "-14153000", "interestAndDebtExpense": "None", "netIncomeFromContinuingOperations": "0", "comprehensiveIncomeNetOfTax": "None", "ebit": "-120397000", "ebitda": "-51363000", "netIncome": "-127615000"}, {"fiscalDateEnding": "2008-09-30", "reportedCurrency": "USD", "grossProfit": "439071000", "totalRevenue": "1763034000", "costOfRevenue": "1323963000", "costofGoodsAndServicesSold": "1323963000", "operatingIncome": "-1301100000", "sellingGeneralAndAdministrative": "321300000", "researchAndDevelopment": "0", "operatingExpenses": "1740171000", "investmentIncomeNet": "None", "netInterestIncome": "None", "interestIncome": "None", "interestExpense": "34741000", "nonInterestIncome": "None", "otherNonOperatingIncome": "None", "depreciation": "None", "depreciationAndAmortization": "77712000", "incomeBeforeTax": "-1335841000", "incomeTaxExpense": "148940000", "interestAndDebtExpense": "None", "netIncomeFromContinuingOperations": "0", "comprehensiveIncomeNetOfTax": "None", "ebit": "-1303777000", "ebitda": "-1226065000", "netIncome": "-1484781000"}, {"fiscalDateEnding": "2008-06-30", "reportedCurrency": "USD", "grossProfit": "482892000", "totalRevenue": "1840045000", "costOfRevenue": "1357153000", "costofGoodsAndServicesSold": "1357153000", "operatingIncome": "146063000", "sellingGeneralAndAdministrative": "336800000", "researchAndDevelopment": "0", "operatingExpenses": "336829000", "investmentIncomeNet": "None", "netInterestIncome": "None", "interestIncome": "None", "interestExpense": "36042000", "nonInterestIncome": "None", "otherNonOperatingIncome": "None", "depreciation": "None", "depreciationAndAmortization": "75052000", "incomeBeforeTax": "111671000", "incomeTaxExpense": "22893000", "interestAndDebtExpense": "None", "netIncomeFromContinuingOperations": "0", "comprehensiveIncomeNetOfTax": "None", "ebit": "146051000", "ebitda": "221103000", "netIncome": "88778000"}, {"fiscalDateEnding": "2008-03-31", "reportedCurrency": "USD", "grossProfit": "459839000", "totalRevenue": "1738097000", "costOfRevenue": "1278258000", "costofGoodsAndServicesSold": "1278258000", "operatingIncome": "124318000", "sellingGeneralAndAdministrative": "335500000", "researchAndDevelopment": "0", "operatingExpenses": "335521000", "investmentIncomeNet": "None", "netInterestIncome": "None", "interestIncome": "None", "interestExpense": "39325000", "nonInterestIncome": "None", "otherNonOperatingIncome": "None", "depreciation": "None", "depreciationAndAmortization": "73256000", "incomeBeforeTax": "87772000", "incomeTaxExpense": "22382000", "interestAndDebtExpense": "None", "netIncomeFromContinuingOperations": "0", "comprehensiveIncomeNetOfTax": "None", "ebit": "122878000", "ebitda": "196134000", "netIncome": "65390000"}, {"fiscalDateEnding": "2007-12-31", "reportedCurrency": "USD", "grossProfit": "489263000", "totalRevenue": "1807268000", "costOfRevenue": "1318005000", "costofGoodsAndServicesSold": "1318005000", "operatingIncome": "180467000", "sellingGeneralAndAdministrative": "308796000", "researchAndDevelopment": "0", "operatingExpenses": "308796000", "investmentIncomeNet": "None", "netInterestIncome": "None", "interestIncome": "None", "interestExpense": "36228000", "nonInterestIncome": "None", "otherNonOperatingIncome": "None", "depreciation": "None", "depreciationAndAmortization": "81573000", "incomeBeforeTax": "144236000", "incomeTaxExpense": "-234878000", "interestAndDebtExpense": "None", "netIncomeFromContinuingOperations": "0", "comprehensiveIncomeNetOfTax": "None", "ebit": "180467000", "ebitda": "262040000", "netIncome": "379114000"}, {"fiscalDateEnding": "2007-09-30", "reportedCurrency": "USD", "grossProfit": "545383000", "totalRevenue": "1937677000", "costOfRevenue": "1392294000", "costofGoodsAndServicesSold": "1392294000", "operatingIncome": "200814000", "sellingGeneralAndAdministrative": "344600000", "researchAndDevelopment": "0", "operatingExpenses": "344569000", "investmentIncomeNet": "None", "netInterestIncome": "None", "interestIncome": "None", "interestExpense": "36719000", "nonInterestIncome": "None", "otherNonOperatingIncome": "None", "depreciation": "None", "depreciationAndAmortization": "75636000", "incomeBeforeTax": "164095000", "incomeTaxExpense": "42041000", "interestAndDebtExpense": "None", "netIncomeFromContinuingOperations": "0", "comprehensiveIncomeNetOfTax": "None", "ebit": "125178000", "ebitda": "200814000", "netIncome": "122054000"}, {"fiscalDateEnding": "2007-06-30", "reportedCurrency": "USD", "grossProfit": "556698000", "totalRevenue": "1977210000", "costOfRevenue": "1420512000", "costofGoodsAndServicesSold": "1420512000", "operatingIncome": "198248000", "sellingGeneralAndAdministrative": "358450000", "researchAndDevelopment": "0", "operatingExpenses": "358450000", "investmentIncomeNet": "None", "netInterestIncome": "None", "interestIncome": "None", "interestExpense": "39138000", "nonInterestIncome": "None", "otherNonOperatingIncome": "None", "depreciation": "None", "depreciationAndAmortization": "75382000", "incomeBeforeTax": "161893000", "incomeTaxExpense": "46625000", "interestAndDebtExpense": "None", "netIncomeFromContinuingOperations": "0", "comprehensiveIncomeNetOfTax": "None", "ebit": "198248000", "ebitda": "273630000", "netIncome": "115268000"}, {"fiscalDateEnding": "2007-03-31", "reportedCurrency": "USD", "grossProfit": "523440000", "totalRevenue": "1863863000", "costOfRevenue": "1340423000", "costofGoodsAndServicesSold": "1340423000", "operatingIncome": "170577000", "sellingGeneralAndAdministrative": "352863000", "researchAndDevelopment": "0", "operatingExpenses": "352863000", "investmentIncomeNet": "None", "netInterestIncome": "None", "interestIncome": "None", "interestExpense": "31789000", "nonInterestIncome": "None", "otherNonOperatingIncome": "None", "depreciation": "None", "depreciationAndAmortization": "73846000", "incomeBeforeTax": "133893000", "incomeTaxExpense": "43515000", "interestAndDebtExpense": "None", "netIncomeFromContinuingOperations": "0", "comprehensiveIncomeNetOfTax": "None", "ebit": "170577000", "ebitda": "244423000", "netIncome": "90378000"}, {"fiscalDateEnding": "2006-12-31", "reportedCurrency": "USD", "grossProfit": "554078000", "totalRevenue": "1898594000", "costOfRevenue": "1344516000", "costofGoodsAndServicesSold": "1344516000", "operatingIncome": "229374000", "sellingGeneralAndAdministrative": "324704000", "researchAndDevelopment": "0", "operatingExpenses": "324704000", "investmentIncomeNet": "None", "netInterestIncome": "None", "interestIncome": "None", "interestExpense": "40322000", "nonInterestIncome": "None", "otherNonOperatingIncome": "None", "depreciation": "None", "depreciationAndAmortization": "72278000", "incomeBeforeTax": "189052000", "incomeTaxExpense": "59561000", "interestAndDebtExpense": "None", "netIncomeFromContinuingOperations": "0", "comprehensiveIncomeNetOfTax": "None", "ebit": "229374000", "ebitda": "301652000", "netIncome": "129491000"}, {"fiscalDateEnding": "2006-09-30", "reportedCurrency": "USD", "grossProfit": "568511000", "totalRevenue": "2024019000", "costOfRevenue": "1455508000", "costofGoodsAndServicesSold": "1455508000", "operatingIncome": "222740000", "sellingGeneralAndAdministrative": "345771000", "researchAndDevelopment": "0", "operatingExpenses": "345771000", "investmentIncomeNet": "None", "netInterestIncome": "None", "interestIncome": "None", "interestExpense": "44655000", "nonInterestIncome": "None", "otherNonOperatingIncome": "None", "depreciation": "None", "depreciationAndAmortization": "68040000", "incomeBeforeTax": "186864000", "incomeTaxExpense": "59156000", "interestAndDebtExpense": "None", "netIncomeFromContinuingOperations": "0", "comprehensiveIncomeNetOfTax": "None", "ebit": "154700000", "ebitda": "222740000", "netIncome": "127708000"}, {"fiscalDateEnding": "2006-06-30", "reportedCurrency": "USD", "grossProfit": "592378000", "totalRevenue": "2058123000", "costOfRevenue": "1465745000", "costofGoodsAndServicesSold": "1465745000", "operatingIncome": "223045000", "sellingGeneralAndAdministrative": "369300000", "researchAndDevelopment": "0", "operatingExpenses": "369333000", "investmentIncomeNet": "None", "netInterestIncome": "None", "interestIncome": "None", "interestExpense": "46123000", "nonInterestIncome": "None", "otherNonOperatingIncome": "None", "depreciation": "None", "depreciationAndAmortization": "69781000", "incomeBeforeTax": "179556000", "incomeTaxExpense": "60043000", "interestAndDebtExpense": "None", "netIncomeFromContinuingOperations": "0", "comprehensiveIncomeNetOfTax": "None", "ebit": "153264000", "ebitda": "223045000", "netIncome": "119513000"}, {"fiscalDateEnding": "2006-03-31", "reportedCurrency": "USD", "grossProfit": "592378000", "totalRevenue": "2058123000", "costOfRevenue": "1465745000", "costofGoodsAndServicesSold": "1465745000", "operatingIncome": "223045000", "sellingGeneralAndAdministrative": "352400000", "researchAndDevelopment": "0", "operatingExpenses": "369333000", "investmentIncomeNet": "None", "netInterestIncome": "None", "interestIncome": "None", "interestExpense": "43489000", "nonInterestIncome": "None", "otherNonOperatingIncome": "None", "depreciation": "None", "depreciationAndAmortization": "69781000", "incomeBeforeTax": "179556000", "incomeTaxExpense": "60043000", "interestAndDebtExpense": "None", "netIncomeFromContinuingOperations": "0", "comprehensiveIncomeNetOfTax": "None", "ebit": "220411000", "ebitda": "290192000", "netIncome": "119513000"}, {"fiscalDateEnding": "2005-12-31", "reportedCurrency": "USD", "grossProfit": "503010000", "totalRevenue": "1925106000", "costOfRevenue": "1422096000", "costofGoodsAndServicesSold": "1422096000", "operatingIncome": "150567000", "sellingGeneralAndAdministrative": "289718000", "researchAndDevelopment": "0", "operatingExpenses": "352443000", "investmentIncomeNet": "None", "netInterestIncome": "None", "interestIncome": "None", "interestExpense": "43062000", "nonInterestIncome": "None", "otherNonOperatingIncome": "None", "depreciation": "None", "depreciationAndAmortization": "64853000", "incomeBeforeTax": "107505000", "incomeTaxExpense": "36385000", "interestAndDebtExpense": "None", "netIncomeFromContinuingOperations": "0", "comprehensiveIncomeNetOfTax": "None", "ebit": "163901000", "ebitda": "228754000", "netIncome": "71120000"}, {"fiscalDateEnding": "2005-09-30", "reportedCurrency": "USD", "grossProfit": "451868000", "totalRevenue": "1697634000", "costOfRevenue": "1245766000", "costofGoodsAndServicesSold": "1245766000", "operatingIncome": "177816000", "sellingGeneralAndAdministrative": "274100000", "researchAndDevelopment": "0", "operatingExpenses": "274052000", "investmentIncomeNet": "None", "netInterestIncome": "None", "interestIncome": "None", "interestExpense": "10775000", "nonInterestIncome": "None", "otherNonOperatingIncome": "None", "depreciation": "None", "depreciationAndAmortization": "31138000", "incomeBeforeTax": "167441000", "incomeTaxExpense": "58789000", "interestAndDebtExpense": "None", "netIncomeFromContinuingOperations": "0", "comprehensiveIncomeNetOfTax": "None", "ebit": "188902000", "ebitda": "220040000", "netIncome": "108652000"}, {"fiscalDateEnding": "2005-06-30", "reportedCurrency": "USD", "grossProfit": "431509000", "totalRevenue": "1624692000", "costOfRevenue": "1193183000", "costofGoodsAndServicesSold": "1193183000", "operatingIncome": "160489000", "sellingGeneralAndAdministrative": "271000000", "researchAndDevelopment": "0", "operatingExpenses": "271020000", "investmentIncomeNet": "None", "netInterestIncome": "None", "interestIncome": "None", "interestExpense": "10375000", "nonInterestIncome": "None", "otherNonOperatingIncome": "None", "depreciation": "None", "depreciationAndAmortization": "31497000", "incomeBeforeTax": "147052000", "incomeTaxExpense": "53241000", "interestAndDebtExpense": "None", "netIncomeFromContinuingOperations": "0", "comprehensiveIncomeNetOfTax": "None", "ebit": "167145000", "ebitda": "198642000", "netIncome": "93811000"}, {"fiscalDateEnding": "2005-03-31", "reportedCurrency": "USD", "grossProfit": "431509000", "totalRevenue": "1624692000", "costOfRevenue": "1193183000", "costofGoodsAndServicesSold": "1193183000", "operatingIncome": "160489000", "sellingGeneralAndAdministrative": "261100000", "researchAndDevelopment": "0", "operatingExpenses": "271020000", "investmentIncomeNet": "None", "netInterestIncome": "None", "interestIncome": "None", "interestExpense": "13437000", "nonInterestIncome": "None", "otherNonOperatingIncome": "None", "depreciation": "None", "depreciationAndAmortization": "31497000", "incomeBeforeTax": "147052000", "incomeTaxExpense": "53241000", "interestAndDebtExpense": "None", "netIncomeFromContinuingOperations": "0", "comprehensiveIncomeNetOfTax": "None", "ebit": "161411000", "ebitda": "192908000", "netIncome": "93811000"}, {"fiscalDateEnding": "2004-12-31", "reportedCurrency": "USD", "grossProfit": "384702000", "totalRevenue": "1493222000", "costOfRevenue": "1108520000", "costofGoodsAndServicesSold": "1108520000", "operatingIncome": "123630000", "sellingGeneralAndAdministrative": "272250000", "researchAndDevelopment": "0", "operatingExpenses": "261072000", "investmentIncomeNet": "None", "netInterestIncome": "None", "interestIncome": "None", "interestExpense": "13880000", "nonInterestIncome": "None", "otherNonOperatingIncome": "None", "depreciation": "None", "depreciationAndAmortization": "32265000", "incomeBeforeTax": "109750000", "incomeTaxExpense": "39730000", "interestAndDebtExpense": "None", "netIncomeFromContinuingOperations": "0", "comprehensiveIncomeNetOfTax": "None", "ebit": "123630000", "ebitda": "155895000", "netIncome": "70020000"}]}