{"symbol": "MET", "annualReports": [{"fiscalDateEnding": "2024-12-31", "reportedCurrency": "USD", "grossProfit": "70986000000", "totalRevenue": "69897000000", "costOfRevenue": "-1089000000", "costofGoodsAndServicesSold": "-1089000000", "operatingIncome": "5622000000", "sellingGeneralAndAdministrative": "5991000000", "researchAndDevelopment": "None", "operatingExpenses": "64275000000", "investmentIncomeNet": "None", "netInterestIncome": "-1037000000", "interestIncome": "None", "interestExpense": "1037000000", "nonInterestIncome": "None", "otherNonOperatingIncome": "None", "depreciation": "None", "depreciationAndAmortization": "714000000", "incomeBeforeTax": "5622000000", "incomeTaxExpense": "1178000000", "interestAndDebtExpense": "None", "netIncomeFromContinuingOperations": "4444000000", "comprehensiveIncomeNetOfTax": "None", "ebit": "6659000000", "ebitda": "7373000000", "netIncome": "4426000000"}, {"fiscalDateEnding": "2023-12-31", "reportedCurrency": "USD", "grossProfit": "65913000000", "totalRevenue": "66407000000", "costOfRevenue": "494000000", "costofGoodsAndServicesSold": "494000000", "operatingIncome": "2162000000", "sellingGeneralAndAdministrative": "6177000000", "researchAndDevelopment": "None", "operatingExpenses": "64245000000", "investmentIncomeNet": "None", "netInterestIncome": "-1024000000", "interestIncome": "None", "interestExpense": "1045000000", "nonInterestIncome": "None", "otherNonOperatingIncome": "None", "depreciation": "None", "depreciationAndAmortization": "718000000", "incomeBeforeTax": "2162000000", "incomeTaxExpense": "560000000", "interestAndDebtExpense": "None", "netIncomeFromContinuingOperations": "-175000000", "comprehensiveIncomeNetOfTax": "None", "ebit": "3207000000", "ebitda": "3925000000", "netIncome": "1578000000"}, {"fiscalDateEnding": "2022-12-31", "reportedCurrency": "USD", "grossProfit": "67822000000", "totalRevenue": "67822000000", "costOfRevenue": "None", "costofGoodsAndServicesSold": "None", "operatingIncome": "6364000000", "sellingGeneralAndAdministrative": "5860000000", "researchAndDevelopment": "None", "operatingExpenses": "61458000000", "investmentIncomeNet": "None", "netInterestIncome": "-938000000", "interestIncome": "938000000", "interestExpense": "938000000", "nonInterestIncome": "None", "otherNonOperatingIncome": "None", "depreciation": "None", "depreciationAndAmortization": "673000000", "incomeBeforeTax": "6364000000", "incomeTaxExpense": "1062000000", "interestAndDebtExpense": "None", "netIncomeFromContinuingOperations": "2558000000", "comprehensiveIncomeNetOfTax": "None", "ebit": "7302000000", "ebitda": "7975000000", "netIncome": "5284000000"}, {"fiscalDateEnding": "2021-12-31", "reportedCurrency": "USD", "grossProfit": "63653000000", "totalRevenue": "63653000000", "costOfRevenue": "None", "costofGoodsAndServicesSold": "None", "operatingIncome": "8518000000", "sellingGeneralAndAdministrative": "5755000000", "researchAndDevelopment": "None", "operatingExpenses": "55135000000", "investmentIncomeNet": "None", "netInterestIncome": "-920000000", "interestIncome": "920000000", "interestExpense": "920000000", "nonInterestIncome": "None", "otherNonOperatingIncome": "None", "depreciation": "None", "depreciationAndAmortization": "694000000", "incomeBeforeTax": "8126000000", "incomeTaxExpense": "1551000000", "interestAndDebtExpense": "None", "netIncomeFromContinuingOperations": "6575000000", "comprehensiveIncomeNetOfTax": "None", "ebit": "9046000000", "ebitda": "9740000000", "netIncome": "6855000000"}, {"fiscalDateEnding": "2020-12-31", "reportedCurrency": "USD", "grossProfit": "67842000000", "totalRevenue": "67842000000", "costOfRevenue": "None", "costofGoodsAndServicesSold": "None", "operatingIncome": "6927000000", "sellingGeneralAndAdministrative": "5775000000", "researchAndDevelopment": "None", "operatingExpenses": "59841000000", "investmentIncomeNet": "None", "netInterestIncome": "-913000000", "interestIncome": "913000000", "interestExpense": "913000000", "nonInterestIncome": "None", "otherNonOperatingIncome": "None", "depreciation": "None", "depreciationAndAmortization": "619000000", "incomeBeforeTax": "6927000000", "incomeTaxExpense": "1509000000", "interestAndDebtExpense": "None", "netIncomeFromContinuingOperations": "5418000000", "comprehensiveIncomeNetOfTax": "None", "ebit": "7840000000", "ebitda": "8459000000", "netIncome": "5407000000"}, {"fiscalDateEnding": "2019-12-31", "reportedCurrency": "USD", "grossProfit": "69620000000", "totalRevenue": "69620000000", "costOfRevenue": "49136000000", "costofGoodsAndServicesSold": "49136000000", "operatingIncome": "6795000000", "sellingGeneralAndAdministrative": "6554000000", "researchAndDevelopment": "None", "operatingExpenses": "61924000000", "investmentIncomeNet": "None", "netInterestIncome": "-955000000", "interestIncome": "955000000", "interestExpense": "955000000", "nonInterestIncome": "None", "otherNonOperatingIncome": "None", "depreciation": "None", "depreciationAndAmortization": "630000000", "incomeBeforeTax": "6795000000", "incomeTaxExpense": "886000000", "interestAndDebtExpense": "None", "netIncomeFromContinuingOperations": "5909000000", "comprehensiveIncomeNetOfTax": "None", "ebit": "7750000000", "ebitda": "8380000000", "netIncome": "5899000000"}, {"fiscalDateEnding": "2018-12-31", "reportedCurrency": "USD", "grossProfit": "67941000000", "totalRevenue": "67941000000", "costOfRevenue": "47920000000", "costofGoodsAndServicesSold": "47920000000", "operatingIncome": "7424000000", "sellingGeneralAndAdministrative": "6462000000", "researchAndDevelopment": "0", "operatingExpenses": "61613000000", "investmentIncomeNet": "None", "netInterestIncome": "-1122000000", "interestIncome": "1122000000", "interestExpense": "1122000000", "nonInterestIncome": "None", "otherNonOperatingIncome": "None", "depreciation": "None", "depreciationAndAmortization": "628000000", "incomeBeforeTax": "6307000000", "incomeTaxExpense": "1179000000", "interestAndDebtExpense": "None", "netIncomeFromContinuingOperations": "5128000000", "comprehensiveIncomeNetOfTax": "None", "ebit": "7429000000", "ebitda": "8057000000", "netIncome": "5123000000"}, {"fiscalDateEnding": "2017-12-31", "reportedCurrency": "USD", "grossProfit": "62308000000", "totalRevenue": "62308000000", "costOfRevenue": "45151000000", "costofGoodsAndServicesSold": "45151000000", "operatingIncome": "3669000000", "sellingGeneralAndAdministrative": "6724000000", "researchAndDevelopment": "0", "operatingExpenses": "58772000000", "investmentIncomeNet": "None", "netInterestIncome": "-1129000000", "interestIncome": "1129000000", "interestExpense": "1129000000", "nonInterestIncome": "None", "otherNonOperatingIncome": "None", "depreciation": "None", "depreciationAndAmortization": "795000000", "incomeBeforeTax": "3536000000", "incomeTaxExpense": "-1470000000", "interestAndDebtExpense": "None", "netIncomeFromContinuingOperations": "5006000000", "comprehensiveIncomeNetOfTax": "None", "ebit": "4665000000", "ebitda": "5460000000", "netIncome": "4010000000"}, {"fiscalDateEnding": "2016-12-31", "reportedCurrency": "USD", "grossProfit": "60787000000", "totalRevenue": "60732000000", "costOfRevenue": "-55000000", "costofGoodsAndServicesSold": "-55000000", "operatingIncome": "4281000000", "sellingGeneralAndAdministrative": "6866000000", "researchAndDevelopment": "0", "operatingExpenses": "56506000000", "investmentIncomeNet": "None", "netInterestIncome": "-1201000000", "interestIncome": "1157000000", "interestExpense": "1157000000", "nonInterestIncome": "None", "otherNonOperatingIncome": "None", "depreciation": "None", "depreciationAndAmortization": "652000000", "incomeBeforeTax": "4281000000", "incomeTaxExpense": "693000000", "interestAndDebtExpense": "None", "netIncomeFromContinuingOperations": "804000000", "comprehensiveIncomeNetOfTax": "None", "ebit": "5178000000", "ebitda": "5830000000", "netIncome": "850000000"}, {"fiscalDateEnding": "2015-12-31", "reportedCurrency": "USD", "grossProfit": "61343000000", "totalRevenue": "61257000000", "costOfRevenue": "-86000000", "costofGoodsAndServicesSold": "-86000000", "operatingIncome": "5322000000", "sellingGeneralAndAdministrative": "7177000000", "researchAndDevelopment": "0", "operatingExpenses": "55692000000", "investmentIncomeNet": "None", "netInterestIncome": "None", "interestIncome": "1168000000", "interestExpense": "1168000000", "nonInterestIncome": "None", "otherNonOperatingIncome": "None", "depreciation": "None", "depreciationAndAmortization": "693000000", "incomeBeforeTax": "5651000000", "incomeTaxExpense": "1590000000", "interestAndDebtExpense": "None", "netIncomeFromContinuingOperations": "5322000000", "comprehensiveIncomeNetOfTax": "None", "ebit": "6819000000", "ebitda": "7512000000", "netIncome": "5373000000"}, {"fiscalDateEnding": "2014-12-31", "reportedCurrency": "USD", "grossProfit": "73316000000", "totalRevenue": "73316000000", "costOfRevenue": "-2236000000", "costofGoodsAndServicesSold": "-2236000000", "operatingIncome": "8804000000", "sellingGeneralAndAdministrative": "7185000000", "researchAndDevelopment": "0", "operatingExpenses": "64512000000", "investmentIncomeNet": "None", "netInterestIncome": "None", "interestIncome": "None", "interestExpense": "1216000000", "nonInterestIncome": "None", "otherNonOperatingIncome": "None", "depreciation": "None", "depreciationAndAmortization": "713000000", "incomeBeforeTax": "8804000000", "incomeTaxExpense": "2465000000", "interestAndDebtExpense": "None", "netIncomeFromContinuingOperations": "6339000000", "comprehensiveIncomeNetOfTax": "None", "ebit": "10020000000", "ebitda": "10733000000", "netIncome": "6309000000"}, {"fiscalDateEnding": "2013-12-31", "reportedCurrency": "USD", "grossProfit": "68199000000", "totalRevenue": "68199000000", "costOfRevenue": "1099000000", "costofGoodsAndServicesSold": "1099000000", "operatingIncome": "4052000000", "sellingGeneralAndAdministrative": "7426000000", "researchAndDevelopment": "0", "operatingExpenses": "64147000000", "investmentIncomeNet": "None", "netInterestIncome": "None", "interestIncome": "None", "interestExpense": "1282000000", "nonInterestIncome": "None", "otherNonOperatingIncome": "None", "depreciation": "None", "depreciationAndAmortization": "714000000", "incomeBeforeTax": "4052000000", "incomeTaxExpense": "661000000", "interestAndDebtExpense": "None", "netIncomeFromContinuingOperations": "3391000000", "comprehensiveIncomeNetOfTax": "None", "ebit": "5336000000", "ebitda": "6050000000", "netIncome": "3368000000"}, {"fiscalDateEnding": "2012-12-31", "reportedCurrency": "USD", "grossProfit": "68150000000", "totalRevenue": "68150000000", "costOfRevenue": "201000000", "costofGoodsAndServicesSold": "201000000", "operatingIncome": "1442000000", "sellingGeneralAndAdministrative": "8076000000", "researchAndDevelopment": "0", "operatingExpenses": "65775000000", "investmentIncomeNet": "None", "netInterestIncome": "None", "interestIncome": "None", "interestExpense": "1356000000", "nonInterestIncome": "None", "otherNonOperatingIncome": "None", "depreciation": "None", "depreciationAndAmortization": "596000000", "incomeBeforeTax": "1442000000", "incomeTaxExpense": "128000000", "interestAndDebtExpense": "None", "netIncomeFromContinuingOperations": "1314000000", "comprehensiveIncomeNetOfTax": "None", "ebit": "2876000000", "ebitda": "3472000000", "netIncome": "1324000000"}, {"fiscalDateEnding": "2011-12-31", "reportedCurrency": "USD", "grossProfit": "70241000000", "totalRevenue": "70241000000", "costOfRevenue": "-4878000000", "costofGoodsAndServicesSold": "-4878000000", "operatingIncome": "9184000000", "sellingGeneralAndAdministrative": "7773000000", "researchAndDevelopment": "0", "operatingExpenses": "61057000000", "investmentIncomeNet": "None", "netInterestIncome": "None", "interestIncome": "None", "interestExpense": "1724000000", "nonInterestIncome": "None", "otherNonOperatingIncome": "None", "depreciation": "None", "depreciationAndAmortization": "679000000", "incomeBeforeTax": "9184000000", "incomeTaxExpense": "2793000000", "interestAndDebtExpense": "None", "netIncomeFromContinuingOperations": "None", "comprehensiveIncomeNetOfTax": "None", "ebit": "10908000000", "ebitda": "11587000000", "netIncome": "6423000000"}, {"fiscalDateEnding": "2010-12-31", "reportedCurrency": "USD", "grossProfit": "52247000000", "totalRevenue": "52247000000", "costOfRevenue": "362000000", "costofGoodsAndServicesSold": "362000000", "operatingIncome": "3729000000", "sellingGeneralAndAdministrative": "5363000000", "researchAndDevelopment": "0", "operatingExpenses": "48518000000", "investmentIncomeNet": "None", "netInterestIncome": "None", "interestIncome": "None", "interestExpense": "1687000000", "nonInterestIncome": "None", "otherNonOperatingIncome": "None", "depreciation": "None", "depreciationAndAmortization": "585000000", "incomeBeforeTax": "3729000000", "incomeTaxExpense": "1110000000", "interestAndDebtExpense": "None", "netIncomeFromContinuingOperations": "2777000000", "comprehensiveIncomeNetOfTax": "None", "ebit": "5599000000", "ebitda": "6184000000", "netIncome": "2790000000"}, {"fiscalDateEnding": "2009-12-31", "reportedCurrency": "USD", "grossProfit": "41058000000", "totalRevenue": "41057000000", "costOfRevenue": "-1000000", "costofGoodsAndServicesSold": "-1000000", "operatingIncome": "-2318000000", "sellingGeneralAndAdministrative": "4283000000", "researchAndDevelopment": "0", "operatingExpenses": "45018000000", "investmentIncomeNet": "None", "netInterestIncome": "None", "interestIncome": "None", "interestExpense": "876000000", "nonInterestIncome": "None", "otherNonOperatingIncome": "None", "depreciation": "None", "depreciationAndAmortization": "520000000", "incomeBeforeTax": "-4333000000", "incomeTaxExpense": "-2015000000", "interestAndDebtExpense": "None", "netIncomeFromContinuingOperations": "None", "comprehensiveIncomeNetOfTax": "None", "ebit": "-3458000000", "ebitda": "-2938000000", "netIncome": "-2246000000"}, {"fiscalDateEnding": "2008-12-31", "reportedCurrency": "USD", "grossProfit": "50984000000", "totalRevenue": "50984000000", "costOfRevenue": "43999000000", "costofGoodsAndServicesSold": "43999000000", "operatingIncome": "5061000000", "sellingGeneralAndAdministrative": "3845000000", "researchAndDevelopment": "None", "operatingExpenses": "45923000000", "investmentIncomeNet": "None", "netInterestIncome": "None", "interestIncome": "None", "interestExpense": "720000000", "nonInterestIncome": "None", "otherNonOperatingIncome": "None", "depreciation": "None", "depreciationAndAmortization": "375000000", "incomeBeforeTax": "5061000000", "incomeTaxExpense": "1580000000", "interestAndDebtExpense": "None", "netIncomeFromContinuingOperations": "None", "comprehensiveIncomeNetOfTax": "None", "ebit": "6081000000", "ebitda": "6456000000", "netIncome": "3209000000"}, {"fiscalDateEnding": "2007-12-31", "reportedCurrency": "USD", "grossProfit": "53007000000", "totalRevenue": "53007000000", "costOfRevenue": "44950000000", "costofGoodsAndServicesSold": "44950000000", "operatingIncome": "7192000000", "sellingGeneralAndAdministrative": "3556000000", "researchAndDevelopment": "None", "operatingExpenses": "41372000000", "investmentIncomeNet": "None", "netInterestIncome": "None", "interestIncome": "None", "interestExpense": "1116000000", "nonInterestIncome": "None", "otherNonOperatingIncome": "None", "depreciation": "None", "depreciationAndAmortization": "457000000", "incomeBeforeTax": "6039000000", "incomeTaxExpense": "1759000000", "interestAndDebtExpense": "None", "netIncomeFromContinuingOperations": "None", "comprehensiveIncomeNetOfTax": "None", "ebit": "7192000000", "ebitda": "7192000000", "netIncome": "4317000000"}, {"fiscalDateEnding": "2006-12-31", "reportedCurrency": "USD", "grossProfit": "48254000000", "totalRevenue": "48254000000", "costOfRevenue": "42912000000", "costofGoodsAndServicesSold": "42912000000", "operatingIncome": "4168000000", "sellingGeneralAndAdministrative": "3430000000", "researchAndDevelopment": "None", "operatingExpenses": "44086000000", "investmentIncomeNet": "None", "netInterestIncome": "None", "interestIncome": "None", "interestExpense": "900000000", "nonInterestIncome": "None", "otherNonOperatingIncome": "None", "depreciation": "None", "depreciationAndAmortization": "-224000000", "incomeBeforeTax": "4168000000", "incomeTaxExpense": "1097000000", "interestAndDebtExpense": "None", "netIncomeFromContinuingOperations": "None", "comprehensiveIncomeNetOfTax": "None", "ebit": "5767000000", "ebitda": "5543000000", "netIncome": "6293000000"}, {"fiscalDateEnding": "2005-12-31", "reportedCurrency": "USD", "grossProfit": "44629000000", "totalRevenue": "44629000000", "costOfRevenue": "39399000000", "costofGoodsAndServicesSold": "39399000000", "operatingIncome": "4293000000", "sellingGeneralAndAdministrative": "3163000000", "researchAndDevelopment": "None", "operatingExpenses": "40336000000", "investmentIncomeNet": "None", "netInterestIncome": "None", "interestIncome": "None", "interestExpense": "659000000", "nonInterestIncome": "None", "otherNonOperatingIncome": "None", "depreciation": "None", "depreciationAndAmortization": "352000000", "incomeBeforeTax": "4553000000", "incomeTaxExpense": "1260000000", "interestAndDebtExpense": "None", "netIncomeFromContinuingOperations": "None", "comprehensiveIncomeNetOfTax": "None", "ebit": "5088000000", "ebitda": "5440000000", "netIncome": "4714000000"}], "quarterlyReports": [{"fiscalDateEnding": "2024-12-31", "reportedCurrency": "USD", "grossProfit": "18376000000", "totalRevenue": "18376000000", "costOfRevenue": "None", "costofGoodsAndServicesSold": "None", "operatingIncome": "1381000000", "sellingGeneralAndAdministrative": "1509000000", "researchAndDevelopment": "None", "operatingExpenses": "16995000000", "investmentIncomeNet": "None", "netInterestIncome": "-259000000", "interestIncome": "None", "interestExpense": "259000000", "nonInterestIncome": "None", "otherNonOperatingIncome": "None", "depreciation": "None", "depreciationAndAmortization": "None", "incomeBeforeTax": "1381000000", "incomeTaxExpense": "106000000", "interestAndDebtExpense": "None", "netIncomeFromContinuingOperations": "1275000000", "comprehensiveIncomeNetOfTax": "None", "ebit": "None", "ebitda": "None", "netIncome": "1271000000"}, {"fiscalDateEnding": "2024-09-30", "reportedCurrency": "USD", "grossProfit": "18440000000", "totalRevenue": "18440000000", "costOfRevenue": "None", "costofGoodsAndServicesSold": "None", "operatingIncome": "2251000000", "sellingGeneralAndAdministrative": "1490000000", "researchAndDevelopment": "None", "operatingExpenses": "16264000000", "investmentIncomeNet": "None", "netInterestIncome": "-257000000", "interestIncome": "None", "interestExpense": "257000000", "nonInterestIncome": "None", "otherNonOperatingIncome": "None", "depreciation": "None", "depreciationAndAmortization": "-7000000", "incomeBeforeTax": "1994000000", "incomeTaxExpense": "653000000", "interestAndDebtExpense": "None", "netIncomeFromContinuingOperations": "1341000000", "comprehensiveIncomeNetOfTax": "None", "ebit": "2251000000", "ebitda": "2251000000", "netIncome": "1342000000"}, {"fiscalDateEnding": "2024-06-30", "reportedCurrency": "USD", "grossProfit": "17823000000", "totalRevenue": "17823000000", "costOfRevenue": "None", "costofGoodsAndServicesSold": "None", "operatingIncome": "1459000000", "sellingGeneralAndAdministrative": "1480000000", "researchAndDevelopment": "None", "operatingExpenses": "16280000000", "investmentIncomeNet": "None", "netInterestIncome": "-257000000", "interestIncome": "None", "interestExpense": "257000000", "nonInterestIncome": "None", "otherNonOperatingIncome": "None", "depreciation": "None", "depreciationAndAmortization": "None", "incomeBeforeTax": "1202000000", "incomeTaxExpense": "249000000", "interestAndDebtExpense": "None", "netIncomeFromContinuingOperations": "953000000", "comprehensiveIncomeNetOfTax": "None", "ebit": "None", "ebitda": "1195000000", "netIncome": "946000000"}, {"fiscalDateEnding": "2024-03-31", "reportedCurrency": "USD", "grossProfit": "16057000000", "totalRevenue": "16057000000", "costOfRevenue": "None", "costofGoodsAndServicesSold": "None", "operatingIncome": "1045000000", "sellingGeneralAndAdministrative": "1512000000", "researchAndDevelopment": "None", "operatingExpenses": "14857000000", "investmentIncomeNet": "None", "netInterestIncome": "-264000000", "interestIncome": "None", "interestExpense": "264000000", "nonInterestIncome": "None", "otherNonOperatingIncome": "None", "depreciation": "None", "depreciationAndAmortization": "-1309000000", "incomeBeforeTax": "1045000000", "incomeTaxExpense": "170000000", "interestAndDebtExpense": "None", "netIncomeFromContinuingOperations": "875000000", "comprehensiveIncomeNetOfTax": "None", "ebit": "2346000000", "ebitda": "1037000000", "netIncome": "867000000"}, {"fiscalDateEnding": "2023-12-31", "reportedCurrency": "USD", "grossProfit": "19028000000", "totalRevenue": "19028000000", "costOfRevenue": "None", "costofGoodsAndServicesSold": "None", "operatingIncome": "941000000", "sellingGeneralAndAdministrative": "1652000000", "researchAndDevelopment": "None", "operatingExpenses": "18087000000", "investmentIncomeNet": "None", "netInterestIncome": "-269000000", "interestIncome": "None", "interestExpense": "269000000", "nonInterestIncome": "None", "otherNonOperatingIncome": "None", "depreciation": "None", "depreciationAndAmortization": "-2631000000", "incomeBeforeTax": "941000000", "incomeTaxExpense": "327000000", "interestAndDebtExpense": "None", "netIncomeFromContinuingOperations": "614000000", "comprehensiveIncomeNetOfTax": "None", "ebit": "1210000000", "ebitda": "-1421000000", "netIncome": "607000000"}, {"fiscalDateEnding": "2023-09-30", "reportedCurrency": "USD", "grossProfit": "15866000000", "totalRevenue": "15866000000", "costOfRevenue": "None", "costofGoodsAndServicesSold": "None", "operatingIncome": "799000000", "sellingGeneralAndAdministrative": "1544000000", "researchAndDevelopment": "None", "operatingExpenses": "15125000000", "investmentIncomeNet": "None", "netInterestIncome": "-265000000", "interestIncome": "265000000", "interestExpense": "265000000", "nonInterestIncome": "None", "otherNonOperatingIncome": "None", "depreciation": "None", "depreciationAndAmortization": "-2000000", "incomeBeforeTax": "534000000", "incomeTaxExpense": "39000000", "interestAndDebtExpense": "None", "netIncomeFromContinuingOperations": "495000000", "comprehensiveIncomeNetOfTax": "None", "ebit": "-76000000", "ebitda": "-78000000", "netIncome": "489000000"}, {"fiscalDateEnding": "2023-06-30", "reportedCurrency": "USD", "grossProfit": "16623000000", "totalRevenue": "16623000000", "costOfRevenue": "None", "costofGoodsAndServicesSold": "None", "operatingIncome": "430000000", "sellingGeneralAndAdministrative": "1502000000", "researchAndDevelopment": "None", "operatingExpenses": "15950000000", "investmentIncomeNet": "None", "netInterestIncome": "-256000000", "interestIncome": "256000000", "interestExpense": "256000000", "nonInterestIncome": "None", "otherNonOperatingIncome": "None", "depreciation": "None", "depreciationAndAmortization": "131000000", "incomeBeforeTax": "430000000", "incomeTaxExpense": "22000000", "interestAndDebtExpense": "None", "netIncomeFromContinuingOperations": "408000000", "comprehensiveIncomeNetOfTax": "None", "ebit": "555000000", "ebitda": "686000000", "netIncome": "402000000"}, {"fiscalDateEnding": "2023-03-31", "reportedCurrency": "USD", "grossProfit": "15456000000", "totalRevenue": "15388000000", "costOfRevenue": "-68000000", "costofGoodsAndServicesSold": "-68000000", "operatingIncome": "257000000", "sellingGeneralAndAdministrative": "1479000000", "researchAndDevelopment": "None", "operatingExpenses": "15199000000", "investmentIncomeNet": "None", "netInterestIncome": "-255000000", "interestIncome": "255000000", "interestExpense": "255000000", "nonInterestIncome": "None", "otherNonOperatingIncome": "None", "depreciation": "None", "depreciationAndAmortization": "5000000", "incomeBeforeTax": "257000000", "incomeTaxExpense": "172000000", "interestAndDebtExpense": "None", "netIncomeFromContinuingOperations": "98000000", "comprehensiveIncomeNetOfTax": "None", "ebit": "502000000", "ebitda": "507000000", "netIncome": "80000000"}, {"fiscalDateEnding": "2022-12-31", "reportedCurrency": "USD", "grossProfit": "16316000000", "totalRevenue": "16316000000", "costOfRevenue": "None", "costofGoodsAndServicesSold": "None", "operatingIncome": "1727000000", "sellingGeneralAndAdministrative": "155000000", "researchAndDevelopment": "None", "operatingExpenses": "14589000000", "investmentIncomeNet": "None", "netInterestIncome": "-248000000", "interestIncome": "248000000", "interestExpense": "248000000", "nonInterestIncome": "None", "otherNonOperatingIncome": "None", "depreciation": "None", "depreciationAndAmortization": "3000000", "incomeBeforeTax": "1727000000", "incomeTaxExpense": "381000000", "interestAndDebtExpense": "None", "netIncomeFromContinuingOperations": "1346000000", "comprehensiveIncomeNetOfTax": "None", "ebit": "1727000000", "ebitda": "1972000000", "netIncome": "1351000000"}, {"fiscalDateEnding": "2022-09-30", "reportedCurrency": "USD", "grossProfit": "22270000000", "totalRevenue": "22270000000", "costOfRevenue": "None", "costofGoodsAndServicesSold": "None", "operatingIncome": "419000000", "sellingGeneralAndAdministrative": "1780000000", "researchAndDevelopment": "None", "operatingExpenses": "21851000000", "investmentIncomeNet": "None", "netInterestIncome": "-239000000", "interestIncome": "239000000", "interestExpense": "239000000", "nonInterestIncome": "None", "otherNonOperatingIncome": "None", "depreciation": "None", "depreciationAndAmortization": "-64000000", "incomeBeforeTax": "419000000", "incomeTaxExpense": "19000000", "interestAndDebtExpense": "None", "netIncomeFromContinuingOperations": "395000000", "comprehensiveIncomeNetOfTax": "None", "ebit": "419000000", "ebitda": "589000000", "netIncome": "400000000"}, {"fiscalDateEnding": "2022-06-30", "reportedCurrency": "USD", "grossProfit": "15556000000", "totalRevenue": "15556000000", "costOfRevenue": "-197000000", "costofGoodsAndServicesSold": "-197000000", "operatingIncome": "-2000000", "sellingGeneralAndAdministrative": "1766000000", "researchAndDevelopment": "None", "operatingExpenses": "15558000000", "investmentIncomeNet": "None", "netInterestIncome": "-226000000", "interestIncome": "226000000", "interestExpense": "226000000", "nonInterestIncome": "None", "otherNonOperatingIncome": "None", "depreciation": "None", "depreciationAndAmortization": "6000000", "incomeBeforeTax": "-2000000", "incomeTaxExpense": "-140000000", "interestAndDebtExpense": "None", "netIncomeFromContinuingOperations": "133000000", "comprehensiveIncomeNetOfTax": "None", "ebit": "224000000", "ebitda": "218000000", "netIncome": "138000000"}, {"fiscalDateEnding": "2022-03-31", "reportedCurrency": "USD", "grossProfit": "15756000000", "totalRevenue": "15756000000", "costOfRevenue": "None", "costofGoodsAndServicesSold": "None", "operatingIncome": "715000000", "sellingGeneralAndAdministrative": "1433000000", "researchAndDevelopment": "None", "operatingExpenses": "15041000000", "investmentIncomeNet": "None", "netInterestIncome": "-225000000", "interestIncome": "225000000", "interestExpense": "225000000", "nonInterestIncome": "None", "otherNonOperatingIncome": "None", "depreciation": "None", "depreciationAndAmortization": "-5000000", "incomeBeforeTax": "715000000", "incomeTaxExpense": "41000000", "interestAndDebtExpense": "None", "netIncomeFromContinuingOperations": "671000000", "comprehensiveIncomeNetOfTax": "None", "ebit": "715000000", "ebitda": "935000000", "netIncome": "669000000"}, {"fiscalDateEnding": "2021-12-31", "reportedCurrency": "USD", "grossProfit": "20089000000", "totalRevenue": "20089000000", "costOfRevenue": "923000000", "costofGoodsAndServicesSold": "923000000", "operatingIncome": "1306000000", "sellingGeneralAndAdministrative": "1645000000", "researchAndDevelopment": "None", "operatingExpenses": "18783000000", "investmentIncomeNet": "None", "netInterestIncome": "-224000000", "interestIncome": "224000000", "interestExpense": "224000000", "nonInterestIncome": "None", "otherNonOperatingIncome": "None", "depreciation": "None", "depreciationAndAmortization": "-6602000000", "incomeBeforeTax": "1306000000", "incomeTaxExpense": "95000000", "interestAndDebtExpense": "None", "netIncomeFromContinuingOperations": "1211000000", "comprehensiveIncomeNetOfTax": "None", "ebit": "1610000000", "ebitda": "1524000000", "netIncome": "1221000000"}, {"fiscalDateEnding": "2021-09-30", "reportedCurrency": "USD", "grossProfit": "16905000000", "totalRevenue": "16905000000", "costOfRevenue": "1676000000", "costofGoodsAndServicesSold": "1676000000", "operatingIncome": "2042000000", "sellingGeneralAndAdministrative": "1402000000", "researchAndDevelopment": "None", "operatingExpenses": "14863000000", "investmentIncomeNet": "None", "netInterestIncome": "-240000000", "interestIncome": "240000000", "interestExpense": "240000000", "nonInterestIncome": "None", "otherNonOperatingIncome": "None", "depreciation": "None", "depreciationAndAmortization": "-2281000000", "incomeBeforeTax": "2042000000", "incomeTaxExpense": "453000000", "interestAndDebtExpense": "None", "netIncomeFromContinuingOperations": "1589000000", "comprehensiveIncomeNetOfTax": "None", "ebit": "2325000000", "ebitda": "2277000000", "netIncome": "1589000000"}, {"fiscalDateEnding": "2021-06-30", "reportedCurrency": "USD", "grossProfit": "18524000000", "totalRevenue": "18524000000", "costOfRevenue": "2667000000", "costofGoodsAndServicesSold": "2667000000", "operatingIncome": "4487000000", "sellingGeneralAndAdministrative": "1305000000", "researchAndDevelopment": "None", "operatingExpenses": "14037000000", "investmentIncomeNet": "None", "netInterestIncome": "-228000000", "interestIncome": "228000000", "interestExpense": "228000000", "nonInterestIncome": "None", "otherNonOperatingIncome": "None", "depreciation": "None", "depreciationAndAmortization": "-4714000000", "incomeBeforeTax": "4487000000", "incomeTaxExpense": "1075000000", "interestAndDebtExpense": "None", "netIncomeFromContinuingOperations": "3412000000", "comprehensiveIncomeNetOfTax": "None", "ebit": "4714000000", "ebitda": "4710000000", "netIncome": "3407000000"}, {"fiscalDateEnding": "2021-03-31", "reportedCurrency": "USD", "grossProfit": "14280000000", "totalRevenue": "15562000000", "costOfRevenue": "1282000000", "costofGoodsAndServicesSold": "1282000000", "operatingIncome": "291000000", "sellingGeneralAndAdministrative": "1419000000", "researchAndDevelopment": "None", "operatingExpenses": "15271000000", "investmentIncomeNet": "None", "netInterestIncome": "-228000000", "interestIncome": "228000000", "interestExpense": "228000000", "nonInterestIncome": "None", "otherNonOperatingIncome": "None", "depreciation": "None", "depreciationAndAmortization": "-519000000", "incomeBeforeTax": "291000000", "incomeTaxExpense": "-72000000", "interestAndDebtExpense": "None", "netIncomeFromContinuingOperations": "358000000", "comprehensiveIncomeNetOfTax": "None", "ebit": "291000000", "ebitda": "514000000", "netIncome": "358000000"}, {"fiscalDateEnding": "2020-12-31", "reportedCurrency": "USD", "grossProfit": "19418000000", "totalRevenue": "19418000000", "costOfRevenue": "-291000000", "costofGoodsAndServicesSold": "-291000000", "operatingIncome": "164000000", "sellingGeneralAndAdministrative": "1564000000", "researchAndDevelopment": "None", "operatingExpenses": "19637000000", "investmentIncomeNet": "None", "netInterestIncome": "-230000000", "interestIncome": "230000000", "interestExpense": "230000000", "nonInterestIncome": "None", "otherNonOperatingIncome": "None", "depreciation": "None", "depreciationAndAmortization": "-394000000", "incomeBeforeTax": "164000000", "incomeTaxExpense": "6000000", "interestAndDebtExpense": "None", "netIncomeFromContinuingOperations": "-43000000", "comprehensiveIncomeNetOfTax": "None", "ebit": "788000000", "ebitda": "394000000", "netIncome": "158000000"}, {"fiscalDateEnding": "2020-09-30", "reportedCurrency": "USD", "grossProfit": "16015000000", "totalRevenue": "16015000000", "costOfRevenue": "578000000", "costofGoodsAndServicesSold": "578000000", "operatingIncome": "1149000000", "sellingGeneralAndAdministrative": "1384000000", "researchAndDevelopment": "None", "operatingExpenses": "14535000000", "investmentIncomeNet": "None", "netInterestIncome": "-229000000", "interestIncome": "229000000", "interestExpense": "229000000", "nonInterestIncome": "None", "otherNonOperatingIncome": "None", "depreciation": "None", "depreciationAndAmortization": "-1151000000", "incomeBeforeTax": "923000000", "incomeTaxExpense": "214000000", "interestAndDebtExpense": "None", "netIncomeFromContinuingOperations": "920000000", "comprehensiveIncomeNetOfTax": "None", "ebit": "923000000", "ebitda": "1149000000", "netIncome": "706000000"}, {"fiscalDateEnding": "2020-06-30", "reportedCurrency": "USD", "grossProfit": "14099000000", "totalRevenue": "14099000000", "costOfRevenue": "None", "costofGoodsAndServicesSold": "None", "operatingIncome": "424000000", "sellingGeneralAndAdministrative": "1381000000", "researchAndDevelopment": "None", "operatingExpenses": "13902000000", "investmentIncomeNet": "None", "netInterestIncome": "-232000000", "interestIncome": "232000000", "interestExpense": "232000000", "nonInterestIncome": "None", "otherNonOperatingIncome": "None", "depreciation": "None", "depreciationAndAmortization": "-428000000", "incomeBeforeTax": "197000000", "incomeTaxExpense": "47000000", "interestAndDebtExpense": "None", "netIncomeFromContinuingOperations": "144000000", "comprehensiveIncomeNetOfTax": "None", "ebit": "197000000", "ebitda": "424000000", "netIncome": "145000000"}, {"fiscalDateEnding": "2020-03-31", "reportedCurrency": "USD", "grossProfit": "18310000000", "totalRevenue": "18310000000", "costOfRevenue": "None", "costofGoodsAndServicesSold": "None", "operatingIncome": "5862000000", "sellingGeneralAndAdministrative": "1446000000", "researchAndDevelopment": "None", "operatingExpenses": "12298000000", "investmentIncomeNet": "None", "netInterestIncome": "-222000000", "interestIncome": "222000000", "interestExpense": "222000000", "nonInterestIncome": "None", "otherNonOperatingIncome": "None", "depreciation": "None", "depreciationAndAmortization": "-5865000000", "incomeBeforeTax": "5643000000", "incomeTaxExpense": "1242000000", "interestAndDebtExpense": "None", "netIncomeFromContinuingOperations": "4397000000", "comprehensiveIncomeNetOfTax": "None", "ebit": "5643000000", "ebitda": "5862000000", "netIncome": "4398000000"}, {"fiscalDateEnding": "2019-12-31", "reportedCurrency": "USD", "grossProfit": "17143000000", "totalRevenue": "17143000000", "costOfRevenue": "13549000000", "costofGoodsAndServicesSold": "13549000000", "operatingIncome": "-37000000", "sellingGeneralAndAdministrative": "1723000000", "researchAndDevelopment": "None", "operatingExpenses": "17180000000", "investmentIncomeNet": "None", "netInterestIncome": "-224000000", "interestIncome": "224000000", "interestExpense": "224000000", "nonInterestIncome": "None", "otherNonOperatingIncome": "None", "depreciation": "None", "depreciationAndAmortization": "-233000000", "incomeBeforeTax": "-37000000", "incomeTaxExpense": "-625000000", "interestAndDebtExpense": "None", "netIncomeFromContinuingOperations": "608000000", "comprehensiveIncomeNetOfTax": "None", "ebit": "420000000", "ebitda": "187000000", "netIncome": "593000000"}, {"fiscalDateEnding": "2019-09-30", "reportedCurrency": "USD", "grossProfit": "18678000000", "totalRevenue": "18678000000", "costOfRevenue": "12444000000", "costofGoodsAndServicesSold": "12444000000", "operatingIncome": "3008000000", "sellingGeneralAndAdministrative": "1631000000", "researchAndDevelopment": "None", "operatingExpenses": "15598000000", "investmentIncomeNet": "None", "netInterestIncome": "-223000000", "interestIncome": "223000000", "interestExpense": "223000000", "nonInterestIncome": "None", "otherNonOperatingIncome": "None", "depreciation": "None", "depreciationAndAmortization": "-3054000000", "incomeBeforeTax": "2791000000", "incomeTaxExpense": "601000000", "interestAndDebtExpense": "None", "netIncomeFromContinuingOperations": "2181000000", "comprehensiveIncomeNetOfTax": "None", "ebit": "2791000000", "ebitda": "3008000000", "netIncome": "2184000000"}, {"fiscalDateEnding": "2019-06-30", "reportedCurrency": "USD", "grossProfit": "17497000000", "totalRevenue": "17497000000", "costOfRevenue": "11810000000", "costofGoodsAndServicesSold": "11810000000", "operatingIncome": "2566000000", "sellingGeneralAndAdministrative": "1630000000", "researchAndDevelopment": "None", "operatingExpenses": "14916000000", "investmentIncomeNet": "None", "netInterestIncome": "-274000000", "interestIncome": "274000000", "interestExpense": "274000000", "nonInterestIncome": "None", "otherNonOperatingIncome": "None", "depreciation": "None", "depreciationAndAmortization": "-2584000000", "incomeBeforeTax": "2297000000", "incomeTaxExpense": "551000000", "interestAndDebtExpense": "None", "netIncomeFromContinuingOperations": "1741000000", "comprehensiveIncomeNetOfTax": "None", "ebit": "2297000000", "ebitda": "2566000000", "netIncome": "1741000000"}, {"fiscalDateEnding": "2019-03-31", "reportedCurrency": "USD", "grossProfit": "16302000000", "totalRevenue": "16302000000", "costOfRevenue": "11333000000", "costofGoodsAndServicesSold": "11333000000", "operatingIncome": "1974000000", "sellingGeneralAndAdministrative": "1570000000", "researchAndDevelopment": "None", "operatingExpenses": "14428000000", "investmentIncomeNet": "None", "netInterestIncome": "-234000000", "interestIncome": "234000000", "interestExpense": "234000000", "nonInterestIncome": "None", "otherNonOperatingIncome": "None", "depreciation": "None", "depreciationAndAmortization": "-1985000000", "incomeBeforeTax": "1744000000", "incomeTaxExpense": "359000000", "interestAndDebtExpense": "None", "netIncomeFromContinuingOperations": "1379000000", "comprehensiveIncomeNetOfTax": "None", "ebit": "1744000000", "ebitda": "1974000000", "netIncome": "1381000000"}, {"fiscalDateEnding": "2018-12-31", "reportedCurrency": "USD", "grossProfit": "15662000000", "totalRevenue": "15662000000", "costOfRevenue": "9796000000", "costofGoodsAndServicesSold": "9796000000", "operatingIncome": "2471000000", "sellingGeneralAndAdministrative": "1468000000", "researchAndDevelopment": "0", "operatingExpenses": "13191000000", "investmentIncomeNet": "None", "netInterestIncome": "None", "interestIncome": "None", "interestExpense": "260000000", "nonInterestIncome": "None", "otherNonOperatingIncome": "None", "depreciation": "None", "depreciationAndAmortization": "-2270000000", "incomeBeforeTax": "2471000000", "incomeTaxExpense": "409000000", "interestAndDebtExpense": "None", "netIncomeFromContinuingOperations": "2062000000", "comprehensiveIncomeNetOfTax": "None", "ebit": "5001000000", "ebitda": "2731000000", "netIncome": "2067000000"}, {"fiscalDateEnding": "2018-09-30", "reportedCurrency": "USD", "grossProfit": "16289000000", "totalRevenue": "16289000000", "costOfRevenue": "11741000000", "costofGoodsAndServicesSold": "11741000000", "operatingIncome": "893000000", "sellingGeneralAndAdministrative": "1691000000", "researchAndDevelopment": "0", "operatingExpenses": "15210000000", "investmentIncomeNet": "None", "netInterestIncome": "None", "interestIncome": "None", "interestExpense": "267000000", "nonInterestIncome": "None", "otherNonOperatingIncome": "None", "depreciation": "None", "depreciationAndAmortization": "450000000", "incomeBeforeTax": "1079000000", "incomeTaxExpense": "164000000", "interestAndDebtExpense": "None", "netIncomeFromContinuingOperations": "915000000", "comprehensiveIncomeNetOfTax": "None", "ebit": "896000000", "ebitda": "1346000000", "netIncome": "912000000"}, {"fiscalDateEnding": "2018-06-30", "reportedCurrency": "USD", "grossProfit": "21185000000", "totalRevenue": "21185000000", "costOfRevenue": "16599000000", "costofGoodsAndServicesSold": "16599000000", "operatingIncome": "856000000", "sellingGeneralAndAdministrative": "1694000000", "researchAndDevelopment": "0", "operatingExpenses": "20084000000", "investmentIncomeNet": "None", "netInterestIncome": "None", "interestIncome": "None", "interestExpense": "309000000", "nonInterestIncome": "None", "otherNonOperatingIncome": "None", "depreciation": "None", "depreciationAndAmortization": "551000000", "incomeBeforeTax": "1101000000", "incomeTaxExpense": "207000000", "interestAndDebtExpense": "None", "netIncomeFromContinuingOperations": "894000000", "comprehensiveIncomeNetOfTax": "None", "ebit": "859000000", "ebitda": "1410000000", "netIncome": "891000000"}, {"fiscalDateEnding": "2018-03-31", "reportedCurrency": "USD", "grossProfit": "14805000000", "totalRevenue": "14805000000", "costOfRevenue": "9784000000", "costofGoodsAndServicesSold": "9784000000", "operatingIncome": "1656000000", "sellingGeneralAndAdministrative": "1609000000", "researchAndDevelopment": "0", "operatingExpenses": "13149000000", "investmentIncomeNet": "None", "netInterestIncome": "None", "interestIncome": "None", "interestExpense": "286000000", "nonInterestIncome": "None", "otherNonOperatingIncome": "None", "depreciation": "None", "depreciationAndAmortization": "1894000000", "incomeBeforeTax": "1656000000", "incomeTaxExpense": "399000000", "interestAndDebtExpense": "None", "netIncomeFromContinuingOperations": "1257000000", "comprehensiveIncomeNetOfTax": "None", "ebit": "48000000", "ebitda": "1942000000", "netIncome": "1253000000"}, {"fiscalDateEnding": "2017-12-31", "reportedCurrency": "USD", "grossProfit": "15833000000", "totalRevenue": "15833000000", "costOfRevenue": "-153000000", "costofGoodsAndServicesSold": "-153000000", "operatingIncome": "1337000000", "sellingGeneralAndAdministrative": "1796000000", "researchAndDevelopment": "0", "operatingExpenses": "14879000000", "investmentIncomeNet": "None", "netInterestIncome": "None", "interestIncome": "None", "interestExpense": "278000000", "nonInterestIncome": "None", "otherNonOperatingIncome": "None", "depreciation": "None", "depreciationAndAmortization": "-1381000000", "incomeBeforeTax": "1054000000", "incomeTaxExpense": "-1322000000", "interestAndDebtExpense": "None", "netIncomeFromContinuingOperations": "2403000000", "comprehensiveIncomeNetOfTax": "None", "ebit": "1332000000", "ebitda": "-49000000", "netIncome": "2381000000"}, {"fiscalDateEnding": "2017-09-30", "reportedCurrency": "USD", "grossProfit": "16157000000", "totalRevenue": "16157000000", "costOfRevenue": "15385000000", "costofGoodsAndServicesSold": "15385000000", "operatingIncome": "893000000", "sellingGeneralAndAdministrative": "1663000000", "researchAndDevelopment": "0", "operatingExpenses": "15686000000", "investmentIncomeNet": "None", "netInterestIncome": "None", "interestIncome": "None", "interestExpense": "284000000", "nonInterestIncome": "None", "otherNonOperatingIncome": "None", "depreciation": "None", "depreciationAndAmortization": "16000000", "incomeBeforeTax": "501000000", "incomeTaxExpense": "-392000000", "interestAndDebtExpense": "None", "netIncomeFromContinuingOperations": "893000000", "comprehensiveIncomeNetOfTax": "None", "ebit": "769000000", "ebitda": "785000000", "netIncome": "-91000000"}, {"fiscalDateEnding": "2017-06-30", "reportedCurrency": "USD", "grossProfit": "15333000000", "totalRevenue": "15324000000", "costOfRevenue": "-9000000", "costofGoodsAndServicesSold": "-9000000", "operatingIncome": "1294000000", "sellingGeneralAndAdministrative": "1671000000", "researchAndDevelopment": "0", "operatingExpenses": "14315000000", "investmentIncomeNet": "None", "netInterestIncome": "None", "interestIncome": "None", "interestExpense": "295000000", "nonInterestIncome": "None", "otherNonOperatingIncome": "None", "depreciation": "None", "depreciationAndAmortization": "-1304000000", "incomeBeforeTax": "1002000000", "incomeTaxExpense": "115000000", "interestAndDebtExpense": "None", "netIncomeFromContinuingOperations": "885000000", "comprehensiveIncomeNetOfTax": "None", "ebit": "1002000000", "ebitda": "1294000000", "netIncome": "911000000"}, {"fiscalDateEnding": "2017-03-31", "reportedCurrency": "USD", "grossProfit": "14964000000", "totalRevenue": "14952000000", "costOfRevenue": "-12000000", "costofGoodsAndServicesSold": "-12000000", "operatingIncome": "1110000000", "sellingGeneralAndAdministrative": "1599000000", "researchAndDevelopment": "0", "operatingExpenses": "13892000000", "investmentIncomeNet": "None", "netInterestIncome": "None", "interestIncome": "None", "interestExpense": "296000000", "nonInterestIncome": "None", "otherNonOperatingIncome": "None", "depreciation": "None", "depreciationAndAmortization": "-1353000000", "incomeBeforeTax": "817000000", "incomeTaxExpense": "-12000000", "interestAndDebtExpense": "None", "netIncomeFromContinuingOperations": "825000000", "comprehensiveIncomeNetOfTax": "None", "ebit": "817000000", "ebitda": "1110000000", "netIncome": "873000000"}, {"fiscalDateEnding": "2016-12-31", "reportedCurrency": "USD", "grossProfit": "12076000000", "totalRevenue": "12076000000", "costOfRevenue": "13735000000", "costofGoodsAndServicesSold": "13735000000", "operatingIncome": "-3565000000", "sellingGeneralAndAdministrative": "1805000000", "researchAndDevelopment": "0", "operatingExpenses": "15641000000", "investmentIncomeNet": "None", "netInterestIncome": "None", "interestIncome": "None", "interestExpense": "291000000", "nonInterestIncome": "None", "otherNonOperatingIncome": "None", "depreciation": "None", "depreciationAndAmortization": "-4080000000", "incomeBeforeTax": "-3565000000", "incomeTaxExpense": "-1479000000", "interestAndDebtExpense": "None", "netIncomeFromContinuingOperations": "-1989000000", "comprehensiveIncomeNetOfTax": "None", "ebit": "806000000", "ebitda": "-3274000000", "netIncome": "-2088000000"}, {"fiscalDateEnding": "2016-09-30", "reportedCurrency": "USD", "grossProfit": "15833000000", "totalRevenue": "15802000000", "costOfRevenue": "-31000000", "costofGoodsAndServicesSold": "-31000000", "operatingIncome": "1159000000", "sellingGeneralAndAdministrative": "1641000000", "researchAndDevelopment": "0", "operatingExpenses": "14674000000", "investmentIncomeNet": "None", "netInterestIncome": "None", "interestIncome": "None", "interestExpense": "292000000", "nonInterestIncome": "None", "otherNonOperatingIncome": "None", "depreciation": "None", "depreciationAndAmortization": "-1459000000", "incomeBeforeTax": "548000000", "incomeTaxExpense": "-25000000", "interestAndDebtExpense": "None", "netIncomeFromContinuingOperations": "576000000", "comprehensiveIncomeNetOfTax": "None", "ebit": "548000000", "ebitda": "844000000", "netIncome": "577000000"}, {"fiscalDateEnding": "2016-06-30", "reportedCurrency": "USD", "grossProfit": "15244000000", "totalRevenue": "15244000000", "costOfRevenue": "1711000000", "costofGoodsAndServicesSold": "1711000000", "operatingIncome": "-100000000", "sellingGeneralAndAdministrative": "1788000000", "researchAndDevelopment": "0", "operatingExpenses": "15344000000", "investmentIncomeNet": "None", "netInterestIncome": "None", "interestIncome": "None", "interestExpense": "306000000", "nonInterestIncome": "None", "otherNonOperatingIncome": "None", "depreciation": "None", "depreciationAndAmortization": "-1771000000", "incomeBeforeTax": "-100000000", "incomeTaxExpense": "-214000000", "interestAndDebtExpense": "None", "netIncomeFromContinuingOperations": "107000000", "comprehensiveIncomeNetOfTax": "None", "ebit": "-100000000", "ebitda": "202000000", "netIncome": "110000000"}, {"fiscalDateEnding": "2016-03-31", "reportedCurrency": "USD", "grossProfit": "18421000000", "totalRevenue": "18421000000", "costOfRevenue": "-1822000000", "costofGoodsAndServicesSold": "-1822000000", "operatingIncome": "3232000000", "sellingGeneralAndAdministrative": "1877000000", "researchAndDevelopment": "0", "operatingExpenses": "15511000000", "investmentIncomeNet": "None", "netInterestIncome": "None", "interestIncome": "None", "interestExpense": "312000000", "nonInterestIncome": "None", "otherNonOperatingIncome": "None", "depreciation": "None", "depreciationAndAmortization": "-3221000000", "incomeBeforeTax": "2922000000", "incomeTaxExpense": "719000000", "interestAndDebtExpense": "None", "netIncomeFromContinuingOperations": "2110000000", "comprehensiveIncomeNetOfTax": "None", "ebit": "2922000000", "ebitda": "3232000000", "netIncome": "2201000000"}, {"fiscalDateEnding": "2015-12-31", "reportedCurrency": "USD", "grossProfit": "17044000000", "totalRevenue": "17044000000", "costOfRevenue": "67000000", "costofGoodsAndServicesSold": "67000000", "operatingIncome": "1135000000", "sellingGeneralAndAdministrative": "1850000000", "researchAndDevelopment": "0", "operatingExpenses": "15909000000", "investmentIncomeNet": "None", "netInterestIncome": "None", "interestIncome": "None", "interestExpense": "300000000", "nonInterestIncome": "None", "otherNonOperatingIncome": "None", "depreciation": "None", "depreciationAndAmortization": "-3895000000", "incomeBeforeTax": "1135000000", "incomeTaxExpense": "293000000", "interestAndDebtExpense": "None", "netIncomeFromContinuingOperations": "842000000", "comprehensiveIncomeNetOfTax": "None", "ebit": "5322000000", "ebitda": "1427000000", "netIncome": "834000000"}, {"fiscalDateEnding": "2015-09-30", "reportedCurrency": "USD", "grossProfit": "17848000000", "totalRevenue": "18031000000", "costOfRevenue": "183000000", "costofGoodsAndServicesSold": "183000000", "operatingIncome": "2163000000", "sellingGeneralAndAdministrative": "1701000000", "researchAndDevelopment": "0", "operatingExpenses": "15868000000", "investmentIncomeNet": "None", "netInterestIncome": "None", "interestIncome": "None", "interestExpense": "302000000", "nonInterestIncome": "None", "otherNonOperatingIncome": "None", "depreciation": "None", "depreciationAndAmortization": "-1267000000", "incomeBeforeTax": "2163000000", "incomeTaxExpense": "965000000", "interestAndDebtExpense": "None", "netIncomeFromContinuingOperations": "1198000000", "comprehensiveIncomeNetOfTax": "None", "ebit": "2465000000", "ebitda": "1198000000", "netIncome": "1203000000"}, {"fiscalDateEnding": "2015-06-30", "reportedCurrency": "USD", "grossProfit": "16166000000", "totalRevenue": "16166000000", "costOfRevenue": "1194000000", "costofGoodsAndServicesSold": "1194000000", "operatingIncome": "1119000000", "sellingGeneralAndAdministrative": "1830000000", "researchAndDevelopment": "0", "operatingExpenses": "15053000000", "investmentIncomeNet": "None", "netInterestIncome": "None", "interestIncome": "None", "interestExpense": "308000000", "nonInterestIncome": "None", "otherNonOperatingIncome": "None", "depreciation": "None", "depreciationAndAmortization": "-302000000", "incomeBeforeTax": "1113000000", "incomeTaxExpense": "-6000000", "interestAndDebtExpense": "None", "netIncomeFromContinuingOperations": "1119000000", "comprehensiveIncomeNetOfTax": "None", "ebit": "1421000000", "ebitda": "1119000000", "netIncome": "1115000000"}, {"fiscalDateEnding": "2015-03-31", "reportedCurrency": "USD", "grossProfit": "18323000000", "totalRevenue": "18323000000", "costOfRevenue": "-1678000000", "costofGoodsAndServicesSold": "-1678000000", "operatingIncome": "3059000000", "sellingGeneralAndAdministrative": "1796000000", "researchAndDevelopment": "0", "operatingExpenses": "15651000000", "investmentIncomeNet": "None", "netInterestIncome": "None", "interestIncome": "None", "interestExpense": "298000000", "nonInterestIncome": "None", "otherNonOperatingIncome": "None", "depreciation": "None", "depreciationAndAmortization": "-1194000000", "incomeBeforeTax": "3059000000", "incomeTaxExpense": "896000000", "interestAndDebtExpense": "None", "netIncomeFromContinuingOperations": "2163000000", "comprehensiveIncomeNetOfTax": "None", "ebit": "3357000000", "ebitda": "2163000000", "netIncome": "2158000000"}, {"fiscalDateEnding": "2014-12-31", "reportedCurrency": "USD", "grossProfit": "19341000000", "totalRevenue": "19119000000", "costOfRevenue": "-222000000", "costofGoodsAndServicesSold": "-222000000", "operatingIncome": "2076000000", "sellingGeneralAndAdministrative": "1873000000", "researchAndDevelopment": "0", "operatingExpenses": "17043000000", "investmentIncomeNet": "None", "netInterestIncome": "None", "interestIncome": "None", "interestExpense": "297000000", "nonInterestIncome": "None", "otherNonOperatingIncome": "None", "depreciation": "None", "depreciationAndAmortization": "-6000000", "incomeBeforeTax": "2076000000", "incomeTaxExpense": "549000000", "interestAndDebtExpense": "None", "netIncomeFromContinuingOperations": "1527000000", "comprehensiveIncomeNetOfTax": "None", "ebit": "2373000000", "ebitda": "2367000000", "netIncome": "1521000000"}, {"fiscalDateEnding": "2014-09-30", "reportedCurrency": "USD", "grossProfit": "18637000000", "totalRevenue": "18637000000", "costOfRevenue": "-928000000", "costofGoodsAndServicesSold": "-928000000", "operatingIncome": "2952000000", "sellingGeneralAndAdministrative": "1795000000", "researchAndDevelopment": "0", "operatingExpenses": "15894000000", "investmentIncomeNet": "None", "netInterestIncome": "None", "interestIncome": "None", "interestExpense": "295000000", "nonInterestIncome": "None", "otherNonOperatingIncome": "None", "depreciation": "None", "depreciationAndAmortization": "1153000000", "incomeBeforeTax": "2952000000", "incomeTaxExpense": "858000000", "interestAndDebtExpense": "None", "netIncomeFromContinuingOperations": "2094000000", "comprehensiveIncomeNetOfTax": "None", "ebit": "2094000000", "ebitda": "3247000000", "netIncome": "2094000000"}, {"fiscalDateEnding": "2014-06-30", "reportedCurrency": "USD", "grossProfit": "18266000000", "totalRevenue": "18266000000", "costOfRevenue": "-465000000", "costofGoodsAndServicesSold": "-465000000", "operatingIncome": "1950000000", "sellingGeneralAndAdministrative": "1786000000", "researchAndDevelopment": "0", "operatingExpenses": "16316000000", "investmentIncomeNet": "None", "netInterestIncome": "None", "interestIncome": "None", "interestExpense": "312000000", "nonInterestIncome": "None", "otherNonOperatingIncome": "None", "depreciation": "None", "depreciationAndAmortization": "-886000000", "incomeBeforeTax": "1950000000", "incomeTaxExpense": "574000000", "interestAndDebtExpense": "None", "netIncomeFromContinuingOperations": "1376000000", "comprehensiveIncomeNetOfTax": "None", "ebit": "2262000000", "ebitda": "1376000000", "netIncome": "1366000000"}, {"fiscalDateEnding": "2014-03-31", "reportedCurrency": "USD", "grossProfit": "17017000000", "totalRevenue": "17017000000", "costOfRevenue": "31000000", "costofGoodsAndServicesSold": "31000000", "operatingIncome": "1826000000", "sellingGeneralAndAdministrative": "1731000000", "researchAndDevelopment": "0", "operatingExpenses": "15259000000", "investmentIncomeNet": "None", "netInterestIncome": "None", "interestIncome": "None", "interestExpense": "312000000", "nonInterestIncome": "None", "otherNonOperatingIncome": "None", "depreciation": "None", "depreciationAndAmortization": "-796000000", "incomeBeforeTax": "1826000000", "incomeTaxExpense": "484000000", "interestAndDebtExpense": "None", "netIncomeFromContinuingOperations": "1342000000", "comprehensiveIncomeNetOfTax": "None", "ebit": "2138000000", "ebitda": "1342000000", "netIncome": "1328000000"}, {"fiscalDateEnding": "2013-12-31", "reportedCurrency": "USD", "grossProfit": "18458000000", "totalRevenue": "18458000000", "costOfRevenue": "-76000000", "costofGoodsAndServicesSold": "-76000000", "operatingIncome": "1268000000", "sellingGeneralAndAdministrative": "1972000000", "researchAndDevelopment": "0", "operatingExpenses": "17190000000", "investmentIncomeNet": "None", "netInterestIncome": "None", "interestIncome": "None", "interestExpense": "323000000", "nonInterestIncome": "None", "otherNonOperatingIncome": "None", "depreciation": "None", "depreciationAndAmortization": "-7000000", "incomeBeforeTax": "1268000000", "incomeTaxExpense": "353000000", "interestAndDebtExpense": "None", "netIncomeFromContinuingOperations": "915000000", "comprehensiveIncomeNetOfTax": "None", "ebit": "1591000000", "ebitda": "1584000000", "netIncome": "908000000"}, {"fiscalDateEnding": "2013-09-30", "reportedCurrency": "USD", "grossProfit": "16337000000", "totalRevenue": "16337000000", "costOfRevenue": "562000000", "costofGoodsAndServicesSold": "562000000", "operatingIncome": "976000000", "sellingGeneralAndAdministrative": "1870000000", "researchAndDevelopment": "0", "operatingExpenses": "15361000000", "investmentIncomeNet": "None", "netInterestIncome": "None", "interestIncome": "None", "interestExpense": "317000000", "nonInterestIncome": "None", "otherNonOperatingIncome": "None", "depreciation": "None", "depreciationAndAmortization": "-320000000", "incomeBeforeTax": "976000000", "incomeTaxExpense": "3000000", "interestAndDebtExpense": "None", "netIncomeFromContinuingOperations": "973000000", "comprehensiveIncomeNetOfTax": "None", "ebit": "1293000000", "ebitda": "973000000", "netIncome": "972000000"}, {"fiscalDateEnding": "2013-06-30", "reportedCurrency": "USD", "grossProfit": "15721000000", "totalRevenue": "15721000000", "costOfRevenue": "1321000000", "costofGoodsAndServicesSold": "1321000000", "operatingIncome": "508000000", "sellingGeneralAndAdministrative": "1450000000", "researchAndDevelopment": "0", "operatingExpenses": "15247000000", "investmentIncomeNet": "None", "netInterestIncome": "None", "interestIncome": "None", "interestExpense": "321000000", "nonInterestIncome": "None", "otherNonOperatingIncome": "None", "depreciation": "None", "depreciationAndAmortization": "368000000", "incomeBeforeTax": "561000000", "incomeTaxExpense": "53000000", "interestAndDebtExpense": "None", "netIncomeFromContinuingOperations": "508000000", "comprehensiveIncomeNetOfTax": "None", "ebit": "140000000", "ebitda": "508000000", "netIncome": "502000000"}, {"fiscalDateEnding": "2013-03-31", "reportedCurrency": "USD", "grossProfit": "17683000000", "totalRevenue": "17683000000", "costOfRevenue": "-708000000", "costofGoodsAndServicesSold": "-708000000", "operatingIncome": "1247000000", "sellingGeneralAndAdministrative": "1810000000", "researchAndDevelopment": "0", "operatingExpenses": "16519000000", "investmentIncomeNet": "None", "netInterestIncome": "None", "interestIncome": "None", "interestExpense": "321000000", "nonInterestIncome": "None", "otherNonOperatingIncome": "None", "depreciation": "None", "depreciationAndAmortization": "-573000000", "incomeBeforeTax": "1247000000", "incomeTaxExpense": "252000000", "interestAndDebtExpense": "None", "netIncomeFromContinuingOperations": "995000000", "comprehensiveIncomeNetOfTax": "None", "ebit": "1568000000", "ebitda": "995000000", "netIncome": "986000000"}, {"fiscalDateEnding": "2012-12-31", "reportedCurrency": "USD", "grossProfit": "17333000000", "totalRevenue": "17333000000", "costOfRevenue": "1026000000", "costofGoodsAndServicesSold": "1026000000", "operatingIncome": "1314000000", "sellingGeneralAndAdministrative": "1467000000", "researchAndDevelopment": "0", "operatingExpenses": "17726000000", "investmentIncomeNet": "None", "netInterestIncome": "None", "interestIncome": "None", "interestExpense": "348000000", "nonInterestIncome": "None", "otherNonOperatingIncome": "None", "depreciation": "None", "depreciationAndAmortization": "-1421000000", "incomeBeforeTax": "-477000000", "incomeTaxExpense": "-582000000", "interestAndDebtExpense": "None", "netIncomeFromContinuingOperations": "0", "comprehensiveIncomeNetOfTax": "None", "ebit": "1314000000", "ebitda": "-107000000", "netIncome": "65000000"}, {"fiscalDateEnding": "2012-09-30", "reportedCurrency": "USD", "grossProfit": "16503000000", "totalRevenue": "16503000000", "costOfRevenue": "108000000", "costofGoodsAndServicesSold": "108000000", "operatingIncome": "-957000000", "sellingGeneralAndAdministrative": "2139000000", "researchAndDevelopment": "0", "operatingExpenses": "17513000000", "investmentIncomeNet": "None", "netInterestIncome": "None", "interestIncome": "None", "interestExpense": "345000000", "nonInterestIncome": "None", "otherNonOperatingIncome": "None", "depreciation": "None", "depreciationAndAmortization": "3000000", "incomeBeforeTax": "-1010000000", "incomeTaxExpense": "-53000000", "interestAndDebtExpense": "None", "netIncomeFromContinuingOperations": "0", "comprehensiveIncomeNetOfTax": "None", "ebit": "-960000000", "ebitda": "-957000000", "netIncome": "-954000000"}, {"fiscalDateEnding": "2012-06-30", "reportedCurrency": "USD", "grossProfit": "18398000000", "totalRevenue": "16789000000", "costOfRevenue": "-1609000000", "costofGoodsAndServicesSold": "-1609000000", "operatingIncome": "3338000000", "sellingGeneralAndAdministrative": "2124000000", "researchAndDevelopment": "0", "operatingExpenses": "15060000000", "investmentIncomeNet": "None", "netInterestIncome": "None", "interestIncome": "None", "interestExpense": "362000000", "nonInterestIncome": "None", "otherNonOperatingIncome": "None", "depreciation": "None", "depreciationAndAmortization": "-1400000000", "incomeBeforeTax": "3338000000", "incomeTaxExpense": "1038000000", "interestAndDebtExpense": "None", "netIncomeFromContinuingOperations": "0", "comprehensiveIncomeNetOfTax": "None", "ebit": "3700000000", "ebitda": "2300000000", "netIncome": "2295000000"}, {"fiscalDateEnding": "2012-03-31", "reportedCurrency": "USD", "grossProfit": "15916000000", "totalRevenue": "15916000000", "costOfRevenue": "774000000", "costofGoodsAndServicesSold": "774000000", "operatingIncome": "-134000000", "sellingGeneralAndAdministrative": "2346000000", "researchAndDevelopment": "0", "operatingExpenses": "16325000000", "investmentIncomeNet": "None", "netInterestIncome": "None", "interestIncome": "None", "interestExpense": "379000000", "nonInterestIncome": "None", "otherNonOperatingIncome": "None", "depreciation": "None", "depreciationAndAmortization": "94000000", "incomeBeforeTax": "-409000000", "incomeTaxExpense": "-275000000", "interestAndDebtExpense": "None", "netIncomeFromContinuingOperations": "0", "comprehensiveIncomeNetOfTax": "None", "ebit": "-134000000", "ebitda": "-40000000", "netIncome": "-144000000"}, {"fiscalDateEnding": "2011-12-31", "reportedCurrency": "USD", "grossProfit": "16745000000", "totalRevenue": "16745000000", "costOfRevenue": "14968000000", "costofGoodsAndServicesSold": "14968000000", "operatingIncome": "1520000000", "sellingGeneralAndAdministrative": "2164000000", "researchAndDevelopment": "0", "operatingExpenses": "15225000000", "investmentIncomeNet": "None", "netInterestIncome": "None", "interestIncome": "None", "interestExpense": "262000000", "nonInterestIncome": "None", "otherNonOperatingIncome": "None", "depreciation": "None", "depreciationAndAmortization": "None", "incomeBeforeTax": "1520000000", "incomeTaxExpense": "394000000", "interestAndDebtExpense": "None", "netIncomeFromContinuingOperations": "0", "comprehensiveIncomeNetOfTax": "None", "ebit": "1520000000", "ebitda": "1288000000", "netIncome": "1156000000"}, {"fiscalDateEnding": "2011-09-30", "reportedCurrency": "USD", "grossProfit": "20453000000", "totalRevenue": "17017000000", "costOfRevenue": "-3436000000", "costofGoodsAndServicesSold": "-3436000000", "operatingIncome": "5115000000", "sellingGeneralAndAdministrative": "1860000000", "researchAndDevelopment": "0", "operatingExpenses": "15338000000", "investmentIncomeNet": "None", "netInterestIncome": "None", "interestIncome": "None", "interestExpense": "451000000", "nonInterestIncome": "None", "otherNonOperatingIncome": "None", "depreciation": "None", "depreciationAndAmortization": "-1994000000", "incomeBeforeTax": "5115000000", "incomeTaxExpense": "1673000000", "interestAndDebtExpense": "None", "netIncomeFromContinuingOperations": "3572000000", "comprehensiveIncomeNetOfTax": "None", "ebit": "5566000000", "ebitda": "3572000000", "netIncome": "3456000000"}, {"fiscalDateEnding": "2011-06-30", "reportedCurrency": "USD", "grossProfit": "17146000000", "totalRevenue": "17146000000", "costOfRevenue": "-265000000", "costofGoodsAndServicesSold": "-265000000", "operatingIncome": "1201000000", "sellingGeneralAndAdministrative": "1937000000", "researchAndDevelopment": "0", "operatingExpenses": "15636000000", "investmentIncomeNet": "None", "netInterestIncome": "None", "interestIncome": "None", "interestExpense": "443000000", "nonInterestIncome": "None", "otherNonOperatingIncome": "None", "depreciation": "None", "depreciationAndAmortization": "-752000000", "incomeBeforeTax": "1510000000", "incomeTaxExpense": "448000000", "interestAndDebtExpense": "None", "netIncomeFromContinuingOperations": "1201000000", "comprehensiveIncomeNetOfTax": "None", "ebit": "1953000000", "ebitda": "1201000000", "netIncome": "1100000000"}, {"fiscalDateEnding": "2011-03-31", "reportedCurrency": "USD", "grossProfit": "15908000000", "totalRevenue": "15908000000", "costOfRevenue": "-88000000", "costofGoodsAndServicesSold": "-88000000", "operatingIncome": "1055000000", "sellingGeneralAndAdministrative": "1812000000", "researchAndDevelopment": "0", "operatingExpenses": "14623000000", "investmentIncomeNet": "None", "netInterestIncome": "None", "interestIncome": "None", "interestExpense": "438000000", "nonInterestIncome": "None", "otherNonOperatingIncome": "None", "depreciation": "None", "depreciationAndAmortization": "-668000000", "incomeBeforeTax": "1285000000", "incomeTaxExpense": "361000000", "interestAndDebtExpense": "None", "netIncomeFromContinuingOperations": "1055000000", "comprehensiveIncomeNetOfTax": "None", "ebit": "1723000000", "ebitda": "1055000000", "netIncome": "877000000"}, {"fiscalDateEnding": "2010-12-31", "reportedCurrency": "USD", "grossProfit": "12837000000", "totalRevenue": "12837000000", "costOfRevenue": "12177000000", "costofGoodsAndServicesSold": "12177000000", "operatingIncome": "3000000", "sellingGeneralAndAdministrative": "2563000000", "researchAndDevelopment": "0", "operatingExpenses": "12834000000", "investmentIncomeNet": "None", "netInterestIncome": "None", "interestIncome": "None", "interestExpense": "311000000", "nonInterestIncome": "None", "otherNonOperatingIncome": "None", "depreciation": "None", "depreciationAndAmortization": "-1698000000", "incomeBeforeTax": "3000000", "incomeTaxExpense": "-78000000", "interestAndDebtExpense": "None", "netIncomeFromContinuingOperations": "0", "comprehensiveIncomeNetOfTax": "None", "ebit": "-308000000", "ebitda": "-2006000000", "netIncome": "82000000"}, {"fiscalDateEnding": "2010-09-30", "reportedCurrency": "USD", "grossProfit": "12444000000", "totalRevenue": "12338000000", "costOfRevenue": "-106000000", "costofGoodsAndServicesSold": "-106000000", "operatingIncome": "322000000", "sellingGeneralAndAdministrative": "1259000000", "researchAndDevelopment": "0", "operatingExpenses": "11953000000", "investmentIncomeNet": "None", "netInterestIncome": "None", "interestIncome": "None", "interestExpense": "430000000", "nonInterestIncome": "None", "otherNonOperatingIncome": "None", "depreciation": "None", "depreciationAndAmortization": "492000000", "incomeBeforeTax": "385000000", "incomeTaxExpense": "68000000", "interestAndDebtExpense": "None", "netIncomeFromContinuingOperations": "0", "comprehensiveIncomeNetOfTax": "None", "ebit": "-170000000", "ebitda": "322000000", "netIncome": "316000000"}, {"fiscalDateEnding": "2010-06-30", "reportedCurrency": "USD", "grossProfit": "14246000000", "totalRevenue": "14138000000", "costOfRevenue": "-108000000", "costofGoodsAndServicesSold": "-108000000", "operatingIncome": "2363000000", "sellingGeneralAndAdministrative": "1274000000", "researchAndDevelopment": "0", "operatingExpenses": "11775000000", "investmentIncomeNet": "None", "netInterestIncome": "None", "interestIncome": "None", "interestExpense": "405000000", "nonInterestIncome": "None", "otherNonOperatingIncome": "None", "depreciation": "None", "depreciationAndAmortization": "-1227000000", "incomeBeforeTax": "2363000000", "incomeTaxExpense": "827000000", "interestAndDebtExpense": "None", "netIncomeFromContinuingOperations": "0", "comprehensiveIncomeNetOfTax": "None", "ebit": "2768000000", "ebitda": "1541000000", "netIncome": "1557000000"}, {"fiscalDateEnding": "2010-03-31", "reportedCurrency": "USD", "grossProfit": "13190000000", "totalRevenue": "13100000000", "costOfRevenue": "-90000000", "costofGoodsAndServicesSold": "-90000000", "operatingIncome": "833000000", "sellingGeneralAndAdministrative": "1210000000", "researchAndDevelopment": "0", "operatingExpenses": "11915000000", "investmentIncomeNet": "None", "netInterestIncome": "None", "interestIncome": "None", "interestExpense": "409000000", "nonInterestIncome": "None", "otherNonOperatingIncome": "None", "depreciation": "None", "depreciationAndAmortization": "-761000000", "incomeBeforeTax": "1185000000", "incomeTaxExpense": "356000000", "interestAndDebtExpense": "None", "netIncomeFromContinuingOperations": "0", "comprehensiveIncomeNetOfTax": "None", "ebit": "1594000000", "ebitda": "833000000", "netIncome": "835000000"}, {"fiscalDateEnding": "2009-12-31", "reportedCurrency": "USD", "grossProfit": "12341000000", "totalRevenue": "12341000000", "costOfRevenue": "11832000000", "costofGoodsAndServicesSold": "11832000000", "operatingIncome": "179000000", "sellingGeneralAndAdministrative": "0", "researchAndDevelopment": "0", "operatingExpenses": "11789000000", "investmentIncomeNet": "None", "netInterestIncome": "None", "interestIncome": "None", "interestExpense": "1044000000", "nonInterestIncome": "None", "otherNonOperatingIncome": "None", "depreciation": "None", "depreciationAndAmortization": "-798000000", "incomeBeforeTax": "179000000", "incomeTaxExpense": "-131000000", "interestAndDebtExpense": "None", "netIncomeFromContinuingOperations": "0", "comprehensiveIncomeNetOfTax": "None", "ebit": "1775000000", "ebitda": "977000000", "netIncome": "320000000"}, {"fiscalDateEnding": "2009-09-30", "reportedCurrency": "USD", "grossProfit": "10238000000", "totalRevenue": "10238000000", "costOfRevenue": "11084000000", "costofGoodsAndServicesSold": "11084000000", "operatingIncome": "-624000000", "sellingGeneralAndAdministrative": "942000000", "researchAndDevelopment": "0", "operatingExpenses": "11413000000", "investmentIncomeNet": "None", "netInterestIncome": "None", "interestIncome": "None", "interestExpense": "321000000", "nonInterestIncome": "None", "otherNonOperatingIncome": "None", "depreciation": "None", "depreciationAndAmortization": "230000000", "incomeBeforeTax": "-1175000000", "incomeTaxExpense": "-551000000", "interestAndDebtExpense": "None", "netIncomeFromContinuingOperations": "0", "comprehensiveIncomeNetOfTax": "None", "ebit": "-854000000", "ebitda": "-624000000", "netIncome": "-620000000"}, {"fiscalDateEnding": "2009-06-30", "reportedCurrency": "USD", "grossProfit": "8266000000", "totalRevenue": "8265000000", "costOfRevenue": "-1000000", "costofGoodsAndServicesSold": "-1000000", "operatingIncome": "-2375000000", "sellingGeneralAndAdministrative": "0", "researchAndDevelopment": "0", "operatingExpenses": "10640000000", "investmentIncomeNet": "None", "netInterestIncome": "None", "interestIncome": "None", "interestExpense": "260000000", "nonInterestIncome": "None", "otherNonOperatingIncome": "None", "depreciation": "None", "depreciationAndAmortization": "130000000", "incomeBeforeTax": "-2375000000", "incomeTaxExpense": "-956000000", "interestAndDebtExpense": "None", "netIncomeFromContinuingOperations": "0", "comprehensiveIncomeNetOfTax": "None", "ebit": "-2358000000", "ebitda": "-2228000000", "netIncome": "-1402000000"}, {"fiscalDateEnding": "2009-03-31", "reportedCurrency": "USD", "grossProfit": "10216000000", "totalRevenue": "10214000000", "costOfRevenue": "-2000000", "costofGoodsAndServicesSold": "-2000000", "operatingIncome": "-584000000", "sellingGeneralAndAdministrative": "0", "researchAndDevelopment": "0", "operatingExpenses": "11176000000", "investmentIncomeNet": "None", "netInterestIncome": "None", "interestIncome": "None", "interestExpense": "267000000", "nonInterestIncome": "None", "otherNonOperatingIncome": "None", "depreciation": "None", "depreciationAndAmortization": "129000000", "incomeBeforeTax": "-962000000", "incomeTaxExpense": "-377000000", "interestAndDebtExpense": "None", "netIncomeFromContinuingOperations": "0", "comprehensiveIncomeNetOfTax": "None", "ebit": "-924000000", "ebitda": "-795000000", "netIncome": "-548000000"}, {"fiscalDateEnding": "2008-12-31", "reportedCurrency": "USD", "grossProfit": "13885000000", "totalRevenue": "13885000000", "costOfRevenue": "12186000000", "costofGoodsAndServicesSold": "12186000000", "operatingIncome": "1220000000", "sellingGeneralAndAdministrative": "852000000", "researchAndDevelopment": "0", "operatingExpenses": "12436000000", "investmentIncomeNet": "None", "netInterestIncome": "None", "interestIncome": "None", "interestExpense": "267000000", "nonInterestIncome": "None", "otherNonOperatingIncome": "None", "depreciation": "None", "depreciationAndAmortization": "-2587000000", "incomeBeforeTax": "1449000000", "incomeTaxExpense": "502000000", "interestAndDebtExpense": "None", "netIncomeFromContinuingOperations": "0", "comprehensiveIncomeNetOfTax": "None", "ebit": "1182000000", "ebitda": "-1405000000", "netIncome": "985000000"}, {"fiscalDateEnding": "2008-09-30", "reportedCurrency": "USD", "grossProfit": "13378000000", "totalRevenue": "13351000000", "costOfRevenue": "-27000000", "costofGoodsAndServicesSold": "-27000000", "operatingIncome": "1061000000", "sellingGeneralAndAdministrative": "0", "researchAndDevelopment": "0", "operatingExpenses": "11772000000", "investmentIncomeNet": "None", "netInterestIncome": "None", "interestIncome": "None", "interestExpense": "263000000", "nonInterestIncome": "None", "otherNonOperatingIncome": "None", "depreciation": "None", "depreciationAndAmortization": "-791000000", "incomeBeforeTax": "1579000000", "incomeTaxExpense": "529000000", "interestAndDebtExpense": "None", "netIncomeFromContinuingOperations": "0", "comprehensiveIncomeNetOfTax": "None", "ebit": "1852000000", "ebitda": "1061000000", "netIncome": "630000000"}, {"fiscalDateEnding": "2008-06-30", "reportedCurrency": "USD", "grossProfit": "13715000000", "totalRevenue": "12049000000", "costOfRevenue": "-1666000000", "costofGoodsAndServicesSold": "-1666000000", "operatingIncome": "945000000", "sellingGeneralAndAdministrative": "0", "researchAndDevelopment": "0", "operatingExpenses": "10828000000", "investmentIncomeNet": "None", "netInterestIncome": "None", "interestIncome": "None", "interestExpense": "269000000", "nonInterestIncome": "None", "otherNonOperatingIncome": "None", "depreciation": "None", "depreciationAndAmortization": "113000000", "incomeBeforeTax": "1221000000", "incomeTaxExpense": "342000000", "interestAndDebtExpense": "None", "netIncomeFromContinuingOperations": "0", "comprehensiveIncomeNetOfTax": "None", "ebit": "945000000", "ebitda": "1327000000", "netIncome": "946000000"}, {"fiscalDateEnding": "2008-03-31", "reportedCurrency": "USD", "grossProfit": "13027000000", "totalRevenue": "11624000000", "costOfRevenue": "-1403000000", "costofGoodsAndServicesSold": "-1403000000", "operatingIncome": "832000000", "sellingGeneralAndAdministrative": "852000000", "researchAndDevelopment": "0", "operatingExpenses": "10792000000", "investmentIncomeNet": "None", "netInterestIncome": "None", "interestIncome": "None", "interestExpense": "1630000000", "nonInterestIncome": "None", "otherNonOperatingIncome": "None", "depreciation": "None", "depreciationAndAmortization": "221000000", "incomeBeforeTax": "832000000", "incomeTaxExpense": "207000000", "interestAndDebtExpense": "None", "netIncomeFromContinuingOperations": "0", "comprehensiveIncomeNetOfTax": "None", "ebit": "429000000", "ebitda": "650000000", "netIncome": "660000000"}, {"fiscalDateEnding": "2007-12-31", "reportedCurrency": "USD", "grossProfit": "13821000000", "totalRevenue": "13821000000", "costOfRevenue": "20469000000", "costofGoodsAndServicesSold": "20469000000", "operatingIncome": "1576000000", "sellingGeneralAndAdministrative": "902000000", "researchAndDevelopment": "0", "operatingExpenses": "12245000000", "investmentIncomeNet": "None", "netInterestIncome": "None", "interestIncome": "None", "interestExpense": "310000000", "nonInterestIncome": "None", "otherNonOperatingIncome": "None", "depreciation": "None", "depreciationAndAmortization": "-3508000000", "incomeBeforeTax": "1576000000", "incomeTaxExpense": "464000000", "interestAndDebtExpense": "None", "netIncomeFromContinuingOperations": "0", "comprehensiveIncomeNetOfTax": "None", "ebit": "1886000000", "ebitda": "-1622000000", "netIncome": "1118000000"}, {"fiscalDateEnding": "2007-09-30", "reportedCurrency": "USD", "grossProfit": "13055000000", "totalRevenue": "11678000000", "costOfRevenue": "-1377000000", "costofGoodsAndServicesSold": "-1377000000", "operatingIncome": "985000000", "sellingGeneralAndAdministrative": "890000000", "researchAndDevelopment": "0", "operatingExpenses": "10355000000", "investmentIncomeNet": "None", "netInterestIncome": "None", "interestIncome": "None", "interestExpense": "264000000", "nonInterestIncome": "None", "otherNonOperatingIncome": "None", "depreciation": "None", "depreciationAndAmortization": "-602000000", "incomeBeforeTax": "1323000000", "incomeTaxExpense": "380000000", "interestAndDebtExpense": "None", "netIncomeFromContinuingOperations": "0", "comprehensiveIncomeNetOfTax": "None", "ebit": "1587000000", "ebitda": "985000000", "netIncome": "1019000000"}, {"fiscalDateEnding": "2007-06-30", "reportedCurrency": "USD", "grossProfit": "13219000000", "totalRevenue": "13217000000", "costOfRevenue": "-2000000", "costofGoodsAndServicesSold": "-2000000", "operatingIncome": "1156000000", "sellingGeneralAndAdministrative": "898000000", "researchAndDevelopment": "0", "operatingExpenses": "11586000000", "investmentIncomeNet": "None", "netInterestIncome": "None", "interestIncome": "None", "interestExpense": "267000000", "nonInterestIncome": "None", "otherNonOperatingIncome": "None", "depreciation": "None", "depreciationAndAmortization": "-744000000", "incomeBeforeTax": "1631000000", "incomeTaxExpense": "476000000", "interestAndDebtExpense": "None", "netIncomeFromContinuingOperations": "0", "comprehensiveIncomeNetOfTax": "None", "ebit": "1900000000", "ebitda": "1156000000", "netIncome": "1163000000"}, {"fiscalDateEnding": "2007-03-31", "reportedCurrency": "USD", "grossProfit": "12912000000", "totalRevenue": "12912000000", "costOfRevenue": "11133000000", "costofGoodsAndServicesSold": "11133000000", "operatingIncome": "1027000000", "sellingGeneralAndAdministrative": "866000000", "researchAndDevelopment": "0", "operatingExpenses": "11469000000", "investmentIncomeNet": "None", "netInterestIncome": "None", "interestIncome": "None", "interestExpense": "1628000000", "nonInterestIncome": "None", "otherNonOperatingIncome": "None", "depreciation": "None", "depreciationAndAmortization": "2034000000", "incomeBeforeTax": "1443000000", "incomeTaxExpense": "416000000", "interestAndDebtExpense": "None", "netIncomeFromContinuingOperations": "0", "comprehensiveIncomeNetOfTax": "None", "ebit": "-1007000000", "ebitda": "1027000000", "netIncome": "1017000000"}, {"fiscalDateEnding": "2006-12-31", "reportedCurrency": "USD", "grossProfit": "12893000000", "totalRevenue": "12893000000", "costOfRevenue": "11523000000", "costofGoodsAndServicesSold": "11523000000", "operatingIncome": "1067000000", "sellingGeneralAndAdministrative": "951000000", "researchAndDevelopment": "0", "operatingExpenses": "11826000000", "investmentIncomeNet": "None", "netInterestIncome": "None", "interestIncome": "None", "interestExpense": "229000000", "nonInterestIncome": "None", "otherNonOperatingIncome": "None", "depreciation": "None", "depreciationAndAmortization": "-679000000", "incomeBeforeTax": "1067000000", "incomeTaxExpense": "261000000", "interestAndDebtExpense": "None", "netIncomeFromContinuingOperations": "0", "comprehensiveIncomeNetOfTax": "None", "ebit": "1296000000", "ebitda": "617000000", "netIncome": "3863000000"}, {"fiscalDateEnding": "2006-09-30", "reportedCurrency": "USD", "grossProfit": "12551000000", "totalRevenue": "12528000000", "costOfRevenue": "-23000000", "costofGoodsAndServicesSold": "-23000000", "operatingIncome": "1316000000", "sellingGeneralAndAdministrative": "847000000", "researchAndDevelopment": "0", "operatingExpenses": "11212000000", "investmentIncomeNet": "None", "netInterestIncome": "None", "interestIncome": "None", "interestExpense": "246000000", "nonInterestIncome": "None", "otherNonOperatingIncome": "None", "depreciation": "None", "depreciationAndAmortization": "-603000000", "incomeBeforeTax": "1316000000", "incomeTaxExpense": "357000000", "interestAndDebtExpense": "None", "netIncomeFromContinuingOperations": "0", "comprehensiveIncomeNetOfTax": "None", "ebit": "1560000000", "ebitda": "957000000", "netIncome": "1033000000"}, {"fiscalDateEnding": "2006-06-30", "reportedCurrency": "USD", "grossProfit": "11409000000", "totalRevenue": "11351000000", "costOfRevenue": "-58000000", "costofGoodsAndServicesSold": "-58000000", "operatingIncome": "798000000", "sellingGeneralAndAdministrative": "832000000", "researchAndDevelopment": "0", "operatingExpenses": "10553000000", "investmentIncomeNet": "None", "netInterestIncome": "None", "interestIncome": "None", "interestExpense": "214000000", "nonInterestIncome": "None", "otherNonOperatingIncome": "None", "depreciation": "None", "depreciationAndAmortization": "None", "incomeBeforeTax": "798000000", "incomeTaxExpense": "205000000", "interestAndDebtExpense": "None", "netIncomeFromContinuingOperations": "0", "comprehensiveIncomeNetOfTax": "None", "ebit": "836000000", "ebitda": "1081000000", "netIncome": "650000000"}, {"fiscalDateEnding": "2006-03-31", "reportedCurrency": "USD", "grossProfit": "11585000000", "totalRevenue": "11532000000", "costOfRevenue": "-53000000", "costofGoodsAndServicesSold": "-53000000", "operatingIncome": "1014000000", "sellingGeneralAndAdministrative": "800000000", "researchAndDevelopment": "0", "operatingExpenses": "10518000000", "investmentIncomeNet": "None", "netInterestIncome": "None", "interestIncome": "None", "interestExpense": "211000000", "nonInterestIncome": "None", "otherNonOperatingIncome": "None", "depreciation": "None", "depreciationAndAmortization": "None", "incomeBeforeTax": "1014000000", "incomeTaxExpense": "284000000", "interestAndDebtExpense": "None", "netIncomeFromContinuingOperations": "0", "comprehensiveIncomeNetOfTax": "None", "ebit": "1046000000", "ebitda": "1254000000", "netIncome": "747000000"}, {"fiscalDateEnding": "2005-12-31", "reportedCurrency": "USD", "grossProfit": "11546000000", "totalRevenue": "11546000000", "costOfRevenue": "10491000000", "costofGoodsAndServicesSold": "10491000000", "operatingIncome": "803000000", "sellingGeneralAndAdministrative": "879000000", "researchAndDevelopment": "0", "operatingExpenses": "10743000000", "investmentIncomeNet": "None", "netInterestIncome": "None", "interestIncome": "None", "interestExpense": "197000000", "nonInterestIncome": "None", "otherNonOperatingIncome": "None", "depreciation": "None", "depreciationAndAmortization": "117000000", "incomeBeforeTax": "803000000", "incomeTaxExpense": "211000000", "interestAndDebtExpense": "None", "netIncomeFromContinuingOperations": "0", "comprehensiveIncomeNetOfTax": "None", "ebit": "1000000000", "ebitda": "1117000000", "netIncome": "709000000"}, {"fiscalDateEnding": "2005-09-30", "reportedCurrency": "USD", "grossProfit": "12012000000", "totalRevenue": "11988000000", "costOfRevenue": "-24000000", "costofGoodsAndServicesSold": "-24000000", "operatingIncome": "961000000", "sellingGeneralAndAdministrative": "861000000", "researchAndDevelopment": "0", "operatingExpenses": "11027000000", "investmentIncomeNet": "None", "netInterestIncome": "None", "interestIncome": "None", "interestExpense": "194000000", "nonInterestIncome": "None", "otherNonOperatingIncome": "None", "depreciation": "None", "depreciationAndAmortization": "None", "incomeBeforeTax": "961000000", "incomeTaxExpense": "238000000", "interestAndDebtExpense": "None", "netIncomeFromContinuingOperations": "0", "comprehensiveIncomeNetOfTax": "None", "ebit": "985000000", "ebitda": "1213000000", "netIncome": "773000000"}, {"fiscalDateEnding": "2005-06-30", "reportedCurrency": "USD", "grossProfit": "10949000000", "totalRevenue": "10955000000", "costOfRevenue": "6000000", "costofGoodsAndServicesSold": "6000000", "operatingIncome": "1455000000", "sellingGeneralAndAdministrative": "748000000", "researchAndDevelopment": "0", "operatingExpenses": "9500000000", "investmentIncomeNet": "None", "netInterestIncome": "None", "interestIncome": "None", "interestExpense": "137000000", "nonInterestIncome": "None", "otherNonOperatingIncome": "None", "depreciation": "None", "depreciationAndAmortization": "1244000000", "incomeBeforeTax": "1455000000", "incomeTaxExpense": "450000000", "interestAndDebtExpense": "None", "netIncomeFromContinuingOperations": "0", "comprehensiveIncomeNetOfTax": "None", "ebit": "1592000000", "ebitda": "2836000000", "netIncome": "2245000000"}, {"fiscalDateEnding": "2005-03-31", "reportedCurrency": "USD", "grossProfit": "10294000000", "totalRevenue": "10257000000", "costOfRevenue": "-37000000", "costofGoodsAndServicesSold": "-37000000", "operatingIncome": "1150000000", "sellingGeneralAndAdministrative": "675000000", "researchAndDevelopment": "0", "operatingExpenses": "9107000000", "investmentIncomeNet": "None", "netInterestIncome": "None", "interestIncome": "None", "interestExpense": "131000000", "nonInterestIncome": "None", "otherNonOperatingIncome": "None", "depreciation": "None", "depreciationAndAmortization": "187000000", "incomeBeforeTax": "1150000000", "incomeTaxExpense": "350000000", "interestAndDebtExpense": "None", "netIncomeFromContinuingOperations": "0", "comprehensiveIncomeNetOfTax": "None", "ebit": "1281000000", "ebitda": "1468000000", "netIncome": "987000000"}, {"fiscalDateEnding": "2004-12-31", "reportedCurrency": "USD", "grossProfit": "10053000000", "totalRevenue": "10053000000", "costOfRevenue": "9087000000", "costofGoodsAndServicesSold": "9087000000", "operatingIncome": "726000000", "sellingGeneralAndAdministrative": "0", "researchAndDevelopment": "0", "operatingExpenses": "9327000000", "investmentIncomeNet": "None", "netInterestIncome": "None", "interestIncome": "None", "interestExpense": "124000000", "nonInterestIncome": "None", "otherNonOperatingIncome": "None", "depreciation": "None", "depreciationAndAmortization": "None", "incomeBeforeTax": "726000000", "incomeTaxExpense": "220000000", "interestAndDebtExpense": "None", "netIncomeFromContinuingOperations": "0", "comprehensiveIncomeNetOfTax": "None", "ebit": "726000000", "ebitda": "731000000", "netIncome": "511000000"}]}