{"symbol": "AEP", "annualReports": [{"fiscalDateEnding": "2024-12-31", "reportedCurrency": "USD", "grossProfit": "12459900000", "totalRevenue": "19721300000", "costOfRevenue": "7261400000", "costofGoodsAndServicesSold": "7261400000", "operatingIncome": "4303600000", "sellingGeneralAndAdministrative": "None", "researchAndDevelopment": "None", "operatingExpenses": "8156300000", "investmentIncomeNet": "None", "netInterestIncome": "-1862800000", "interestIncome": "None", "interestExpense": "1862800000", "nonInterestIncome": "None", "otherNonOperatingIncome": "None", "depreciation": "None", "depreciationAndAmortization": "3392800000", "incomeBeforeTax": "2842900000", "incomeTaxExpense": "-39200000", "interestAndDebtExpense": "None", "netIncomeFromContinuingOperations": "2975800000", "comprehensiveIncomeNetOfTax": "None", "ebit": "4705700000", "ebitda": "8098500000", "netIncome": "2967100000"}, {"fiscalDateEnding": "2023-12-31", "reportedCurrency": "USD", "grossProfit": "11127700000", "totalRevenue": "18982300000", "costOfRevenue": "7854600000", "costofGoodsAndServicesSold": "7854600000", "operatingIncome": "3556200000", "sellingGeneralAndAdministrative": "None", "researchAndDevelopment": "None", "operatingExpenses": "7571500000", "investmentIncomeNet": "None", "netInterestIncome": "-1740400000", "interestIncome": "None", "interestExpense": "1806900000", "nonInterestIncome": "None", "otherNonOperatingIncome": "None", "depreciation": "None", "depreciationAndAmortization": "3187000000", "incomeBeforeTax": "2208700000", "incomeTaxExpense": "54600000", "interestAndDebtExpense": "None", "netIncomeFromContinuingOperations": "2258200000", "comprehensiveIncomeNetOfTax": "None", "ebit": "4015600000", "ebitda": "7202600000", "netIncome": "2208100000"}, {"fiscalDateEnding": "2022-12-31", "reportedCurrency": "USD", "grossProfit": "11292200000", "totalRevenue": "19639500000", "costOfRevenue": "8347300000", "costofGoodsAndServicesSold": "8347300000", "operatingIncome": "3482700000", "sellingGeneralAndAdministrative": "2878100000", "researchAndDevelopment": "None", "operatingExpenses": "7809500000", "investmentIncomeNet": "None", "netInterestIncome": "-1396100000", "interestIncome": "None", "interestExpense": "1396100000", "nonInterestIncome": "None", "otherNonOperatingIncome": "35900000", "depreciation": "None", "depreciationAndAmortization": "3285700000", "incomeBeforeTax": "2420400000", "incomeTaxExpense": "5400000", "interestAndDebtExpense": "None", "netIncomeFromContinuingOperations": "2305600000", "comprehensiveIncomeNetOfTax": "None", "ebit": "3816500000", "ebitda": "7102200000", "netIncome": "2307200000"}, {"fiscalDateEnding": "2021-12-31", "reportedCurrency": "USD", "grossProfit": "10203900000", "totalRevenue": "16792000000", "costOfRevenue": "6588100000", "costofGoodsAndServicesSold": "6588100000", "operatingIncome": "3411300000", "sellingGeneralAndAdministrative": "2547700000", "researchAndDevelopment": "None", "operatingExpenses": "6792600000", "investmentIncomeNet": "None", "netInterestIncome": "-1199100000", "interestIncome": "None", "interestExpense": "1199100000", "nonInterestIncome": "None", "otherNonOperatingIncome": "272800000", "depreciation": "None", "depreciationAndAmortization": "3046400000", "incomeBeforeTax": "2511900000", "incomeTaxExpense": "115500000", "interestAndDebtExpense": "None", "netIncomeFromContinuingOperations": "2396400000", "comprehensiveIncomeNetOfTax": "None", "ebit": "3711000000", "ebitda": "6757400000", "netIncome": "2488100000"}, {"fiscalDateEnding": "2020-12-31", "reportedCurrency": "USD", "grossProfit": "9538400000", "totalRevenue": "14918500000", "costOfRevenue": "5380100000", "costofGoodsAndServicesSold": "5380100000", "operatingIncome": "2987700000", "sellingGeneralAndAdministrative": "2572400000", "researchAndDevelopment": "None", "operatingExpenses": "6550700000", "investmentIncomeNet": "None", "netInterestIncome": "-1165700000", "interestIncome": "None", "interestExpense": "1165700000", "nonInterestIncome": "None", "otherNonOperatingIncome": "296200000", "depreciation": "None", "depreciationAndAmortization": "2906800000", "incomeBeforeTax": "2146100000", "incomeTaxExpense": "40500000", "interestAndDebtExpense": "None", "netIncomeFromContinuingOperations": "2105600000", "comprehensiveIncomeNetOfTax": "None", "ebit": "3311800000", "ebitda": "6218600000", "netIncome": "2200100000"}, {"fiscalDateEnding": "2019-12-31", "reportedCurrency": "USD", "grossProfit": "9241400000", "totalRevenue": "15561400000", "costOfRevenue": "6320000000", "costofGoodsAndServicesSold": "6320000000", "operatingIncome": "2592300000", "sellingGeneralAndAdministrative": "2743700000", "researchAndDevelopment": "None", "operatingExpenses": "6649100000", "investmentIncomeNet": "None", "netInterestIncome": "-1072500000", "interestIncome": "904100000", "interestExpense": "1072500000", "nonInterestIncome": "None", "otherNonOperatingIncome": "267100000", "depreciation": "None", "depreciationAndAmortization": "2740100000", "incomeBeforeTax": "1834800000", "incomeTaxExpense": "-12900000", "interestAndDebtExpense": "None", "netIncomeFromContinuingOperations": "1847700000", "comprehensiveIncomeNetOfTax": "None", "ebit": "2907300000", "ebitda": "5647400000", "netIncome": "1921100000"}, {"fiscalDateEnding": "2018-12-31", "reportedCurrency": "USD", "grossProfit": "9161800000", "totalRevenue": "16195700000", "costOfRevenue": "7033900000", "costofGoodsAndServicesSold": "7033900000", "operatingIncome": "2682700000", "sellingGeneralAndAdministrative": "2979200000", "researchAndDevelopment": "0", "operatingExpenses": "6479100000", "investmentIncomeNet": "None", "netInterestIncome": "-972800000", "interestIncome": "11600000", "interestExpense": "984400000", "nonInterestIncome": "None", "otherNonOperatingIncome": "223800000", "depreciation": "None", "depreciationAndAmortization": "2400400000", "incomeBeforeTax": "1973500000", "incomeTaxExpense": "115300000", "interestAndDebtExpense": "None", "netIncomeFromContinuingOperations": "1931300000", "comprehensiveIncomeNetOfTax": "None", "ebit": "2957900000", "ebitda": "5358300000", "netIncome": "1923800000"}, {"fiscalDateEnding": "2017-12-31", "reportedCurrency": "USD", "grossProfit": "8967500000", "totalRevenue": "15424900000", "costOfRevenue": "6457400000", "costofGoodsAndServicesSold": "6457400000", "operatingIncome": "3525000000", "sellingGeneralAndAdministrative": "3543400000", "researchAndDevelopment": "0", "operatingExpenses": "5442500000", "investmentIncomeNet": "None", "netInterestIncome": "-879000000", "interestIncome": "16000000", "interestExpense": "895000000", "nonInterestIncome": "None", "otherNonOperatingIncome": "223100000", "depreciation": "None", "depreciationAndAmortization": "2126300000", "incomeBeforeTax": "2816200000", "incomeTaxExpense": "969700000", "interestAndDebtExpense": "None", "netIncomeFromContinuingOperations": "1928900000", "comprehensiveIncomeNetOfTax": "None", "ebit": "3711200000", "ebitda": "5837500000", "netIncome": "1912600000"}, {"fiscalDateEnding": "2016-12-31", "reportedCurrency": "USD", "grossProfit": "9408100000", "totalRevenue": "16380100000", "costOfRevenue": "6972000000", "costofGoodsAndServicesSold": "6972000000", "operatingIncome": "1163900000", "sellingGeneralAndAdministrative": "3974900000", "researchAndDevelopment": "0", "operatingExpenses": "8244200000", "investmentIncomeNet": "None", "netInterestIncome": "-860900000", "interestIncome": "16300000", "interestExpense": "877200000", "nonInterestIncome": "None", "otherNonOperatingIncome": "216900000", "depreciation": "None", "depreciationAndAmortization": "2090900000", "incomeBeforeTax": "475600000", "incomeTaxExpense": "-73700000", "interestAndDebtExpense": "None", "netIncomeFromContinuingOperations": "620500000", "comprehensiveIncomeNetOfTax": "None", "ebit": "1352800000", "ebitda": "3443700000", "netIncome": "610900000"}, {"fiscalDateEnding": "2015-12-31", "reportedCurrency": "USD", "grossProfit": "9019700000", "totalRevenue": "16453200000", "costOfRevenue": "7433500000", "costofGoodsAndServicesSold": "7433500000", "operatingIncome": "3333500000", "sellingGeneralAndAdministrative": "3676500000", "researchAndDevelopment": "0", "operatingExpenses": "5686200000", "investmentIncomeNet": "None", "netInterestIncome": "None", "interestIncome": "734100000", "interestExpense": "873900000", "nonInterestIncome": "None", "otherNonOperatingIncome": "228600000", "depreciation": "None", "depreciationAndAmortization": "2154700000", "incomeBeforeTax": "2622900000", "incomeTaxExpense": "919600000", "interestAndDebtExpense": "None", "netIncomeFromContinuingOperations": "1768600000", "comprehensiveIncomeNetOfTax": "None", "ebit": "3496800000", "ebitda": "5651500000", "netIncome": "2047100000"}, {"fiscalDateEnding": "2014-12-31", "reportedCurrency": "USD", "grossProfit": "8692900000", "totalRevenue": "16378600000", "costOfRevenue": "7685700000", "costofGoodsAndServicesSold": "7685700000", "operatingIncome": "3127400000", "sellingGeneralAndAdministrative": "4140000000", "researchAndDevelopment": "0", "operatingExpenses": "5565500000", "investmentIncomeNet": "None", "netInterestIncome": "None", "interestIncome": "None", "interestExpense": "868000000", "nonInterestIncome": "None", "otherNonOperatingIncome": "233000000", "depreciation": "None", "depreciationAndAmortization": "2041800000", "incomeBeforeTax": "2402900000", "incomeTaxExpense": "902600000", "interestAndDebtExpense": "None", "netIncomeFromContinuingOperations": "1548000000", "comprehensiveIncomeNetOfTax": "None", "ebit": "3270900000", "ebitda": "5312700000", "netIncome": "1633800000"}, {"fiscalDateEnding": "2013-12-31", "reportedCurrency": "USD", "grossProfit": "8091200000", "totalRevenue": "14813500000", "costOfRevenue": "6722300000", "costofGoodsAndServicesSold": "6722300000", "operatingIncome": "2822500000", "sellingGeneralAndAdministrative": "3795000000", "researchAndDevelopment": "0", "operatingExpenses": "5268700000", "investmentIncomeNet": "None", "netInterestIncome": "None", "interestIncome": "None", "interestExpense": "890000000", "nonInterestIncome": "None", "otherNonOperatingIncome": "219000000", "depreciation": "None", "depreciationAndAmortization": "1843100000", "incomeBeforeTax": "2093300000", "incomeTaxExpense": "677700000", "interestAndDebtExpense": "None", "netIncomeFromContinuingOperations": "1426000000", "comprehensiveIncomeNetOfTax": "None", "ebit": "2983300000", "ebitda": "4826400000", "netIncome": "1480500000"}, {"fiscalDateEnding": "2012-12-31", "reportedCurrency": "USD", "grossProfit": "8550000000", "totalRevenue": "14945000000", "costOfRevenue": "6395000000", "costofGoodsAndServicesSold": "6395000000", "operatingIncome": "2656000000", "sellingGeneralAndAdministrative": "3812000000", "researchAndDevelopment": "0", "operatingExpenses": "5894000000", "investmentIncomeNet": "None", "netInterestIncome": "None", "interestIncome": "None", "interestExpense": "988000000", "nonInterestIncome": "None", "otherNonOperatingIncome": "198000000", "depreciation": "None", "depreciationAndAmortization": "1918000000", "incomeBeforeTax": "1822000000", "incomeTaxExpense": "604000000", "interestAndDebtExpense": "None", "netIncomeFromContinuingOperations": "1218000000", "comprehensiveIncomeNetOfTax": "None", "ebit": "2810000000", "ebitda": "4728000000", "netIncome": "1259000000"}, {"fiscalDateEnding": "2011-12-31", "reportedCurrency": "USD", "grossProfit": "8268000000", "totalRevenue": "15116000000", "costOfRevenue": "6848000000", "costofGoodsAndServicesSold": "6848000000", "operatingIncome": "2782000000", "sellingGeneralAndAdministrative": "0", "researchAndDevelopment": "0", "operatingExpenses": "5486000000", "investmentIncomeNet": "None", "netInterestIncome": "None", "interestIncome": "None", "interestExpense": "933000000", "nonInterestIncome": "None", "otherNonOperatingIncome": "None", "depreciation": "None", "depreciationAndAmortization": "1792000000", "incomeBeforeTax": "2367000000", "incomeTaxExpense": "818000000", "interestAndDebtExpense": "None", "netIncomeFromContinuingOperations": "None", "comprehensiveIncomeNetOfTax": "None", "ebit": "3300000000", "ebitda": "5092000000", "netIncome": "1946000000"}, {"fiscalDateEnding": "2010-12-31", "reportedCurrency": "USD", "grossProfit": "8256000000", "totalRevenue": "14427000000", "costOfRevenue": "6171000000", "costofGoodsAndServicesSold": "6171000000", "operatingIncome": "2663000000", "sellingGeneralAndAdministrative": "3952000000", "researchAndDevelopment": "0", "operatingExpenses": "5593000000", "investmentIncomeNet": "None", "netInterestIncome": "None", "interestIncome": "None", "interestExpense": "999000000", "nonInterestIncome": "None", "otherNonOperatingIncome": "120000000", "depreciation": "None", "depreciationAndAmortization": "1780000000", "incomeBeforeTax": "1849000000", "incomeTaxExpense": "643000000", "interestAndDebtExpense": "None", "netIncomeFromContinuingOperations": "1218000000", "comprehensiveIncomeNetOfTax": "None", "ebit": "2848000000", "ebitda": "4628000000", "netIncome": "1214000000"}, {"fiscalDateEnding": "2009-12-31", "reportedCurrency": "USD", "grossProfit": "8958000000", "totalRevenue": "13489000000", "costOfRevenue": "4531000000", "costofGoodsAndServicesSold": "4531000000", "operatingIncome": "2771000000", "sellingGeneralAndAdministrative": "0", "researchAndDevelopment": "0", "operatingExpenses": "6187000000", "investmentIncomeNet": "None", "netInterestIncome": "None", "interestIncome": "None", "interestExpense": "973000000", "nonInterestIncome": "None", "otherNonOperatingIncome": "None", "depreciation": "None", "depreciationAndAmortization": "1660000000", "incomeBeforeTax": "1938000000", "incomeTaxExpense": "575000000", "interestAndDebtExpense": "None", "netIncomeFromContinuingOperations": "None", "comprehensiveIncomeNetOfTax": "None", "ebit": "2911000000", "ebitda": "4571000000", "netIncome": "1360000000"}, {"fiscalDateEnding": "2008-12-31", "reportedCurrency": "USD", "grossProfit": "8685000000", "totalRevenue": "14440000000", "costOfRevenue": "5755000000", "costofGoodsAndServicesSold": "5755000000", "operatingIncome": "2787000000", "sellingGeneralAndAdministrative": "None", "researchAndDevelopment": "None", "operatingExpenses": "5898000000", "investmentIncomeNet": "None", "netInterestIncome": "None", "interestIncome": "None", "interestExpense": "957000000", "nonInterestIncome": "None", "otherNonOperatingIncome": "None", "depreciation": "None", "depreciationAndAmortization": "1571000000", "incomeBeforeTax": "2015000000", "incomeTaxExpense": "642000000", "interestAndDebtExpense": "None", "netIncomeFromContinuingOperations": "None", "comprehensiveIncomeNetOfTax": "None", "ebit": "2972000000", "ebitda": "4543000000", "netIncome": "1383000000"}, {"fiscalDateEnding": "2007-12-31", "reportedCurrency": "USD", "grossProfit": "8413000000", "totalRevenue": "13380000000", "costOfRevenue": "4967000000", "costofGoodsAndServicesSold": "4967000000", "operatingIncome": "2278000000", "sellingGeneralAndAdministrative": "None", "researchAndDevelopment": "None", "operatingExpenses": "6135000000", "investmentIncomeNet": "None", "netInterestIncome": "None", "interestIncome": "None", "interestExpense": "0", "nonInterestIncome": "None", "otherNonOperatingIncome": "None", "depreciation": "None", "depreciationAndAmortization": "1578000000", "incomeBeforeTax": "1660000000", "incomeTaxExpense": "516000000", "interestAndDebtExpense": "None", "netIncomeFromContinuingOperations": "None", "comprehensiveIncomeNetOfTax": "None", "ebit": "2278000000", "ebitda": "3856000000", "netIncome": "1089000000"}, {"fiscalDateEnding": "2006-12-31", "reportedCurrency": "USD", "grossProfit": "7949000000", "totalRevenue": "12622000000", "costOfRevenue": "4673000000", "costofGoodsAndServicesSold": "4673000000", "operatingIncome": "1897000000", "sellingGeneralAndAdministrative": "None", "researchAndDevelopment": "None", "operatingExpenses": "6052000000", "investmentIncomeNet": "None", "netInterestIncome": "None", "interestIncome": "None", "interestExpense": "0", "nonInterestIncome": "None", "otherNonOperatingIncome": "None", "depreciation": "None", "depreciationAndAmortization": "1517000000", "incomeBeforeTax": "1477000000", "incomeTaxExpense": "485000000", "interestAndDebtExpense": "None", "netIncomeFromContinuingOperations": "None", "comprehensiveIncomeNetOfTax": "None", "ebit": "1897000000", "ebitda": "3414000000", "netIncome": "1002000000"}, {"fiscalDateEnding": "2005-12-31", "reportedCurrency": "USD", "grossProfit": "7576000000", "totalRevenue": "12111000000", "costOfRevenue": "4535000000", "costofGoodsAndServicesSold": "4535000000", "operatingIncome": "1810000000", "sellingGeneralAndAdministrative": "None", "researchAndDevelopment": "None", "operatingExpenses": "5766000000", "investmentIncomeNet": "None", "netInterestIncome": "None", "interestIncome": "None", "interestExpense": "0", "nonInterestIncome": "None", "otherNonOperatingIncome": "None", "depreciation": "None", "depreciationAndAmortization": "1301000000", "incomeBeforeTax": "1459000000", "incomeTaxExpense": "430000000", "interestAndDebtExpense": "None", "netIncomeFromContinuingOperations": "None", "comprehensiveIncomeNetOfTax": "None", "ebit": "1857000000", "ebitda": "3158000000", "netIncome": "814000000"}], "quarterlyReports": [{"fiscalDateEnding": "2024-12-31", "reportedCurrency": "USD", "grossProfit": "3051100000", "totalRevenue": "4696300000", "costOfRevenue": "1645200000", "costofGoodsAndServicesSold": "1645200000", "operatingIncome": "1095600000", "sellingGeneralAndAdministrative": "None", "researchAndDevelopment": "None", "operatingExpenses": "1955500000", "investmentIncomeNet": "None", "netInterestIncome": "-462800000", "interestIncome": "None", "interestExpense": "462800000", "nonInterestIncome": "None", "otherNonOperatingIncome": "None", "depreciation": "None", "depreciationAndAmortization": "931100000", "incomeBeforeTax": "697700000", "incomeTaxExpense": "58500000", "interestAndDebtExpense": "None", "netIncomeFromContinuingOperations": "665900000", "comprehensiveIncomeNetOfTax": "None", "ebit": "1160500000", "ebitda": "2091600000", "netIncome": "664100000"}, {"fiscalDateEnding": "2024-09-30", "reportedCurrency": "USD", "grossProfit": "3417200000", "totalRevenue": "5420100000", "costOfRevenue": "2002900000", "costofGoodsAndServicesSold": "2002900000", "operatingIncome": "1351500000", "sellingGeneralAndAdministrative": "None", "researchAndDevelopment": "None", "operatingExpenses": "2065700000", "investmentIncomeNet": "None", "netInterestIncome": "-498800000", "interestIncome": "None", "interestExpense": "498800000", "nonInterestIncome": "None", "otherNonOperatingIncome": "None", "depreciation": "None", "depreciationAndAmortization": "852700000", "incomeBeforeTax": "981900000", "incomeTaxExpense": "37500000", "interestAndDebtExpense": "None", "netIncomeFromContinuingOperations": "961700000", "comprehensiveIncomeNetOfTax": "None", "ebit": "1480700000", "ebitda": "2333400000", "netIncome": "959600000"}, {"fiscalDateEnding": "2024-06-30", "reportedCurrency": "USD", "grossProfit": "2859200000", "totalRevenue": "4579200000", "costOfRevenue": "1720000000", "costofGoodsAndServicesSold": "1720000000", "operatingIncome": "683900000", "sellingGeneralAndAdministrative": "None", "researchAndDevelopment": "None", "operatingExpenses": "2175300000", "investmentIncomeNet": "None", "netInterestIncome": "-465600000", "interestIncome": "None", "interestExpense": "465600000", "nonInterestIncome": "None", "otherNonOperatingIncome": "None", "depreciation": "None", "depreciationAndAmortization": "821900000", "incomeBeforeTax": "324000000", "incomeTaxExpense": "6700000", "interestAndDebtExpense": "None", "netIncomeFromContinuingOperations": "342500000", "comprehensiveIncomeNetOfTax": "None", "ebit": "789600000", "ebitda": "1611500000", "netIncome": "340300000"}, {"fiscalDateEnding": "2024-03-31", "reportedCurrency": "USD", "grossProfit": "3132400000", "totalRevenue": "5025700000", "costOfRevenue": "1893300000", "costofGoodsAndServicesSold": "1893300000", "operatingIncome": "1172600000", "sellingGeneralAndAdministrative": "None", "researchAndDevelopment": "None", "operatingExpenses": "1959800000", "investmentIncomeNet": "None", "netInterestIncome": "-435600000", "interestIncome": "None", "interestExpense": "435600000", "nonInterestIncome": "None", "otherNonOperatingIncome": "None", "depreciation": "None", "depreciationAndAmortization": "787100000", "incomeBeforeTax": "839300000", "incomeTaxExpense": "-141900000", "interestAndDebtExpense": "None", "netIncomeFromContinuingOperations": "1005700000", "comprehensiveIncomeNetOfTax": "None", "ebit": "1274900000", "ebitda": "2062000000", "netIncome": "1003100000"}, {"fiscalDateEnding": "2023-12-31", "reportedCurrency": "USD", "grossProfit": "2593200000", "totalRevenue": "4577200000", "costOfRevenue": "1984000000", "costofGoodsAndServicesSold": "1984000000", "operatingIncome": "623400000", "sellingGeneralAndAdministrative": "None", "researchAndDevelopment": "None", "operatingExpenses": "1969800000", "investmentIncomeNet": "None", "netInterestIncome": "-460900000", "interestIncome": "None", "interestExpense": "460900000", "nonInterestIncome": "None", "otherNonOperatingIncome": "None", "depreciation": "None", "depreciationAndAmortization": "877600000", "incomeBeforeTax": "291600000", "incomeTaxExpense": "-48600000", "interestAndDebtExpense": "None", "netIncomeFromContinuingOperations": "337800000", "comprehensiveIncomeNetOfTax": "None", "ebit": "752500000", "ebitda": "1630100000", "netIncome": "336200000"}, {"fiscalDateEnding": "2023-09-30", "reportedCurrency": "USD", "grossProfit": "3259400000", "totalRevenue": "5341700000", "costOfRevenue": "2082300000", "costofGoodsAndServicesSold": "2082300000", "operatingIncome": "1353300000", "sellingGeneralAndAdministrative": "None", "researchAndDevelopment": "None", "operatingExpenses": "1906100000", "investmentIncomeNet": "None", "netInterestIncome": "-470300000", "interestIncome": "None", "interestExpense": "470300000", "nonInterestIncome": "None", "otherNonOperatingIncome": "None", "depreciation": "None", "depreciationAndAmortization": "792300000", "incomeBeforeTax": "1001200000", "incomeTaxExpense": "64200000", "interestAndDebtExpense": "None", "netIncomeFromContinuingOperations": "958300000", "comprehensiveIncomeNetOfTax": "None", "ebit": "1471500000", "ebitda": "2263800000", "netIncome": "953700000"}, {"fiscalDateEnding": "2023-06-30", "reportedCurrency": "USD", "grossProfit": "2607900000", "totalRevenue": "4372500000", "costOfRevenue": "1764600000", "costofGoodsAndServicesSold": "1764600000", "operatingIncome": "874700000", "sellingGeneralAndAdministrative": "631200000", "researchAndDevelopment": "None", "operatingExpenses": "1733200000", "investmentIncomeNet": "None", "netInterestIncome": "-460000000", "interestIncome": "None", "interestExpense": "460000000", "nonInterestIncome": "None", "otherNonOperatingIncome": "74800000", "depreciation": "None", "depreciationAndAmortization": "741600000", "incomeBeforeTax": "525300000", "incomeTaxExpense": "28600000", "interestAndDebtExpense": "None", "netIncomeFromContinuingOperations": "516100000", "comprehensiveIncomeNetOfTax": "None", "ebit": "985300000", "ebitda": "1726900000", "netIncome": "521200000"}, {"fiscalDateEnding": "2023-03-31", "reportedCurrency": "USD", "grossProfit": "2667200000", "totalRevenue": "4690900000", "costOfRevenue": "2023700000", "costofGoodsAndServicesSold": "2023700000", "operatingIncome": "704800000", "sellingGeneralAndAdministrative": "680000000", "researchAndDevelopment": "None", "operatingExpenses": "1962400000", "investmentIncomeNet": "None", "netInterestIncome": "-415700000", "interestIncome": "None", "interestExpense": "415700000", "nonInterestIncome": "None", "otherNonOperatingIncome": "66200000", "depreciation": "None", "depreciationAndAmortization": "775500000", "incomeBeforeTax": "390600000", "incomeTaxExpense": "10400000", "interestAndDebtExpense": "None", "netIncomeFromContinuingOperations": "380200000", "comprehensiveIncomeNetOfTax": "None", "ebit": "806300000", "ebitda": "1581800000", "netIncome": "397000000"}, {"fiscalDateEnding": "2022-12-31", "reportedCurrency": "USD", "grossProfit": "2620400000", "totalRevenue": "4881100000", "costOfRevenue": "2260700000", "costofGoodsAndServicesSold": "2260700000", "operatingIncome": "560100000", "sellingGeneralAndAdministrative": "799100000", "researchAndDevelopment": "None", "operatingExpenses": "2060300000", "investmentIncomeNet": "None", "netInterestIncome": "-394400000", "interestIncome": "None", "interestExpense": "394400000", "nonInterestIncome": "None", "otherNonOperatingIncome": "85400000", "depreciation": "None", "depreciationAndAmortization": "868900000", "incomeBeforeTax": "268400000", "incomeTaxExpense": "-85300000", "interestAndDebtExpense": "None", "netIncomeFromContinuingOperations": "383400000", "comprehensiveIncomeNetOfTax": "None", "ebit": "662800000", "ebitda": "1531700000", "netIncome": "384300000"}, {"fiscalDateEnding": "2022-09-30", "reportedCurrency": "USD", "grossProfit": "3414200000", "totalRevenue": "5526100000", "costOfRevenue": "2111900000", "costofGoodsAndServicesSold": "2111900000", "operatingIncome": "1196700000", "sellingGeneralAndAdministrative": "797000000", "researchAndDevelopment": "None", "operatingExpenses": "2484100000", "investmentIncomeNet": "None", "netInterestIncome": "-360700000", "interestIncome": "None", "interestExpense": "360700000", "nonInterestIncome": "None", "otherNonOperatingIncome": "50600000", "depreciation": "None", "depreciationAndAmortization": "821800000", "incomeBeforeTax": "657000000", "incomeTaxExpense": "16100000", "interestAndDebtExpense": "None", "netIncomeFromContinuingOperations": "673100000", "comprehensiveIncomeNetOfTax": "None", "ebit": "1060100000", "ebitda": "1881900000", "netIncome": "683300000"}, {"fiscalDateEnding": "2022-06-30", "reportedCurrency": "USD", "grossProfit": "2748800000", "totalRevenue": "4639700000", "costOfRevenue": "1890900000", "costofGoodsAndServicesSold": "1890900000", "operatingIncome": "1004400000", "sellingGeneralAndAdministrative": "619800000", "researchAndDevelopment": "None", "operatingExpenses": "1744400000", "investmentIncomeNet": "None", "netInterestIncome": "-327600000", "interestIncome": "None", "interestExpense": "327600000", "nonInterestIncome": "None", "otherNonOperatingIncome": "-149100000", "depreciation": "None", "depreciationAndAmortization": "802600000", "incomeBeforeTax": "739800000", "incomeTaxExpense": "54000000", "interestAndDebtExpense": "None", "netIncomeFromContinuingOperations": "685800000", "comprehensiveIncomeNetOfTax": "None", "ebit": "1067400000", "ebitda": "1870000000", "netIncome": "524500000"}, {"fiscalDateEnding": "2022-03-31", "reportedCurrency": "USD", "grossProfit": "2806900000", "totalRevenue": "4592600000", "costOfRevenue": "1785700000", "costofGoodsAndServicesSold": "1785700000", "operatingIncome": "988100000", "sellingGeneralAndAdministrative": "662200000", "researchAndDevelopment": "None", "operatingExpenses": "1818800000", "investmentIncomeNet": "None", "netInterestIncome": "-313400000", "interestIncome": "None", "interestExpense": "313400000", "nonInterestIncome": "None", "otherNonOperatingIncome": "49000000", "depreciation": "None", "depreciationAndAmortization": "792400000", "incomeBeforeTax": "755200000", "incomeTaxExpense": "52800000", "interestAndDebtExpense": "None", "netIncomeFromContinuingOperations": "702400000", "comprehensiveIncomeNetOfTax": "None", "ebit": "1068600000", "ebitda": "1861000000", "netIncome": "714700000"}, {"fiscalDateEnding": "2021-12-31", "reportedCurrency": "USD", "grossProfit": "2416400000", "totalRevenue": "4061400000", "costOfRevenue": "1645000000", "costofGoodsAndServicesSold": "1645000000", "operatingIncome": "683700000", "sellingGeneralAndAdministrative": "653100000", "researchAndDevelopment": "None", "operatingExpenses": "1732700000", "investmentIncomeNet": "None", "netInterestIncome": "-303600000", "interestIncome": "None", "interestExpense": "303600000", "nonInterestIncome": "None", "otherNonOperatingIncome": "58800000", "depreciation": "None", "depreciationAndAmortization": "779800000", "incomeBeforeTax": "452800000", "incomeTaxExpense": "-70000000", "interestAndDebtExpense": "None", "netIncomeFromContinuingOperations": "522800000", "comprehensiveIncomeNetOfTax": "None", "ebit": "756400000", "ebitda": "1536200000", "netIncome": "538900000"}, {"fiscalDateEnding": "2021-09-30", "reportedCurrency": "USD", "grossProfit": "2903800000", "totalRevenue": "4623000000", "costOfRevenue": "1719200000", "costofGoodsAndServicesSold": "1719200000", "operatingIncome": "1107400000", "sellingGeneralAndAdministrative": "735300000", "researchAndDevelopment": "None", "operatingExpenses": "1796400000", "investmentIncomeNet": "None", "netInterestIncome": "-303700000", "interestIncome": "None", "interestExpense": "303700000", "nonInterestIncome": "None", "otherNonOperatingIncome": "33400000", "depreciation": "None", "depreciationAndAmortization": "700300000", "incomeBeforeTax": "849700000", "incomeTaxExpense": "69800000", "interestAndDebtExpense": "None", "netIncomeFromContinuingOperations": "796900000", "comprehensiveIncomeNetOfTax": "None", "ebit": "1153400000", "ebitda": "1853700000", "netIncome": "796000000"}, {"fiscalDateEnding": "2021-06-30", "reportedCurrency": "USD", "grossProfit": "2438200000", "totalRevenue": "3826500000", "costOfRevenue": "1388300000", "costofGoodsAndServicesSold": "1388300000", "operatingIncome": "809900000", "sellingGeneralAndAdministrative": "566900000", "researchAndDevelopment": "None", "operatingExpenses": "1628300000", "investmentIncomeNet": "None", "netInterestIncome": "-301600000", "interestIncome": "None", "interestExpense": "301600000", "nonInterestIncome": "None", "otherNonOperatingIncome": "97000000", "depreciation": "None", "depreciationAndAmortization": "651800000", "incomeBeforeTax": "604600000", "incomeTaxExpense": "61200000", "interestAndDebtExpense": "None", "netIncomeFromContinuingOperations": "573800000", "comprehensiveIncomeNetOfTax": "None", "ebit": "961700000", "ebitda": "1613500000", "netIncome": "578200000"}, {"fiscalDateEnding": "2021-03-31", "reportedCurrency": "USD", "grossProfit": "2445500000", "totalRevenue": "4281100000", "costOfRevenue": "1835600000", "costofGoodsAndServicesSold": "1835600000", "operatingIncome": "810300000", "sellingGeneralAndAdministrative": "592400000", "researchAndDevelopment": "None", "operatingExpenses": "1635200000", "investmentIncomeNet": "None", "netInterestIncome": "-290200000", "interestIncome": "None", "interestExpense": "290200000", "nonInterestIncome": "None", "otherNonOperatingIncome": "83600000", "depreciation": "None", "depreciationAndAmortization": "751800000", "incomeBeforeTax": "604800000", "incomeTaxExpense": "54500000", "interestAndDebtExpense": "None", "netIncomeFromContinuingOperations": "550300000", "comprehensiveIncomeNetOfTax": "None", "ebit": "895000000", "ebitda": "1646800000", "netIncome": "575000000"}, {"fiscalDateEnding": "2020-12-31", "reportedCurrency": "USD", "grossProfit": "2277300000", "totalRevenue": "3610600000", "costOfRevenue": "1333300000", "costofGoodsAndServicesSold": "1333300000", "operatingIncome": "570200000", "sellingGeneralAndAdministrative": "701400000", "researchAndDevelopment": "None", "operatingExpenses": "1707100000", "investmentIncomeNet": "None", "netInterestIncome": "-288300000", "interestIncome": "None", "interestExpense": "288300000", "nonInterestIncome": "None", "otherNonOperatingIncome": "105600000", "depreciation": "None", "depreciationAndAmortization": "843300000", "incomeBeforeTax": "389700000", "incomeTaxExpense": "-17400000", "interestAndDebtExpense": "None", "netIncomeFromContinuingOperations": "407100000", "comprehensiveIncomeNetOfTax": "None", "ebit": "678000000", "ebitda": "1521300000", "netIncome": "435500000"}, {"fiscalDateEnding": "2020-09-30", "reportedCurrency": "USD", "grossProfit": "2628400000", "totalRevenue": "4066400000", "costOfRevenue": "1438000000", "costofGoodsAndServicesSold": "1438000000", "operatingIncome": "943200000", "sellingGeneralAndAdministrative": "702900000", "researchAndDevelopment": "None", "operatingExpenses": "1685200000", "investmentIncomeNet": "None", "netInterestIncome": "-291300000", "interestIncome": "None", "interestExpense": "291300000", "nonInterestIncome": "None", "otherNonOperatingIncome": "65400000", "depreciation": "None", "depreciationAndAmortization": "700300000", "incomeBeforeTax": "732300000", "incomeTaxExpense": "-1200000", "interestAndDebtExpense": "None", "netIncomeFromContinuingOperations": "733500000", "comprehensiveIncomeNetOfTax": "None", "ebit": "1023600000", "ebitda": "1723900000", "netIncome": "748600000"}, {"fiscalDateEnding": "2020-06-30", "reportedCurrency": "USD", "grossProfit": "2285700000", "totalRevenue": "3494000000", "costOfRevenue": "1208300000", "costofGoodsAndServicesSold": "1208300000", "operatingIncome": "722700000", "sellingGeneralAndAdministrative": "566000000", "researchAndDevelopment": "None", "operatingExpenses": "1563000000", "investmentIncomeNet": "None", "netInterestIncome": "-294000000", "interestIncome": "258900000", "interestExpense": "294000000", "nonInterestIncome": "None", "otherNonOperatingIncome": "68600000", "depreciation": "None", "depreciationAndAmortization": "735900000", "incomeBeforeTax": "507900000", "incomeTaxExpense": "12600000", "interestAndDebtExpense": "None", "netIncomeFromContinuingOperations": "495300000", "comprehensiveIncomeNetOfTax": "None", "ebit": "801900000", "ebitda": "1537800000", "netIncome": "520800000"}, {"fiscalDateEnding": "2020-03-31", "reportedCurrency": "USD", "grossProfit": "2347000000", "totalRevenue": "3747500000", "costOfRevenue": "1400500000", "costofGoodsAndServicesSold": "1400500000", "operatingIncome": "751600000", "sellingGeneralAndAdministrative": "602100000", "researchAndDevelopment": "None", "operatingExpenses": "1595400000", "investmentIncomeNet": "None", "netInterestIncome": "-292100000", "interestIncome": "260700000", "interestExpense": "292100000", "nonInterestIncome": "None", "otherNonOperatingIncome": "56600000", "depreciation": "None", "depreciationAndAmortization": "729700000", "incomeBeforeTax": "516200000", "incomeTaxExpense": "46500000", "interestAndDebtExpense": "None", "netIncomeFromContinuingOperations": "469700000", "comprehensiveIncomeNetOfTax": "None", "ebit": "808300000", "ebitda": "1538000000", "netIncome": "495200000"}, {"fiscalDateEnding": "2019-12-31", "reportedCurrency": "USD", "grossProfit": "2155800000", "totalRevenue": "3616000000", "costOfRevenue": "1460200000", "costofGoodsAndServicesSold": "1460200000", "operatingIncome": "294700000", "sellingGeneralAndAdministrative": "762000000", "researchAndDevelopment": "None", "operatingExpenses": "1861100000", "investmentIncomeNet": "None", "netInterestIncome": "-290900000", "interestIncome": "244800000", "interestExpense": "290900000", "nonInterestIncome": "None", "otherNonOperatingIncome": "75300000", "depreciation": "None", "depreciationAndAmortization": "794900000", "incomeBeforeTax": "88100000", "incomeTaxExpense": "-43600000", "interestAndDebtExpense": "None", "netIncomeFromContinuingOperations": "131700000", "comprehensiveIncomeNetOfTax": "None", "ebit": "379000000", "ebitda": "1173900000", "netIncome": "153500000"}, {"fiscalDateEnding": "2019-09-30", "reportedCurrency": "USD", "grossProfit": "2632200000", "totalRevenue": "4315000000", "costOfRevenue": "1682800000", "costofGoodsAndServicesSold": "1682800000", "operatingIncome": "958200000", "sellingGeneralAndAdministrative": "708300000", "researchAndDevelopment": "None", "operatingExpenses": "1674000000", "investmentIncomeNet": "None", "netInterestIncome": "-275100000", "interestIncome": "232100000", "interestExpense": "275100000", "nonInterestIncome": "None", "otherNonOperatingIncome": "61400000", "depreciation": "None", "depreciationAndAmortization": "670700000", "incomeBeforeTax": "759300000", "incomeTaxExpense": "40600000", "interestAndDebtExpense": "None", "netIncomeFromContinuingOperations": "718700000", "comprehensiveIncomeNetOfTax": "None", "ebit": "1034400000", "ebitda": "1705100000", "netIncome": "733500000"}, {"fiscalDateEnding": "2019-06-30", "reportedCurrency": "USD", "grossProfit": "2083300000", "totalRevenue": "3573600000", "costOfRevenue": "1490300000", "costofGoodsAndServicesSold": "1490300000", "operatingIncome": "551000000", "sellingGeneralAndAdministrative": "607400000", "researchAndDevelopment": "None", "operatingExpenses": "1532300000", "investmentIncomeNet": "None", "netInterestIncome": "-250700000", "interestIncome": "200300000", "interestExpense": "250700000", "nonInterestIncome": "None", "otherNonOperatingIncome": "74400000", "depreciation": "None", "depreciationAndAmortization": "643600000", "incomeBeforeTax": "387300000", "incomeTaxExpense": "-54400000", "interestAndDebtExpense": "None", "netIncomeFromContinuingOperations": "441700000", "comprehensiveIncomeNetOfTax": "None", "ebit": "638000000", "ebitda": "1281600000", "netIncome": "461300000"}, {"fiscalDateEnding": "2019-03-31", "reportedCurrency": "USD", "grossProfit": "2370100000", "totalRevenue": "4056800000", "costOfRevenue": "1686700000", "costofGoodsAndServicesSold": "1686700000", "operatingIncome": "788400000", "sellingGeneralAndAdministrative": "666000000", "researchAndDevelopment": "None", "operatingExpenses": "1581700000", "investmentIncomeNet": "None", "netInterestIncome": "-255800000", "interestIncome": "226900000", "interestExpense": "255800000", "nonInterestIncome": "None", "otherNonOperatingIncome": "56000000", "depreciation": "None", "depreciationAndAmortization": "630900000", "incomeBeforeTax": "600100000", "incomeTaxExpense": "44500000", "interestAndDebtExpense": "None", "netIncomeFromContinuingOperations": "555600000", "comprehensiveIncomeNetOfTax": "None", "ebit": "855900000", "ebitda": "1486800000", "netIncome": "572800000"}, {"fiscalDateEnding": "2018-12-31", "reportedCurrency": "USD", "grossProfit": "2139000000", "totalRevenue": "3801100000", "costOfRevenue": "1662100000", "costofGoodsAndServicesSold": "1662100000", "operatingIncome": "551100000", "sellingGeneralAndAdministrative": "4228700000", "researchAndDevelopment": "0", "operatingExpenses": "1587900000", "investmentIncomeNet": "None", "netInterestIncome": "None", "interestIncome": "None", "interestExpense": "251300000", "nonInterestIncome": "None", "otherNonOperatingIncome": "57600000", "depreciation": "None", "depreciationAndAmortization": "622300000", "incomeBeforeTax": "368800000", "incomeTaxExpense": "21800000", "interestAndDebtExpense": "None", "netIncomeFromContinuingOperations": "420100000", "comprehensiveIncomeNetOfTax": "None", "ebit": "620100000", "ebitda": "1242400000", "netIncome": "363400000"}, {"fiscalDateEnding": "2018-09-30", "reportedCurrency": "USD", "grossProfit": "2391400000", "totalRevenue": "4333100000", "costOfRevenue": "1941700000", "costofGoodsAndServicesSold": "1941700000", "operatingIncome": "668600000", "sellingGeneralAndAdministrative": "826000000", "researchAndDevelopment": "0", "operatingExpenses": "1722800000", "investmentIncomeNet": "None", "netInterestIncome": "None", "interestIncome": "None", "interestExpense": "256800000", "nonInterestIncome": "None", "otherNonOperatingIncome": "55300000", "depreciation": "None", "depreciationAndAmortization": "633800000", "incomeBeforeTax": "480900000", "incomeTaxExpense": "-80700000", "interestAndDebtExpense": "None", "netIncomeFromContinuingOperations": "561600000", "comprehensiveIncomeNetOfTax": "None", "ebit": "737700000", "ebitda": "1371500000", "netIncome": "577600000"}, {"fiscalDateEnding": "2018-06-30", "reportedCurrency": "USD", "grossProfit": "2373700000", "totalRevenue": "4013200000", "costOfRevenue": "1639500000", "costofGoodsAndServicesSold": "1639500000", "operatingIncome": "757000000", "sellingGeneralAndAdministrative": "1063500000", "researchAndDevelopment": "0", "operatingExpenses": "1616700000", "investmentIncomeNet": "None", "netInterestIncome": "None", "interestIncome": "None", "interestExpense": "242300000", "nonInterestIncome": "None", "otherNonOperatingIncome": "56200000", "depreciation": "None", "depreciationAndAmortization": "577200000", "incomeBeforeTax": "583600000", "incomeTaxExpense": "72200000", "interestAndDebtExpense": "None", "netIncomeFromContinuingOperations": "511400000", "comprehensiveIncomeNetOfTax": "None", "ebit": "825900000", "ebitda": "1403100000", "netIncome": "528400000"}, {"fiscalDateEnding": "2018-03-31", "reportedCurrency": "USD", "grossProfit": "2257700000", "totalRevenue": "4048300000", "costOfRevenue": "1790600000", "costofGoodsAndServicesSold": "1790600000", "operatingIncome": "706000000", "sellingGeneralAndAdministrative": "1012000000", "researchAndDevelopment": "0", "operatingExpenses": "1551700000", "investmentIncomeNet": "None", "netInterestIncome": "None", "interestIncome": "None", "interestExpense": "234000000", "nonInterestIncome": "None", "otherNonOperatingIncome": "54700000", "depreciation": "None", "depreciationAndAmortization": "567100000", "incomeBeforeTax": "540200000", "incomeTaxExpense": "102000000", "interestAndDebtExpense": "None", "netIncomeFromContinuingOperations": "438200000", "comprehensiveIncomeNetOfTax": "None", "ebit": "774200000", "ebitda": "1341300000", "netIncome": "454400000"}, {"fiscalDateEnding": "2017-12-31", "reportedCurrency": "USD", "grossProfit": "2238900000", "totalRevenue": "3810400000", "costOfRevenue": "1571500000", "costofGoodsAndServicesSold": "1571500000", "operatingIncome": "742200000", "sellingGeneralAndAdministrative": "908900000", "researchAndDevelopment": "0", "operatingExpenses": "1496700000", "investmentIncomeNet": "None", "netInterestIncome": "None", "interestIncome": "None", "interestExpense": "227000000", "nonInterestIncome": "None", "otherNonOperatingIncome": "58500000", "depreciation": "None", "depreciationAndAmortization": "535600000", "incomeBeforeTax": "554400000", "incomeTaxExpense": "171900000", "interestAndDebtExpense": "None", "netIncomeFromContinuingOperations": "428800000", "comprehensiveIncomeNetOfTax": "None", "ebit": "781400000", "ebitda": "1317000000", "netIncome": "400700000"}, {"fiscalDateEnding": "2017-09-30", "reportedCurrency": "USD", "grossProfit": "2410200000", "totalRevenue": "4104700000", "costOfRevenue": "1694500000", "costofGoodsAndServicesSold": "1694500000", "operatingIncome": "975100000", "sellingGeneralAndAdministrative": "908700000", "researchAndDevelopment": "0", "operatingExpenses": "1435100000", "investmentIncomeNet": "None", "netInterestIncome": "None", "interestIncome": "None", "interestExpense": "223300000", "nonInterestIncome": "None", "otherNonOperatingIncome": "57500000", "depreciation": "None", "depreciationAndAmortization": "551700000", "incomeBeforeTax": "800600000", "incomeTaxExpense": "264000000", "interestAndDebtExpense": "None", "netIncomeFromContinuingOperations": "556700000", "comprehensiveIncomeNetOfTax": "None", "ebit": "1023900000", "ebitda": "1575600000", "netIncome": "544700000"}, {"fiscalDateEnding": "2017-06-30", "reportedCurrency": "USD", "grossProfit": "2094900000", "totalRevenue": "3576500000", "costOfRevenue": "1481600000", "costofGoodsAndServicesSold": "1481600000", "operatingIncome": "733300000", "sellingGeneralAndAdministrative": "863800000", "researchAndDevelopment": "0", "operatingExpenses": "1361600000", "investmentIncomeNet": "None", "netInterestIncome": "None", "interestIncome": "None", "interestExpense": "222900000", "nonInterestIncome": "None", "otherNonOperatingIncome": "45000000", "depreciation": "None", "depreciationAndAmortization": "522000000", "incomeBeforeTax": "550800000", "incomeTaxExpense": "190600000", "interestAndDebtExpense": "None", "netIncomeFromContinuingOperations": "376200000", "comprehensiveIncomeNetOfTax": "None", "ebit": "773700000", "ebitda": "1295700000", "netIncome": "375000000"}, {"fiscalDateEnding": "2017-03-31", "reportedCurrency": "USD", "grossProfit": "2224600000", "totalRevenue": "3933300000", "costOfRevenue": "1708700000", "costofGoodsAndServicesSold": "1708700000", "operatingIncome": "1085700000", "sellingGeneralAndAdministrative": "862000000", "researchAndDevelopment": "0", "operatingExpenses": "1138900000", "investmentIncomeNet": "None", "netInterestIncome": "None", "interestIncome": "None", "interestExpense": "221800000", "nonInterestIncome": "None", "otherNonOperatingIncome": "62100000", "depreciation": "None", "depreciationAndAmortization": "517000000", "incomeBeforeTax": "910400000", "incomeTaxExpense": "343200000", "interestAndDebtExpense": "None", "netIncomeFromContinuingOperations": "567200000", "comprehensiveIncomeNetOfTax": "None", "ebit": "1132200000", "ebitda": "1649200000", "netIncome": "592200000"}, {"fiscalDateEnding": "2016-12-31", "reportedCurrency": "USD", "grossProfit": "2047200000", "totalRevenue": "3790100000", "costOfRevenue": "1742900000", "costofGoodsAndServicesSold": "1742900000", "operatingIncome": "575900000", "sellingGeneralAndAdministrative": "1056300000", "researchAndDevelopment": "0", "operatingExpenses": "1471300000", "investmentIncomeNet": "None", "netInterestIncome": "None", "interestIncome": "None", "interestExpense": "210000000", "nonInterestIncome": "None", "otherNonOperatingIncome": "69600000", "depreciation": "None", "depreciationAndAmortization": "431000000", "incomeBeforeTax": "407100000", "incomeTaxExpense": "60300000", "interestAndDebtExpense": "None", "netIncomeFromContinuingOperations": "375200000", "comprehensiveIncomeNetOfTax": "None", "ebit": "617100000", "ebitda": "1048100000", "netIncome": "373400000"}, {"fiscalDateEnding": "2016-09-30", "reportedCurrency": "USD", "grossProfit": "2711800000", "totalRevenue": "4652200000", "costOfRevenue": "1940400000", "costofGoodsAndServicesSold": "1940400000", "operatingIncome": "-1127900000", "sellingGeneralAndAdministrative": "1035500000", "researchAndDevelopment": "0", "operatingExpenses": "3839700000", "investmentIncomeNet": "None", "netInterestIncome": "None", "interestIncome": "None", "interestExpense": "225300000", "nonInterestIncome": "None", "otherNonOperatingIncome": "54500000", "depreciation": "None", "depreciationAndAmortization": "575800000", "incomeBeforeTax": "-1323900000", "incomeTaxExpense": "-534500000", "interestAndDebtExpense": "None", "netIncomeFromContinuingOperations": "-764200000", "comprehensiveIncomeNetOfTax": "None", "ebit": "-1098600000", "ebitda": "-522800000", "netIncome": "-765800000"}, {"fiscalDateEnding": "2016-06-30", "reportedCurrency": "USD", "grossProfit": "2293900000", "totalRevenue": "3892900000", "costOfRevenue": "1599000000", "costofGoodsAndServicesSold": "1599000000", "operatingIncome": "866200000", "sellingGeneralAndAdministrative": "913900000", "researchAndDevelopment": "0", "operatingExpenses": "1427700000", "investmentIncomeNet": "None", "netInterestIncome": "None", "interestIncome": "None", "interestExpense": "224900000", "nonInterestIncome": "None", "otherNonOperatingIncome": "30100000", "depreciation": "None", "depreciationAndAmortization": "546500000", "incomeBeforeTax": "678800000", "incomeTaxExpense": "165000000", "interestAndDebtExpense": "None", "netIncomeFromContinuingOperations": "506400000", "comprehensiveIncomeNetOfTax": "None", "ebit": "903700000", "ebitda": "1450200000", "netIncome": "502100000"}, {"fiscalDateEnding": "2016-03-31", "reportedCurrency": "USD", "grossProfit": "2359200000", "totalRevenue": "4044900000", "costOfRevenue": "1685700000", "costofGoodsAndServicesSold": "1685700000", "operatingIncome": "892900000", "sellingGeneralAndAdministrative": "969200000", "researchAndDevelopment": "0", "operatingExpenses": "1466300000", "investmentIncomeNet": "None", "netInterestIncome": "None", "interestIncome": "None", "interestExpense": "217000000", "nonInterestIncome": "None", "otherNonOperatingIncome": "62700000", "depreciation": "None", "depreciationAndAmortization": "537600000", "incomeBeforeTax": "713600000", "incomeTaxExpense": "235500000", "interestAndDebtExpense": "None", "netIncomeFromContinuingOperations": "503100000", "comprehensiveIncomeNetOfTax": "None", "ebit": "930600000", "ebitda": "1468200000", "netIncome": "501200000"}, {"fiscalDateEnding": "2015-12-31", "reportedCurrency": "USD", "grossProfit": "1935700000", "totalRevenue": "3614200000", "costOfRevenue": "1678500000", "costofGoodsAndServicesSold": "1678500000", "operatingIncome": "465500000", "sellingGeneralAndAdministrative": "124500000", "researchAndDevelopment": "0", "operatingExpenses": "1470200000", "investmentIncomeNet": "None", "netInterestIncome": "None", "interestIncome": "None", "interestExpense": "214900000", "nonInterestIncome": "None", "otherNonOperatingIncome": "None", "depreciation": "None", "depreciationAndAmortization": "524700000", "incomeBeforeTax": "292900000", "incomeTaxExpense": "92600000", "interestAndDebtExpense": "None", "netIncomeFromContinuingOperations": "1768600000", "comprehensiveIncomeNetOfTax": "None", "ebit": "507800000", "ebitda": "1032500000", "netIncome": "469100000"}, {"fiscalDateEnding": "2015-09-30", "reportedCurrency": "USD", "grossProfit": "2433200000", "totalRevenue": "4431400000", "costOfRevenue": "1998200000", "costofGoodsAndServicesSold": "1998200000", "operatingIncome": "960200000", "sellingGeneralAndAdministrative": "939000000", "researchAndDevelopment": "0", "operatingExpenses": "1473000000", "investmentIncomeNet": "None", "netInterestIncome": "None", "interestIncome": "None", "interestExpense": "220200000", "nonInterestIncome": "None", "otherNonOperatingIncome": "48000000", "depreciation": "None", "depreciationAndAmortization": "571000000", "incomeBeforeTax": "776000000", "incomeTaxExpense": "275600000", "interestAndDebtExpense": "None", "netIncomeFromContinuingOperations": "512000000", "comprehensiveIncomeNetOfTax": "None", "ebit": "996200000", "ebitda": "1567200000", "netIncome": "518300000"}, {"fiscalDateEnding": "2015-06-30", "reportedCurrency": "USD", "grossProfit": "2144600000", "totalRevenue": "3826700000", "costOfRevenue": "1682100000", "costofGoodsAndServicesSold": "1682100000", "operatingIncome": "804100000", "sellingGeneralAndAdministrative": "937000000", "researchAndDevelopment": "0", "operatingExpenses": "1340500000", "investmentIncomeNet": "None", "netInterestIncome": "None", "interestIncome": "None", "interestExpense": "219200000", "nonInterestIncome": "None", "otherNonOperatingIncome": "71000000", "depreciation": "None", "depreciationAndAmortization": "524900000", "incomeBeforeTax": "630300000", "incomeTaxExpense": "224300000", "interestAndDebtExpense": "None", "netIncomeFromContinuingOperations": "406000000", "comprehensiveIncomeNetOfTax": "None", "ebit": "849500000", "ebitda": "1374400000", "netIncome": "430000000"}, {"fiscalDateEnding": "2015-03-31", "reportedCurrency": "USD", "grossProfit": "2505200000", "totalRevenue": "4580400000", "costOfRevenue": "2075200000", "costofGoodsAndServicesSold": "2075200000", "operatingIncome": "1102800000", "sellingGeneralAndAdministrative": "0", "researchAndDevelopment": "0", "operatingExpenses": "1402400000", "investmentIncomeNet": "None", "netInterestIncome": "None", "interestIncome": "None", "interestExpense": "218700000", "nonInterestIncome": "None", "otherNonOperatingIncome": "None", "depreciation": "None", "depreciationAndAmortization": "533700000", "incomeBeforeTax": "923600000", "incomeTaxExpense": "327200000", "interestAndDebtExpense": "None", "netIncomeFromContinuingOperations": "0", "comprehensiveIncomeNetOfTax": "None", "ebit": "1142300000", "ebitda": "1676000000", "netIncome": "629200000"}, {"fiscalDateEnding": "2014-12-31", "reportedCurrency": "USD", "grossProfit": "2111000000", "totalRevenue": "4026000000", "costOfRevenue": "1915000000", "costofGoodsAndServicesSold": "1915000000", "operatingIncome": "499000000", "sellingGeneralAndAdministrative": "1124000000", "researchAndDevelopment": "0", "operatingExpenses": "1612000000", "investmentIncomeNet": "None", "netInterestIncome": "None", "interestIncome": "None", "interestExpense": "223000000", "nonInterestIncome": "None", "otherNonOperatingIncome": "67000000", "depreciation": "None", "depreciationAndAmortization": "518000000", "incomeBeforeTax": "318000000", "incomeTaxExpense": "151000000", "interestAndDebtExpense": "None", "netIncomeFromContinuingOperations": "167000000", "comprehensiveIncomeNetOfTax": "None", "ebit": "541000000", "ebitda": "1059000000", "netIncome": "191000000"}, {"fiscalDateEnding": "2014-09-30", "reportedCurrency": "USD", "grossProfit": "2319000000", "totalRevenue": "4161000000", "costOfRevenue": "1842000000", "costofGoodsAndServicesSold": "1842000000", "operatingIncome": "905000000", "sellingGeneralAndAdministrative": "1020000000", "researchAndDevelopment": "0", "operatingExpenses": "1414000000", "investmentIncomeNet": "None", "netInterestIncome": "None", "interestIncome": "None", "interestExpense": "217000000", "nonInterestIncome": "None", "otherNonOperatingIncome": "59000000", "depreciation": "None", "depreciationAndAmortization": "519000000", "incomeBeforeTax": "723000000", "incomeTaxExpense": "264000000", "interestAndDebtExpense": "None", "netIncomeFromContinuingOperations": "470000000", "comprehensiveIncomeNetOfTax": "None", "ebit": "940000000", "ebitda": "1459000000", "netIncome": "493000000"}, {"fiscalDateEnding": "2014-06-30", "reportedCurrency": "USD", "grossProfit": "2188000000", "totalRevenue": "4044000000", "costOfRevenue": "1856000000", "costofGoodsAndServicesSold": "1856000000", "operatingIncome": "767000000", "sellingGeneralAndAdministrative": "978000000", "researchAndDevelopment": "0", "operatingExpenses": "1421000000", "investmentIncomeNet": "None", "netInterestIncome": "None", "interestIncome": "None", "interestExpense": "221000000", "nonInterestIncome": "None", "otherNonOperatingIncome": "60000000", "depreciation": "None", "depreciationAndAmortization": "484000000", "incomeBeforeTax": "583000000", "incomeTaxExpense": "215000000", "interestAndDebtExpense": "None", "netIncomeFromContinuingOperations": "368000000", "comprehensiveIncomeNetOfTax": "None", "ebit": "804000000", "ebitda": "1288000000", "netIncome": "390000000"}, {"fiscalDateEnding": "2014-03-31", "reportedCurrency": "USD", "grossProfit": "2550000000", "totalRevenue": "4648000000", "costOfRevenue": "2098000000", "costofGoodsAndServicesSold": "2098000000", "operatingIncome": "1041000000", "sellingGeneralAndAdministrative": "1018000000", "researchAndDevelopment": "0", "operatingExpenses": "1509000000", "investmentIncomeNet": "None", "netInterestIncome": "None", "interestIncome": "None", "interestExpense": "220000000", "nonInterestIncome": "None", "otherNonOperatingIncome": "47000000", "depreciation": "None", "depreciationAndAmortization": "529000000", "incomeBeforeTax": "850000000", "incomeTaxExpense": "307000000", "interestAndDebtExpense": "None", "netIncomeFromContinuingOperations": "543000000", "comprehensiveIncomeNetOfTax": "None", "ebit": "1070000000", "ebitda": "1599000000", "netIncome": "560000000"}, {"fiscalDateEnding": "2013-12-31", "reportedCurrency": "USD", "grossProfit": "2084000000", "totalRevenue": "3773000000", "costOfRevenue": "1689000000", "costofGoodsAndServicesSold": "1689000000", "operatingIncome": "678000000", "sellingGeneralAndAdministrative": "1045000000", "researchAndDevelopment": "0", "operatingExpenses": "1406000000", "investmentIncomeNet": "None", "netInterestIncome": "None", "interestIncome": "None", "interestExpense": "221000000", "nonInterestIncome": "None", "otherNonOperatingIncome": "54000000", "depreciation": "None", "depreciationAndAmortization": "463000000", "incomeBeforeTax": "492000000", "incomeTaxExpense": "164000000", "interestAndDebtExpense": "None", "netIncomeFromContinuingOperations": "328000000", "comprehensiveIncomeNetOfTax": "None", "ebit": "713000000", "ebitda": "1176000000", "netIncome": "346000000"}, {"fiscalDateEnding": "2013-09-30", "reportedCurrency": "USD", "grossProfit": "2374000000", "totalRevenue": "4176000000", "costOfRevenue": "1802000000", "costofGoodsAndServicesSold": "1802000000", "operatingIncome": "875000000", "sellingGeneralAndAdministrative": "908000000", "researchAndDevelopment": "0", "operatingExpenses": "1499000000", "investmentIncomeNet": "None", "netInterestIncome": "None", "interestIncome": "None", "interestExpense": "225000000", "nonInterestIncome": "None", "otherNonOperatingIncome": "41000000", "depreciation": "None", "depreciationAndAmortization": "485000000", "incomeBeforeTax": "680000000", "incomeTaxExpense": "257000000", "interestAndDebtExpense": "None", "netIncomeFromContinuingOperations": "423000000", "comprehensiveIncomeNetOfTax": "None", "ebit": "905000000", "ebitda": "1390000000", "netIncome": "433000000"}, {"fiscalDateEnding": "2013-06-30", "reportedCurrency": "USD", "grossProfit": "2030000000", "totalRevenue": "3582000000", "costOfRevenue": "1552000000", "costofGoodsAndServicesSold": "1552000000", "operatingIncome": "547000000", "sellingGeneralAndAdministrative": "886000000", "researchAndDevelopment": "0", "operatingExpenses": "1483000000", "investmentIncomeNet": "None", "netInterestIncome": "None", "interestIncome": "None", "interestExpense": "228000000", "nonInterestIncome": "None", "otherNonOperatingIncome": "88000000", "depreciation": "None", "depreciationAndAmortization": "472000000", "incomeBeforeTax": "393000000", "incomeTaxExpense": "68000000", "interestAndDebtExpense": "None", "netIncomeFromContinuingOperations": "325000000", "comprehensiveIncomeNetOfTax": "None", "ebit": "621000000", "ebitda": "1093000000", "netIncome": "338000000"}, {"fiscalDateEnding": "2013-03-31", "reportedCurrency": "USD", "grossProfit": "2131000000", "totalRevenue": "3826000000", "costOfRevenue": "1695000000", "costofGoodsAndServicesSold": "1695000000", "operatingIncome": "755000000", "sellingGeneralAndAdministrative": "956000000", "researchAndDevelopment": "0", "operatingExpenses": "1376000000", "investmentIncomeNet": "None", "netInterestIncome": "None", "interestIncome": "None", "interestExpense": "232000000", "nonInterestIncome": "None", "otherNonOperatingIncome": "36000000", "depreciation": "None", "depreciationAndAmortization": "454000000", "incomeBeforeTax": "545000000", "incomeTaxExpense": "195000000", "interestAndDebtExpense": "None", "netIncomeFromContinuingOperations": "350000000", "comprehensiveIncomeNetOfTax": "None", "ebit": "777000000", "ebitda": "1231000000", "netIncome": "363000000"}, {"fiscalDateEnding": "2012-12-31", "reportedCurrency": "USD", "grossProfit": "1210000000", "totalRevenue": "3613000000", "costOfRevenue": "2403000000", "costofGoodsAndServicesSold": "2403000000", "operatingIncome": "249000000", "sellingGeneralAndAdministrative": "0", "researchAndDevelopment": "0", "operatingExpenses": "961000000", "investmentIncomeNet": "None", "netInterestIncome": "None", "interestIncome": "None", "interestExpense": "291000000", "nonInterestIncome": "None", "otherNonOperatingIncome": "None", "depreciation": "None", "depreciationAndAmortization": "565000000", "incomeBeforeTax": "-6000000", "incomeTaxExpense": "-16000000", "interestAndDebtExpense": "None", "netIncomeFromContinuingOperations": "0", "comprehensiveIncomeNetOfTax": "None", "ebit": "285000000", "ebitda": "850000000", "netIncome": "21000000"}, {"fiscalDateEnding": "2012-09-30", "reportedCurrency": "USD", "grossProfit": "2394000000", "totalRevenue": "4156000000", "costOfRevenue": "1762000000", "costofGoodsAndServicesSold": "1762000000", "operatingIncome": "912000000", "sellingGeneralAndAdministrative": "0", "researchAndDevelopment": "0", "operatingExpenses": "1482000000", "investmentIncomeNet": "None", "netInterestIncome": "None", "interestIncome": "None", "interestExpense": "233000000", "nonInterestIncome": "None", "otherNonOperatingIncome": "None", "depreciation": "None", "depreciationAndAmortization": "506000000", "incomeBeforeTax": "715000000", "incomeTaxExpense": "241000000", "interestAndDebtExpense": "None", "netIncomeFromContinuingOperations": "0", "comprehensiveIncomeNetOfTax": "None", "ebit": "948000000", "ebitda": "1454000000", "netIncome": "487000000"}, {"fiscalDateEnding": "2012-06-30", "reportedCurrency": "USD", "grossProfit": "2127000000", "totalRevenue": "3551000000", "costOfRevenue": "1424000000", "costofGoodsAndServicesSold": "1424000000", "operatingIncome": "741000000", "sellingGeneralAndAdministrative": "0", "researchAndDevelopment": "0", "operatingExpenses": "1386000000", "investmentIncomeNet": "None", "netInterestIncome": "None", "interestIncome": "None", "interestExpense": "235000000", "nonInterestIncome": "None", "otherNonOperatingIncome": "None", "depreciation": "None", "depreciationAndAmortization": "490000000", "incomeBeforeTax": "543000000", "incomeTaxExpense": "190000000", "interestAndDebtExpense": "None", "netIncomeFromContinuingOperations": "0", "comprehensiveIncomeNetOfTax": "None", "ebit": "778000000", "ebitda": "1268000000", "netIncome": "362000000"}, {"fiscalDateEnding": "2012-03-31", "reportedCurrency": "USD", "grossProfit": "2050000000", "totalRevenue": "3625000000", "costOfRevenue": "1575000000", "costofGoodsAndServicesSold": "1575000000", "operatingIncome": "754000000", "sellingGeneralAndAdministrative": "0", "researchAndDevelopment": "0", "operatingExpenses": "1296000000", "investmentIncomeNet": "None", "netInterestIncome": "None", "interestIncome": "None", "interestExpense": "229000000", "nonInterestIncome": "None", "otherNonOperatingIncome": "None", "depreciation": "None", "depreciationAndAmortization": "457000000", "incomeBeforeTax": "570000000", "incomeTaxExpense": "189000000", "interestAndDebtExpense": "None", "netIncomeFromContinuingOperations": "0", "comprehensiveIncomeNetOfTax": "None", "ebit": "799000000", "ebitda": "1256000000", "netIncome": "389000000"}, {"fiscalDateEnding": "2011-12-31", "reportedCurrency": "USD", "grossProfit": "2095000000", "totalRevenue": "3444000000", "costOfRevenue": "1349000000", "costofGoodsAndServicesSold": "1349000000", "operatingIncome": "343000000", "sellingGeneralAndAdministrative": "0", "researchAndDevelopment": "0", "operatingExpenses": "1752000000", "investmentIncomeNet": "None", "netInterestIncome": "None", "interestIncome": "None", "interestExpense": "210000000", "nonInterestIncome": "None", "otherNonOperatingIncome": "None", "depreciation": "None", "depreciationAndAmortization": "534000000", "incomeBeforeTax": "235000000", "incomeTaxExpense": "-1604000000", "interestAndDebtExpense": "None", "netIncomeFromContinuingOperations": "0", "comprehensiveIncomeNetOfTax": "None", "ebit": "445000000", "ebitda": "979000000", "netIncome": "311000000"}, {"fiscalDateEnding": "2011-09-30", "reportedCurrency": "USD", "grossProfit": "2668000000", "totalRevenue": "4333000000", "costOfRevenue": "1665000000", "costofGoodsAndServicesSold": "1665000000", "operatingIncome": "890000000", "sellingGeneralAndAdministrative": "960000000", "researchAndDevelopment": "0", "operatingExpenses": "1778000000", "investmentIncomeNet": "None", "netInterestIncome": "None", "interestIncome": "None", "interestExpense": "242000000", "nonInterestIncome": "None", "otherNonOperatingIncome": "343000000", "depreciation": "None", "depreciationAndAmortization": "445000000", "incomeBeforeTax": "984000000", "incomeTaxExpense": "334000000", "interestAndDebtExpense": "None", "netIncomeFromContinuingOperations": "650000000", "comprehensiveIncomeNetOfTax": "None", "ebit": "1226000000", "ebitda": "1671000000", "netIncome": "929000000"}, {"fiscalDateEnding": "2011-06-30", "reportedCurrency": "USD", "grossProfit": "2342000000", "totalRevenue": "3609000000", "costOfRevenue": "1267000000", "costofGoodsAndServicesSold": "1267000000", "operatingIncome": "717000000", "sellingGeneralAndAdministrative": "899000000", "researchAndDevelopment": "0", "operatingExpenses": "1625000000", "investmentIncomeNet": "None", "netInterestIncome": "None", "interestIncome": "None", "interestExpense": "239000000", "nonInterestIncome": "None", "otherNonOperatingIncome": "49000000", "depreciation": "None", "depreciationAndAmortization": "376000000", "incomeBeforeTax": "521000000", "incomeTaxExpense": "168000000", "interestAndDebtExpense": "None", "netIncomeFromContinuingOperations": "347000000", "comprehensiveIncomeNetOfTax": "None", "ebit": "794000000", "ebitda": "1170000000", "netIncome": "352000000"}, {"fiscalDateEnding": "2011-03-31", "reportedCurrency": "USD", "grossProfit": "2399000000", "totalRevenue": "3730000000", "costOfRevenue": "1331000000", "costofGoodsAndServicesSold": "1331000000", "operatingIncome": "832000000", "sellingGeneralAndAdministrative": "899000000", "researchAndDevelopment": "0", "operatingExpenses": "1567000000", "investmentIncomeNet": "None", "netInterestIncome": "None", "interestIncome": "None", "interestExpense": "242000000", "nonInterestIncome": "None", "otherNonOperatingIncome": "23000000", "depreciation": "None", "depreciationAndAmortization": "437000000", "incomeBeforeTax": "627000000", "incomeTaxExpense": "-278000000", "interestAndDebtExpense": "None", "netIncomeFromContinuingOperations": "349000000", "comprehensiveIncomeNetOfTax": "None", "ebit": "869000000", "ebitda": "1306000000", "netIncome": "354000000"}, {"fiscalDateEnding": "2010-12-31", "reportedCurrency": "USD", "grossProfit": "2215000000", "totalRevenue": "3434000000", "costOfRevenue": "1219000000", "costofGoodsAndServicesSold": "1219000000", "operatingIncome": "486000000", "sellingGeneralAndAdministrative": "0", "researchAndDevelopment": "0", "operatingExpenses": "1729000000", "investmentIncomeNet": "None", "netInterestIncome": "None", "interestIncome": "None", "interestExpense": "249000000", "nonInterestIncome": "None", "otherNonOperatingIncome": "None", "depreciation": "None", "depreciationAndAmortization": "430000000", "incomeBeforeTax": "287000000", "incomeTaxExpense": "113000000", "interestAndDebtExpense": "None", "netIncomeFromContinuingOperations": "0", "comprehensiveIncomeNetOfTax": "None", "ebit": "536000000", "ebitda": "966000000", "netIncome": "177000000"}, {"fiscalDateEnding": "2010-09-30", "reportedCurrency": "USD", "grossProfit": "2628000000", "totalRevenue": "4064000000", "costOfRevenue": "1436000000", "costofGoodsAndServicesSold": "1436000000", "operatingIncome": "1025000000", "sellingGeneralAndAdministrative": "0", "researchAndDevelopment": "0", "operatingExpenses": "1603000000", "investmentIncomeNet": "None", "netInterestIncome": "None", "interestIncome": "None", "interestExpense": "251000000", "nonInterestIncome": "None", "otherNonOperatingIncome": "None", "depreciation": "None", "depreciationAndAmortization": "424000000", "incomeBeforeTax": "812000000", "incomeTaxExpense": "258000000", "interestAndDebtExpense": "None", "netIncomeFromContinuingOperations": "0", "comprehensiveIncomeNetOfTax": "None", "ebit": "1063000000", "ebitda": "1487000000", "netIncome": "556000000"}, {"fiscalDateEnding": "2010-06-30", "reportedCurrency": "USD", "grossProfit": "2238000000", "totalRevenue": "3360000000", "costOfRevenue": "1122000000", "costofGoodsAndServicesSold": "1122000000", "operatingIncome": "394000000", "sellingGeneralAndAdministrative": "0", "researchAndDevelopment": "0", "operatingExpenses": "1844000000", "investmentIncomeNet": "None", "netInterestIncome": "None", "interestIncome": "None", "interestExpense": "249000000", "nonInterestIncome": "None", "otherNonOperatingIncome": "None", "depreciation": "None", "depreciationAndAmortization": "405000000", "incomeBeforeTax": "201000000", "incomeTaxExpense": "65000000", "interestAndDebtExpense": "None", "netIncomeFromContinuingOperations": "0", "comprehensiveIncomeNetOfTax": "None", "ebit": "450000000", "ebitda": "855000000", "netIncome": "136000000"}, {"fiscalDateEnding": "2010-03-31", "reportedCurrency": "USD", "grossProfit": "2317000000", "totalRevenue": "3569000000", "costOfRevenue": "1252000000", "costofGoodsAndServicesSold": "1252000000", "operatingIncome": "758000000", "sellingGeneralAndAdministrative": "0", "researchAndDevelopment": "0", "operatingExpenses": "1559000000", "investmentIncomeNet": "None", "netInterestIncome": "None", "interestIncome": "None", "interestExpense": "250000000", "nonInterestIncome": "None", "otherNonOperatingIncome": "None", "depreciation": "None", "depreciationAndAmortization": "408000000", "incomeBeforeTax": "549000000", "incomeTaxExpense": "-207000000", "interestAndDebtExpense": "None", "netIncomeFromContinuingOperations": "0", "comprehensiveIncomeNetOfTax": "None", "ebit": "799000000", "ebitda": "1207000000", "netIncome": "345000000"}, {"fiscalDateEnding": "2009-12-31", "reportedCurrency": "USD", "grossProfit": "2175000000", "totalRevenue": "3282000000", "costOfRevenue": "1107000000", "costofGoodsAndServicesSold": "1107000000", "operatingIncome": "481000000", "sellingGeneralAndAdministrative": "0", "researchAndDevelopment": "0", "operatingExpenses": "1694000000", "investmentIncomeNet": "None", "netInterestIncome": "None", "interestIncome": "None", "interestExpense": "247000000", "nonInterestIncome": "None", "otherNonOperatingIncome": "None", "depreciation": "None", "depreciationAndAmortization": "419000000", "incomeBeforeTax": "277000000", "incomeTaxExpense": "40000000", "interestAndDebtExpense": "None", "netIncomeFromContinuingOperations": "0", "comprehensiveIncomeNetOfTax": "None", "ebit": "524000000", "ebitda": "943000000", "netIncome": "239000000"}, {"fiscalDateEnding": "2009-09-30", "reportedCurrency": "USD", "grossProfit": "2369000000", "totalRevenue": "3547000000", "costOfRevenue": "1178000000", "costofGoodsAndServicesSold": "1178000000", "operatingIncome": "858000000", "sellingGeneralAndAdministrative": "0", "researchAndDevelopment": "0", "operatingExpenses": "1511000000", "investmentIncomeNet": "None", "netInterestIncome": "None", "interestIncome": "None", "interestExpense": "248000000", "nonInterestIncome": "None", "otherNonOperatingIncome": "None", "depreciation": "None", "depreciationAndAmortization": "437000000", "incomeBeforeTax": "650000000", "incomeTaxExpense": "208000000", "interestAndDebtExpense": "None", "netIncomeFromContinuingOperations": "0", "comprehensiveIncomeNetOfTax": "None", "ebit": "898000000", "ebitda": "1335000000", "netIncome": "444000000"}, {"fiscalDateEnding": "2009-06-30", "reportedCurrency": "USD", "grossProfit": "2180000000", "totalRevenue": "3202000000", "costOfRevenue": "1022000000", "costofGoodsAndServicesSold": "1022000000", "operatingIncome": "682000000", "sellingGeneralAndAdministrative": "0", "researchAndDevelopment": "0", "operatingExpenses": "1498000000", "investmentIncomeNet": "None", "netInterestIncome": "None", "interestIncome": "None", "interestExpense": "240000000", "nonInterestIncome": "None", "otherNonOperatingIncome": "None", "depreciation": "None", "depreciationAndAmortization": "409000000", "incomeBeforeTax": "469000000", "incomeTaxExpense": "148000000", "interestAndDebtExpense": "None", "netIncomeFromContinuingOperations": "0", "comprehensiveIncomeNetOfTax": "None", "ebit": "709000000", "ebitda": "1118000000", "netIncome": "316000000"}, {"fiscalDateEnding": "2009-03-31", "reportedCurrency": "USD", "grossProfit": "2234000000", "totalRevenue": "3458000000", "costOfRevenue": "1224000000", "costofGoodsAndServicesSold": "1224000000", "operatingIncome": "750000000", "sellingGeneralAndAdministrative": "0", "researchAndDevelopment": "0", "operatingExpenses": "1484000000", "investmentIncomeNet": "None", "netInterestIncome": "None", "interestIncome": "None", "interestExpense": "238000000", "nonInterestIncome": "None", "otherNonOperatingIncome": "None", "depreciation": "None", "depreciationAndAmortization": "395000000", "incomeBeforeTax": "542000000", "incomeTaxExpense": "179000000", "interestAndDebtExpense": "None", "netIncomeFromContinuingOperations": "0", "comprehensiveIncomeNetOfTax": "None", "ebit": "780000000", "ebitda": "1175000000", "netIncome": "361000000"}, {"fiscalDateEnding": "2008-12-31", "reportedCurrency": "USD", "grossProfit": "2017000000", "totalRevenue": "3236000000", "costOfRevenue": "1219000000", "costofGoodsAndServicesSold": "1219000000", "operatingIncome": "435000000", "sellingGeneralAndAdministrative": "0", "researchAndDevelopment": "0", "operatingExpenses": "1582000000", "investmentIncomeNet": "None", "netInterestIncome": "None", "interestIncome": "None", "interestExpense": "288000000", "nonInterestIncome": "None", "otherNonOperatingIncome": "None", "depreciation": "None", "depreciationAndAmortization": "448000000", "incomeBeforeTax": "176000000", "incomeTaxExpense": "34000000", "interestAndDebtExpense": "None", "netIncomeFromContinuingOperations": "0", "comprehensiveIncomeNetOfTax": "None", "ebit": "617000000", "ebitda": "1065000000", "netIncome": "153000000"}, {"fiscalDateEnding": "2008-09-30", "reportedCurrency": "USD", "grossProfit": "2317000000", "totalRevenue": "4191000000", "costOfRevenue": "1874000000", "costofGoodsAndServicesSold": "1874000000", "operatingIncome": "737000000", "sellingGeneralAndAdministrative": "0", "researchAndDevelopment": "0", "operatingExpenses": "1580000000", "investmentIncomeNet": "None", "netInterestIncome": "None", "interestIncome": "None", "interestExpense": "216000000", "nonInterestIncome": "None", "otherNonOperatingIncome": "None", "depreciation": "None", "depreciationAndAmortization": "414000000", "incomeBeforeTax": "567000000", "incomeTaxExpense": "192000000", "interestAndDebtExpense": "None", "netIncomeFromContinuingOperations": "0", "comprehensiveIncomeNetOfTax": "None", "ebit": "783000000", "ebitda": "1197000000", "netIncome": "375000000"}, {"fiscalDateEnding": "2008-06-30", "reportedCurrency": "USD", "grossProfit": "2127000000", "totalRevenue": "3546000000", "costOfRevenue": "1419000000", "costofGoodsAndServicesSold": "1419000000", "operatingIncome": "586000000", "sellingGeneralAndAdministrative": "0", "researchAndDevelopment": "0", "operatingExpenses": "1541000000", "investmentIncomeNet": "None", "netInterestIncome": "None", "interestIncome": "None", "interestExpense": "234000000", "nonInterestIncome": "None", "otherNonOperatingIncome": "None", "depreciation": "None", "depreciationAndAmortization": "418000000", "incomeBeforeTax": "404000000", "incomeTaxExpense": "123000000", "interestAndDebtExpense": "None", "netIncomeFromContinuingOperations": "0", "comprehensiveIncomeNetOfTax": "None", "ebit": "638000000", "ebitda": "1056000000", "netIncome": "281000000"}, {"fiscalDateEnding": "2008-03-31", "reportedCurrency": "USD", "grossProfit": "2224000000", "totalRevenue": "3467000000", "costOfRevenue": "1243000000", "costofGoodsAndServicesSold": "1243000000", "operatingIncome": "1043000000", "sellingGeneralAndAdministrative": "0", "researchAndDevelopment": "0", "operatingExpenses": "1181000000", "investmentIncomeNet": "None", "netInterestIncome": "None", "interestIncome": "None", "interestExpense": "219000000", "nonInterestIncome": "None", "otherNonOperatingIncome": "None", "depreciation": "None", "depreciationAndAmortization": "363000000", "incomeBeforeTax": "867000000", "incomeTaxExpense": "293000000", "interestAndDebtExpense": "None", "netIncomeFromContinuingOperations": "0", "comprehensiveIncomeNetOfTax": "None", "ebit": "1086000000", "ebitda": "1449000000", "netIncome": "574000000"}, {"fiscalDateEnding": "2007-12-31", "reportedCurrency": "USD", "grossProfit": "2057000000", "totalRevenue": "3276000000", "costOfRevenue": "1219000000", "costofGoodsAndServicesSold": "1219000000", "operatingIncome": "414000000", "sellingGeneralAndAdministrative": "0", "researchAndDevelopment": "0", "operatingExpenses": "1643000000", "investmentIncomeNet": "None", "netInterestIncome": "None", "interestIncome": "None", "interestExpense": "226000000", "nonInterestIncome": "None", "otherNonOperatingIncome": "None", "depreciation": "None", "depreciationAndAmortization": "386000000", "incomeBeforeTax": "282000000", "incomeTaxExpense": "73000000", "interestAndDebtExpense": "None", "netIncomeFromContinuingOperations": "0", "comprehensiveIncomeNetOfTax": "None", "ebit": "414000000", "ebitda": "800000000", "netIncome": "231000000"}, {"fiscalDateEnding": "2007-09-30", "reportedCurrency": "USD", "grossProfit": "2332000000", "totalRevenue": "3789000000", "costOfRevenue": "1457000000", "costofGoodsAndServicesSold": "1457000000", "operatingIncome": "796000000", "sellingGeneralAndAdministrative": "0", "researchAndDevelopment": "0", "operatingExpenses": "1536000000", "investmentIncomeNet": "None", "netInterestIncome": "None", "interestIncome": "None", "interestExpense": "216000000", "nonInterestIncome": "None", "otherNonOperatingIncome": "None", "depreciation": "None", "depreciationAndAmortization": "396000000", "incomeBeforeTax": "612000000", "incomeTaxExpense": "205000000", "interestAndDebtExpense": "None", "netIncomeFromContinuingOperations": "0", "comprehensiveIncomeNetOfTax": "None", "ebit": "796000000", "ebitda": "1192000000", "netIncome": "407000000"}, {"fiscalDateEnding": "2007-06-30", "reportedCurrency": "USD", "grossProfit": "1987000000", "totalRevenue": "3146000000", "costOfRevenue": "1159000000", "costofGoodsAndServicesSold": "1159000000", "operatingIncome": "546000000", "sellingGeneralAndAdministrative": "0", "researchAndDevelopment": "0", "operatingExpenses": "1441000000", "investmentIncomeNet": "None", "netInterestIncome": "None", "interestIncome": "None", "interestExpense": "213000000", "nonInterestIncome": "None", "otherNonOperatingIncome": "None", "depreciation": "None", "depreciationAndAmortization": "389000000", "incomeBeforeTax": "365000000", "incomeTaxExpense": "108000000", "interestAndDebtExpense": "None", "netIncomeFromContinuingOperations": "0", "comprehensiveIncomeNetOfTax": "None", "ebit": "546000000", "ebitda": "935000000", "netIncome": "180000000"}, {"fiscalDateEnding": "2007-03-31", "reportedCurrency": "USD", "grossProfit": "2037000000", "totalRevenue": "3169000000", "costOfRevenue": "1132000000", "costofGoodsAndServicesSold": "1132000000", "operatingIncome": "522000000", "sellingGeneralAndAdministrative": "0", "researchAndDevelopment": "0", "operatingExpenses": "1515000000", "investmentIncomeNet": "None", "netInterestIncome": "None", "interestIncome": "None", "interestExpense": "186000000", "nonInterestIncome": "None", "otherNonOperatingIncome": "None", "depreciation": "None", "depreciationAndAmortization": "407000000", "incomeBeforeTax": "401000000", "incomeTaxExpense": "130000000", "interestAndDebtExpense": "None", "netIncomeFromContinuingOperations": "0", "comprehensiveIncomeNetOfTax": "None", "ebit": "522000000", "ebitda": "929000000", "netIncome": "271000000"}, {"fiscalDateEnding": "2006-12-31", "reportedCurrency": "USD", "grossProfit": "1947000000", "totalRevenue": "2984000000", "costOfRevenue": "1037000000", "costofGoodsAndServicesSold": "1037000000", "operatingIncome": "370000000", "sellingGeneralAndAdministrative": "0", "researchAndDevelopment": "0", "operatingExpenses": "1577000000", "investmentIncomeNet": "None", "netInterestIncome": "None", "interestIncome": "None", "interestExpense": "214000000", "nonInterestIncome": "None", "otherNonOperatingIncome": "None", "depreciation": "None", "depreciationAndAmortization": "414000000", "incomeBeforeTax": "268000000", "incomeTaxExpense": "91000000", "interestAndDebtExpense": "None", "netIncomeFromContinuingOperations": "0", "comprehensiveIncomeNetOfTax": "None", "ebit": "370000000", "ebitda": "784000000", "netIncome": "181000000"}, {"fiscalDateEnding": "2006-09-30", "reportedCurrency": "USD", "grossProfit": "2210000000", "totalRevenue": "3594000000", "costOfRevenue": "1384000000", "costofGoodsAndServicesSold": "1384000000", "operatingIncome": "535000000", "sellingGeneralAndAdministrative": "0", "researchAndDevelopment": "0", "operatingExpenses": "1675000000", "investmentIncomeNet": "None", "netInterestIncome": "None", "interestIncome": "None", "interestExpense": "174000", "nonInterestIncome": "None", "otherNonOperatingIncome": "None", "depreciation": "None", "depreciationAndAmortization": "395000000", "incomeBeforeTax": "398000000", "incomeTaxExpense": "133000000", "interestAndDebtExpense": "None", "netIncomeFromContinuingOperations": "0", "comprehensiveIncomeNetOfTax": "None", "ebit": "535000000", "ebitda": "930000000", "netIncome": "265000000"}, {"fiscalDateEnding": "2006-06-30", "reportedCurrency": "USD", "grossProfit": "1811000000", "totalRevenue": "2936000000", "costOfRevenue": "1125000000", "costofGoodsAndServicesSold": "1125000000", "operatingIncome": "371000000", "sellingGeneralAndAdministrative": "0", "researchAndDevelopment": "0", "operatingExpenses": "1440000000", "investmentIncomeNet": "None", "netInterestIncome": "None", "interestIncome": "None", "interestExpense": "176000", "nonInterestIncome": "None", "otherNonOperatingIncome": "None", "depreciation": "None", "depreciationAndAmortization": "365000000", "incomeBeforeTax": "244000000", "incomeTaxExpense": "72000000", "interestAndDebtExpense": "None", "netIncomeFromContinuingOperations": "0", "comprehensiveIncomeNetOfTax": "None", "ebit": "371000000", "ebitda": "736000000", "netIncome": "175000000"}, {"fiscalDateEnding": "2006-03-31", "reportedCurrency": "USD", "grossProfit": "1981000000", "totalRevenue": "3108000000", "costOfRevenue": "1127000000", "costofGoodsAndServicesSold": "1127000000", "operatingIncome": "621000000", "sellingGeneralAndAdministrative": "0", "researchAndDevelopment": "0", "operatingExpenses": "1360000000", "investmentIncomeNet": "None", "netInterestIncome": "None", "interestIncome": "None", "interestExpense": "168000000", "nonInterestIncome": "None", "otherNonOperatingIncome": "None", "depreciation": "None", "depreciationAndAmortization": "362000000", "incomeBeforeTax": "567000000", "incomeTaxExpense": "189000000", "interestAndDebtExpense": "None", "netIncomeFromContinuingOperations": "0", "comprehensiveIncomeNetOfTax": "None", "ebit": "621000000", "ebitda": "983000000", "netIncome": "381000000"}, {"fiscalDateEnding": "2005-12-31", "reportedCurrency": "USD", "grossProfit": "1823000000", "totalRevenue": "3055000000", "costOfRevenue": "1232000000", "costofGoodsAndServicesSold": "1232000000", "operatingIncome": "327000000", "sellingGeneralAndAdministrative": "0", "researchAndDevelopment": "0", "operatingExpenses": "1496000000", "investmentIncomeNet": "None", "netInterestIncome": "None", "interestIncome": "None", "interestExpense": "173000000", "nonInterestIncome": "None", "otherNonOperatingIncome": "None", "depreciation": "None", "depreciationAndAmortization": "219000000", "incomeBeforeTax": "51000000", "incomeTaxExpense": "-41000000", "interestAndDebtExpense": "None", "netIncomeFromContinuingOperations": "0", "comprehensiveIncomeNetOfTax": "None", "ebit": "438000000", "ebitda": "657000000", "netIncome": "-149000000"}, {"fiscalDateEnding": "2005-09-30", "reportedCurrency": "USD", "grossProfit": "2076000000", "totalRevenue": "3328000000", "costOfRevenue": "1252000000", "costofGoodsAndServicesSold": "1252000000", "operatingIncome": "623000000", "sellingGeneralAndAdministrative": "0", "researchAndDevelopment": "0", "operatingExpenses": "1453000000", "investmentIncomeNet": "None", "netInterestIncome": "None", "interestIncome": "None", "interestExpense": "145000", "nonInterestIncome": "None", "otherNonOperatingIncome": "None", "depreciation": "None", "depreciationAndAmortization": "351000000", "incomeBeforeTax": "561000000", "incomeTaxExpense": "196000000", "interestAndDebtExpense": "None", "netIncomeFromContinuingOperations": "0", "comprehensiveIncomeNetOfTax": "None", "ebit": "623000000", "ebitda": "974000000", "netIncome": "387000000"}, {"fiscalDateEnding": "2005-06-30", "reportedCurrency": "USD", "grossProfit": "1831000000", "totalRevenue": "2819000000", "costOfRevenue": "988000000", "costofGoodsAndServicesSold": "988000000", "operatingIncome": "455000000", "sellingGeneralAndAdministrative": "0", "researchAndDevelopment": "0", "operatingExpenses": "1376000000", "investmentIncomeNet": "None", "netInterestIncome": "None", "interestIncome": "None", "interestExpense": "156000", "nonInterestIncome": "None", "otherNonOperatingIncome": "None", "depreciation": "None", "depreciationAndAmortization": "352000000", "incomeBeforeTax": "321000000", "incomeTaxExpense": "103000000", "interestAndDebtExpense": "None", "netIncomeFromContinuingOperations": "0", "comprehensiveIncomeNetOfTax": "None", "ebit": "455000000", "ebitda": "807000000", "netIncome": "221000000"}, {"fiscalDateEnding": "2005-03-31", "reportedCurrency": "USD", "grossProfit": "1897000000", "totalRevenue": "3065000000", "costOfRevenue": "1168000000", "costofGoodsAndServicesSold": "1168000000", "operatingIncome": "545000000", "sellingGeneralAndAdministrative": "0", "researchAndDevelopment": "0", "operatingExpenses": "1352000000", "investmentIncomeNet": "None", "netInterestIncome": "None", "interestIncome": "None", "interestExpense": "144000000", "nonInterestIncome": "None", "otherNonOperatingIncome": "None", "depreciation": "None", "depreciationAndAmortization": "327000000", "incomeBeforeTax": "526000000", "incomeTaxExpense": "172000000", "interestAndDebtExpense": "None", "netIncomeFromContinuingOperations": "0", "comprehensiveIncomeNetOfTax": "None", "ebit": "545000000", "ebitda": "872000000", "netIncome": "355000000"}, {"fiscalDateEnding": "2004-12-31", "reportedCurrency": "USD", "grossProfit": "1815000000", "totalRevenue": "3596000000", "costOfRevenue": "1781000000", "costofGoodsAndServicesSold": "1781000000", "operatingIncome": "838000000", "sellingGeneralAndAdministrative": "0", "researchAndDevelopment": "0", "operatingExpenses": "977000000", "investmentIncomeNet": "None", "netInterestIncome": "None", "interestIncome": "None", "interestExpense": "190000000", "nonInterestIncome": "None", "otherNonOperatingIncome": "None", "depreciation": "None", "depreciationAndAmortization": "232000000", "incomeBeforeTax": "403000000", "incomeTaxExpense": "128000000", "interestAndDebtExpense": "None", "netIncomeFromContinuingOperations": "0", "comprehensiveIncomeNetOfTax": "None", "ebit": "934000000", "ebitda": "1166000000", "netIncome": "177000000"}]}