{"symbol": "DOW", "annualReports": [{"fiscalDateEnding": "2024-12-31", "reportedCurrency": "USD", "grossProfit": "4606000000", "totalRevenue": "42964000000", "costOfRevenue": "38358000000", "costofGoodsAndServicesSold": "38358000000", "operatingIncome": "1905000000", "sellingGeneralAndAdministrative": "1581000000", "researchAndDevelopment": "810000000", "operatingExpenses": "2701000000", "investmentIncomeNet": "None", "netInterestIncome": "-611000000", "interestIncome": "200000000", "interestExpense": "811000000", "nonInterestIncome": "None", "otherNonOperatingIncome": "None", "depreciation": "None", "depreciationAndAmortization": "2894000000", "incomeBeforeTax": "1600000000", "incomeTaxExpense": "399000000", "interestAndDebtExpense": "None", "netIncomeFromContinuingOperations": "1201000000", "comprehensiveIncomeNetOfTax": "None", "ebit": "2411000000", "ebitda": "5305000000", "netIncome": "1116000000"}, {"fiscalDateEnding": "2023-12-31", "reportedCurrency": "USD", "grossProfit": "5057000000", "totalRevenue": "44622000000", "costOfRevenue": "39565000000", "costofGoodsAndServicesSold": "39565000000", "operatingIncome": "2959000000", "sellingGeneralAndAdministrative": "1627000000", "researchAndDevelopment": "829000000", "operatingExpenses": "2098000000", "investmentIncomeNet": "None", "netInterestIncome": "-517000000", "interestIncome": "229000000", "interestExpense": "746000000", "nonInterestIncome": "None", "otherNonOperatingIncome": "None", "depreciation": "None", "depreciationAndAmortization": "2611000000", "incomeBeforeTax": "656000000", "incomeTaxExpense": "-4000000", "interestAndDebtExpense": "None", "netIncomeFromContinuingOperations": "660000000", "comprehensiveIncomeNetOfTax": "None", "ebit": "1392000000", "ebitda": "4003000000", "netIncome": "589000000"}, {"fiscalDateEnding": "2022-12-31", "reportedCurrency": "USD", "grossProfit": "8564000000", "totalRevenue": "56902000000", "costOfRevenue": "48338000000", "costofGoodsAndServicesSold": "48338000000", "operatingIncome": "6870000000", "sellingGeneralAndAdministrative": "1675000000", "researchAndDevelopment": "851000000", "operatingExpenses": "2862000000", "investmentIncomeNet": "None", "netInterestIncome": "-489000000", "interestIncome": "173000000", "interestExpense": "662000000", "nonInterestIncome": "None", "otherNonOperatingIncome": "None", "depreciation": "None", "depreciationAndAmortization": "2758000000", "incomeBeforeTax": "6090000000", "incomeTaxExpense": "1450000000", "interestAndDebtExpense": "None", "netIncomeFromContinuingOperations": "4640000000", "comprehensiveIncomeNetOfTax": "None", "ebit": "6741000000", "ebitda": "9499000000", "netIncome": "4582000000"}, {"fiscalDateEnding": "2021-12-31", "reportedCurrency": "USD", "grossProfit": "10777000000", "totalRevenue": "54968000000", "costOfRevenue": "44191000000", "costofGoodsAndServicesSold": "44191000000", "operatingIncome": "8882000000", "sellingGeneralAndAdministrative": "1645000000", "researchAndDevelopment": "857000000", "operatingExpenses": "2890000000", "investmentIncomeNet": "None", "netInterestIncome": "-676000000", "interestIncome": "55000000", "interestExpense": "731000000", "nonInterestIncome": "None", "otherNonOperatingIncome": "None", "depreciation": "None", "depreciationAndAmortization": "2842000000", "incomeBeforeTax": "8145000000", "incomeTaxExpense": "1740000000", "interestAndDebtExpense": "None", "netIncomeFromContinuingOperations": "6405000000", "comprehensiveIncomeNetOfTax": "None", "ebit": "8834000000", "ebitda": "11676000000", "netIncome": "6311000000"}, {"fiscalDateEnding": "2020-12-31", "reportedCurrency": "USD", "grossProfit": "5196000000", "totalRevenue": "38542000000", "costOfRevenue": "33346000000", "costofGoodsAndServicesSold": "33346000000", "operatingIncome": "3845000000", "sellingGeneralAndAdministrative": "1471000000", "researchAndDevelopment": "768000000", "operatingExpenses": "2640000000", "investmentIncomeNet": "None", "netInterestIncome": "-789000000", "interestIncome": "38000000", "interestExpense": "827000000", "nonInterestIncome": "None", "otherNonOperatingIncome": "None", "depreciation": "None", "depreciationAndAmortization": "2589000000", "incomeBeforeTax": "2071000000", "incomeTaxExpense": "777000000", "interestAndDebtExpense": "None", "netIncomeFromContinuingOperations": "1294000000", "comprehensiveIncomeNetOfTax": "None", "ebit": "2949000000", "ebitda": "5538000000", "netIncome": "1225000000"}, {"fiscalDateEnding": "2019-12-31", "reportedCurrency": "USD", "grossProfit": "6294000000", "totalRevenue": "42951000000", "costOfRevenue": "36657000000", "costofGoodsAndServicesSold": "36657000000", "operatingIncome": "3968000000", "sellingGeneralAndAdministrative": "1590000000", "researchAndDevelopment": "765000000", "operatingExpenses": "2774000000", "investmentIncomeNet": "None", "netInterestIncome": "-852000000", "interestIncome": "946000000", "interestExpense": "933000000", "nonInterestIncome": "None", "otherNonOperatingIncome": "None", "depreciation": "None", "depreciationAndAmortization": "2671000000", "incomeBeforeTax": "-1247000000", "incomeTaxExpense": "470000000", "interestAndDebtExpense": "None", "netIncomeFromContinuingOperations": "-1717000000", "comprehensiveIncomeNetOfTax": "None", "ebit": "-300000000", "ebitda": "2371000000", "netIncome": "-1717000000"}, {"fiscalDateEnding": "2018-12-31", "reportedCurrency": "USD", "grossProfit": "12573000000", "totalRevenue": "60278000000", "costOfRevenue": "47705000000", "costofGoodsAndServicesSold": "47705000000", "operatingIncome": "7569000000", "sellingGeneralAndAdministrative": "2846000000", "researchAndDevelopment": "1536000000", "operatingExpenses": "5004000000", "investmentIncomeNet": "None", "netInterestIncome": "-1009000000", "interestIncome": "426000000", "interestExpense": "1118000000", "nonInterestIncome": "None", "otherNonOperatingIncome": "None", "depreciation": "None", "depreciationAndAmortization": "2736000000", "incomeBeforeTax": "5918000000", "incomeTaxExpense": "1285000000", "interestAndDebtExpense": "None", "netIncomeFromContinuingOperations": "4633000000", "comprehensiveIncomeNetOfTax": "None", "ebit": "4809000000", "ebitda": "7545000000", "netIncome": "4499000000"}, {"fiscalDateEnding": "2017-12-31", "reportedCurrency": "USD", "grossProfit": "7380000000", "totalRevenue": "43730000000", "costOfRevenue": "36350000000", "costofGoodsAndServicesSold": "36350000000", "operatingIncome": "4382000000", "sellingGeneralAndAdministrative": "1795000000", "researchAndDevelopment": "803000000", "operatingExpenses": "2998000000", "investmentIncomeNet": "None", "netInterestIncome": "-848000000", "interestIncome": "66000000", "interestExpense": "914000000", "nonInterestIncome": "None", "otherNonOperatingIncome": "1639000000", "depreciation": "None", "depreciationAndAmortization": "624000000", "incomeBeforeTax": "237000000", "incomeTaxExpense": "1524000000", "interestAndDebtExpense": "None", "netIncomeFromContinuingOperations": "1381000000", "comprehensiveIncomeNetOfTax": "None", "ebit": "3775000000", "ebitda": "4399000000", "netIncome": "465000000"}, {"fiscalDateEnding": "2016-12-31", "reportedCurrency": "USD", "grossProfit": "10490000000", "totalRevenue": "48158000000", "costOfRevenue": "37668000000", "costofGoodsAndServicesSold": "37668000000", "operatingIncome": "4287000000", "sellingGeneralAndAdministrative": "4066000000", "researchAndDevelopment": "1593000000", "operatingExpenses": "6203000000", "investmentIncomeNet": "None", "netInterestIncome": "-751000000", "interestIncome": "107000000", "interestExpense": "858000000", "nonInterestIncome": "None", "otherNonOperatingIncome": "549000000", "depreciation": "None", "depreciationAndAmortization": "544000000", "incomeBeforeTax": "4413000000", "incomeTaxExpense": "9000000", "interestAndDebtExpense": "None", "netIncomeFromContinuingOperations": "5517000000", "comprehensiveIncomeNetOfTax": "None", "ebit": "5271000000", "ebitda": "5815000000", "netIncome": "4318000000"}, {"fiscalDateEnding": "2015-12-31", "reportedCurrency": "USD", "grossProfit": "7446000000", "totalRevenue": "37101000000", "costOfRevenue": "29655000000", "costofGoodsAndServicesSold": "29655000000", "operatingIncome": "4699000000", "sellingGeneralAndAdministrative": "2971000000", "researchAndDevelopment": "730000000", "operatingExpenses": "1537000000", "investmentIncomeNet": "None", "netInterestIncome": "None", "interestIncome": "None", "interestExpense": "0", "nonInterestIncome": "None", "otherNonOperatingIncome": "745000000", "depreciation": "None", "depreciationAndAmortization": "223000000", "incomeBeforeTax": "8089000000", "incomeTaxExpense": "1591000000", "interestAndDebtExpense": "None", "netIncomeFromContinuingOperations": "7783000000", "comprehensiveIncomeNetOfTax": "None", "ebit": "4699000000", "ebitda": "4922000000", "netIncome": "6087000000"}, {"fiscalDateEnding": "2014-12-31", "reportedCurrency": "USD", "grossProfit": "10703000000", "totalRevenue": "58167000000", "costOfRevenue": "47464000000", "costofGoodsAndServicesSold": "47464000000", "operatingIncome": "5440000000", "sellingGeneralAndAdministrative": "3106000000", "researchAndDevelopment": "1647000000", "operatingExpenses": "5263000000", "investmentIncomeNet": "None", "netInterestIncome": "None", "interestIncome": "None", "interestExpense": "0", "nonInterestIncome": "None", "otherNonOperatingIncome": "886000000", "depreciation": "None", "depreciationAndAmortization": "None", "incomeBeforeTax": "5343000000", "incomeTaxExpense": "1426000000", "interestAndDebtExpense": "None", "netIncomeFromContinuingOperations": "3917000000", "comprehensiveIncomeNetOfTax": "None", "ebit": "6326000000", "ebitda": "None", "netIncome": "3772000000"}, {"fiscalDateEnding": "2013-12-31", "reportedCurrency": "USD", "grossProfit": "9486000000", "totalRevenue": "57080000000", "costOfRevenue": "47594000000", "costofGoodsAndServicesSold": "47594000000", "operatingIncome": "6830000000", "sellingGeneralAndAdministrative": "3024000000", "researchAndDevelopment": "1747000000", "operatingExpenses": "2656000000", "investmentIncomeNet": "None", "netInterestIncome": "None", "interestIncome": "None", "interestExpense": "0", "nonInterestIncome": "None", "otherNonOperatingIncome": "1075000000", "depreciation": "None", "depreciationAndAmortization": "None", "incomeBeforeTax": "6804000000", "incomeTaxExpense": "1988000000", "interestAndDebtExpense": "None", "netIncomeFromContinuingOperations": "4816000000", "comprehensiveIncomeNetOfTax": "None", "ebit": "7905000000", "ebitda": "None", "netIncome": "4787000000"}, {"fiscalDateEnding": "2012-12-31", "reportedCurrency": "USD", "grossProfit": "8994000000", "totalRevenue": "56786000000", "costOfRevenue": "47792000000", "costofGoodsAndServicesSold": "47792000000", "operatingIncome": "2357000000", "sellingGeneralAndAdministrative": "2861000000", "researchAndDevelopment": "1708000000", "operatingExpenses": "6637000000", "investmentIncomeNet": "None", "netInterestIncome": "None", "interestIncome": "None", "interestExpense": "0", "nonInterestIncome": "None", "otherNonOperatingIncome": "577000000", "depreciation": "None", "depreciationAndAmortization": "None", "incomeBeforeTax": "1665000000", "incomeTaxExpense": "565000000", "interestAndDebtExpense": "None", "netIncomeFromContinuingOperations": "1100000000", "comprehensiveIncomeNetOfTax": "None", "ebit": "2934000000", "ebitda": "None", "netIncome": "1182000000"}, {"fiscalDateEnding": "2011-12-31", "reportedCurrency": "USD", "grossProfit": "8956000000", "totalRevenue": "59985000000", "costOfRevenue": "51029000000", "costofGoodsAndServicesSold": "51029000000", "operatingIncome": "3710000000", "sellingGeneralAndAdministrative": "2788000000", "researchAndDevelopment": "1646000000", "operatingExpenses": "5246000000", "investmentIncomeNet": "None", "netInterestIncome": "None", "interestIncome": "None", "interestExpense": "0", "nonInterestIncome": "None", "otherNonOperatingIncome": "1263000000", "depreciation": "None", "depreciationAndAmortization": "None", "incomeBeforeTax": "3632000000", "incomeTaxExpense": "817000000", "interestAndDebtExpense": "None", "netIncomeFromContinuingOperations": "2784000000", "comprehensiveIncomeNetOfTax": "None", "ebit": "4973000000", "ebitda": "None", "netIncome": "2742000000"}, {"fiscalDateEnding": "2010-12-31", "reportedCurrency": "USD", "grossProfit": "7894000000", "totalRevenue": "53674000000", "costOfRevenue": "45780000000", "costofGoodsAndServicesSold": "45780000000", "operatingIncome": "3090000000", "sellingGeneralAndAdministrative": "2609000000", "researchAndDevelopment": "1660000000", "operatingExpenses": "4804000000", "investmentIncomeNet": "None", "netInterestIncome": "None", "interestIncome": "None", "interestExpense": "0", "nonInterestIncome": "None", "otherNonOperatingIncome": "1149000000", "depreciation": "None", "depreciationAndAmortization": "None", "incomeBeforeTax": "4239000000", "incomeTaxExpense": "481000000", "interestAndDebtExpense": "None", "netIncomeFromContinuingOperations": "2321000000", "comprehensiveIncomeNetOfTax": "None", "ebit": "4239000000", "ebitda": "None", "netIncome": "2310000000"}, {"fiscalDateEnding": "2009-12-31", "reportedCurrency": "USD", "grossProfit": "5727000000", "totalRevenue": "44875000000", "costOfRevenue": "39148000000", "costofGoodsAndServicesSold": "39148000000", "operatingIncome": "653000000", "sellingGeneralAndAdministrative": "2487000000", "researchAndDevelopment": "1492000000", "operatingExpenses": "5074000000", "investmentIncomeNet": "None", "netInterestIncome": "None", "interestIncome": "None", "interestExpense": "0", "nonInterestIncome": "None", "otherNonOperatingIncome": "669000000", "depreciation": "None", "depreciationAndAmortization": "None", "incomeBeforeTax": "1322000000", "incomeTaxExpense": "-97000000", "interestAndDebtExpense": "None", "netIncomeFromContinuingOperations": "1419000000", "comprehensiveIncomeNetOfTax": "None", "ebit": "1322000000", "ebitda": "None", "netIncome": "648000000"}], "quarterlyReports": [{"fiscalDateEnding": "2024-12-31", "reportedCurrency": "USD", "grossProfit": "935000000", "totalRevenue": "10405000000", "costOfRevenue": "9470000000", "costofGoodsAndServicesSold": "9470000000", "operatingIncome": "304000000", "sellingGeneralAndAdministrative": "353000000", "researchAndDevelopment": "202000000", "operatingExpenses": "631000000", "investmentIncomeNet": "None", "netInterestIncome": "-159000000", "interestIncome": "57000000", "interestExpense": "216000000", "nonInterestIncome": "None", "otherNonOperatingIncome": "None", "depreciation": "None", "depreciationAndAmortization": "751000000", "incomeBeforeTax": "219000000", "incomeTaxExpense": "254000000", "interestAndDebtExpense": "None", "netIncomeFromContinuingOperations": "-35000000", "comprehensiveIncomeNetOfTax": "None", "ebit": "435000000", "ebitda": "1186000000", "netIncome": "-53000000"}, {"fiscalDateEnding": "2024-09-30", "reportedCurrency": "USD", "grossProfit": "1070000000", "totalRevenue": "10879000000", "costOfRevenue": "9809000000", "costofGoodsAndServicesSold": "9809000000", "operatingIncome": "390000000", "sellingGeneralAndAdministrative": "396000000", "researchAndDevelopment": "208000000", "operatingExpenses": "680000000", "investmentIncomeNet": "None", "netInterestIncome": "-163000000", "interestIncome": "36000000", "interestExpense": "199000000", "nonInterestIncome": "None", "otherNonOperatingIncome": "None", "depreciation": "None", "depreciationAndAmortization": "741000000", "incomeBeforeTax": "324000000", "incomeTaxExpense": "84000000", "interestAndDebtExpense": "None", "netIncomeFromContinuingOperations": "240000000", "comprehensiveIncomeNetOfTax": "None", "ebit": "523000000", "ebitda": "1264000000", "netIncome": "214000000"}, {"fiscalDateEnding": "2024-06-30", "reportedCurrency": "USD", "grossProfit": "1324000000", "totalRevenue": "10915000000", "costOfRevenue": "9591000000", "costofGoodsAndServicesSold": "9591000000", "operatingIncome": "661000000", "sellingGeneralAndAdministrative": "390000000", "researchAndDevelopment": "196000000", "operatingExpenses": "663000000", "investmentIncomeNet": "None", "netInterestIncome": "-155000000", "interestIncome": "42000000", "interestExpense": "197000000", "nonInterestIncome": "None", "otherNonOperatingIncome": "None", "depreciation": "None", "depreciationAndAmortization": "682000000", "incomeBeforeTax": "608000000", "incomeTaxExpense": "150000000", "interestAndDebtExpense": "None", "netIncomeFromContinuingOperations": "458000000", "comprehensiveIncomeNetOfTax": "None", "ebit": "805000000", "ebitda": "1487000000", "netIncome": "439000000"}, {"fiscalDateEnding": "2024-03-31", "reportedCurrency": "USD", "grossProfit": "1277000000", "totalRevenue": "10765000000", "costOfRevenue": "9488000000", "costofGoodsAndServicesSold": "9488000000", "operatingIncome": "550000000", "sellingGeneralAndAdministrative": "442000000", "researchAndDevelopment": "204000000", "operatingExpenses": "727000000", "investmentIncomeNet": "None", "netInterestIncome": "-134000000", "interestIncome": "65000000", "interestExpense": "199000000", "nonInterestIncome": "None", "otherNonOperatingIncome": "None", "depreciation": "None", "depreciationAndAmortization": "720000000", "incomeBeforeTax": "449000000", "incomeTaxExpense": "-89000000", "interestAndDebtExpense": "None", "netIncomeFromContinuingOperations": "538000000", "comprehensiveIncomeNetOfTax": "None", "ebit": "648000000", "ebitda": "1368000000", "netIncome": "516000000"}, {"fiscalDateEnding": "2023-12-31", "reportedCurrency": "USD", "grossProfit": "975000000", "totalRevenue": "10621000000", "costOfRevenue": "9646000000", "costofGoodsAndServicesSold": "9646000000", "operatingIncome": "865000000", "sellingGeneralAndAdministrative": "411000000", "researchAndDevelopment": "213000000", "operatingExpenses": "705000000", "investmentIncomeNet": "None", "netInterestIncome": "-154000000", "interestIncome": "43000000", "interestExpense": "197000000", "nonInterestIncome": "None", "otherNonOperatingIncome": "None", "depreciation": "None", "depreciationAndAmortization": "657000000", "incomeBeforeTax": "-352000000", "incomeTaxExpense": "-257000000", "interestAndDebtExpense": "None", "netIncomeFromContinuingOperations": "-95000000", "comprehensiveIncomeNetOfTax": "None", "ebit": "-155000000", "ebitda": "502000000", "netIncome": "-105000000"}, {"fiscalDateEnding": "2023-09-30", "reportedCurrency": "USD", "grossProfit": "1138000000", "totalRevenue": "10730000000", "costOfRevenue": "9592000000", "costofGoodsAndServicesSold": "9592000000", "operatingIncome": "1001000000", "sellingGeneralAndAdministrative": "380000000", "researchAndDevelopment": "197000000", "operatingExpenses": "658000000", "investmentIncomeNet": "None", "netInterestIncome": "-148000000", "interestIncome": "44000000", "interestExpense": "192000000", "nonInterestIncome": "None", "otherNonOperatingIncome": "None", "depreciation": "None", "depreciationAndAmortization": "657000000", "incomeBeforeTax": "417000000", "incomeTaxExpense": "90000000", "interestAndDebtExpense": "None", "netIncomeFromContinuingOperations": "327000000", "comprehensiveIncomeNetOfTax": "None", "ebit": "577000000", "ebitda": "1234000000", "netIncome": "302000000"}, {"fiscalDateEnding": "2023-06-30", "reportedCurrency": "USD", "grossProfit": "1545000000", "totalRevenue": "11420000000", "costOfRevenue": "9875000000", "costofGoodsAndServicesSold": "9875000000", "operatingIncome": "711000000", "sellingGeneralAndAdministrative": "408000000", "researchAndDevelopment": "205000000", "operatingExpenses": "694000000", "investmentIncomeNet": "None", "netInterestIncome": "-106000000", "interestIncome": "66000000", "interestExpense": "172000000", "nonInterestIncome": "None", "otherNonOperatingIncome": "None", "depreciation": "None", "depreciationAndAmortization": "649000000", "incomeBeforeTax": "711000000", "incomeTaxExpense": "210000000", "interestAndDebtExpense": "None", "netIncomeFromContinuingOperations": "501000000", "comprehensiveIncomeNetOfTax": "None", "ebit": "948000000", "ebitda": "1597000000", "netIncome": "485000000"}, {"fiscalDateEnding": "2023-03-31", "reportedCurrency": "USD", "grossProfit": "1222000000", "totalRevenue": "11851000000", "costOfRevenue": "10629000000", "costofGoodsAndServicesSold": "10629000000", "operatingIncome": "606000000", "sellingGeneralAndAdministrative": "428000000", "researchAndDevelopment": "214000000", "operatingExpenses": "723000000", "investmentIncomeNet": "None", "netInterestIncome": "-109000000", "interestIncome": "76000000", "interestExpense": "185000000", "nonInterestIncome": "None", "otherNonOperatingIncome": "None", "depreciation": "None", "depreciationAndAmortization": "648000000", "incomeBeforeTax": "-120000000", "incomeTaxExpense": "-47000000", "interestAndDebtExpense": "None", "netIncomeFromContinuingOperations": "-73000000", "comprehensiveIncomeNetOfTax": "None", "ebit": "772000000", "ebitda": "1420000000", "netIncome": "-73000000"}, {"fiscalDateEnding": "2022-12-31", "reportedCurrency": "USD", "grossProfit": "1203000000", "totalRevenue": "11859000000", "costOfRevenue": "10656000000", "costofGoodsAndServicesSold": "10656000000", "operatingIncome": "972000000", "sellingGeneralAndAdministrative": "386000000", "researchAndDevelopment": "225000000", "operatingExpenses": "691000000", "investmentIncomeNet": "None", "netInterestIncome": "-107000000", "interestIncome": "68000000", "interestExpense": "175000000", "nonInterestIncome": "None", "otherNonOperatingIncome": "None", "depreciation": "None", "depreciationAndAmortization": "654000000", "incomeBeforeTax": "865000000", "incomeTaxExpense": "218000000", "interestAndDebtExpense": "None", "netIncomeFromContinuingOperations": "647000000", "comprehensiveIncomeNetOfTax": "None", "ebit": "1038000000", "ebitda": "1692000000", "netIncome": "613000000"}, {"fiscalDateEnding": "2022-09-30", "reportedCurrency": "USD", "grossProfit": "1734000000", "totalRevenue": "14115000000", "costOfRevenue": "12381000000", "costofGoodsAndServicesSold": "12381000000", "operatingIncome": "1156000000", "sellingGeneralAndAdministrative": "356000000", "researchAndDevelopment": "191000000", "operatingExpenses": "630000000", "investmentIncomeNet": "None", "netInterestIncome": "-114000000", "interestIncome": "41000000", "interestExpense": "155000000", "nonInterestIncome": "None", "otherNonOperatingIncome": "None", "depreciation": "None", "depreciationAndAmortization": "668000000", "incomeBeforeTax": "1001000000", "incomeTaxExpense": "241000000", "interestAndDebtExpense": "None", "netIncomeFromContinuingOperations": "760000000", "comprehensiveIncomeNetOfTax": "None", "ebit": "1193000000", "ebitda": "1861000000", "netIncome": "739000000"}, {"fiscalDateEnding": "2022-06-30", "reportedCurrency": "USD", "grossProfit": "2765000000", "totalRevenue": "15664000000", "costOfRevenue": "12899000000", "costofGoodsAndServicesSold": "12899000000", "operatingIncome": "2334000000", "sellingGeneralAndAdministrative": "435000000", "researchAndDevelopment": "217000000", "operatingExpenses": "737000000", "investmentIncomeNet": "None", "netInterestIncome": "-174000000", "interestIncome": "13000000", "interestExpense": "165000000", "nonInterestIncome": "None", "otherNonOperatingIncome": "None", "depreciation": "None", "depreciationAndAmortization": "684000000", "incomeBeforeTax": "2169000000", "incomeTaxExpense": "488000000", "interestAndDebtExpense": "None", "netIncomeFromContinuingOperations": "1932000000", "comprehensiveIncomeNetOfTax": "None", "ebit": "2117000000", "ebitda": "2801000000", "netIncome": "1661000000"}, {"fiscalDateEnding": "2022-03-31", "reportedCurrency": "USD", "grossProfit": "2862000000", "totalRevenue": "15264000000", "costOfRevenue": "12402000000", "costofGoodsAndServicesSold": "12402000000", "operatingIncome": "2408000000", "sellingGeneralAndAdministrative": "498000000", "researchAndDevelopment": "218000000", "operatingExpenses": "804000000", "investmentIncomeNet": "None", "netInterestIncome": "-139000000", "interestIncome": "28000000", "interestExpense": "167000000", "nonInterestIncome": "None", "otherNonOperatingIncome": "None", "depreciation": "None", "depreciationAndAmortization": "752000000", "incomeBeforeTax": "2055000000", "incomeTaxExpense": "503000000", "interestAndDebtExpense": "None", "netIncomeFromContinuingOperations": "1552000000", "comprehensiveIncomeNetOfTax": "None", "ebit": "2147000000", "ebitda": "2899000000", "netIncome": "1569000000"}, {"fiscalDateEnding": "2021-12-31", "reportedCurrency": "USD", "grossProfit": "2586000000", "totalRevenue": "14364000000", "costOfRevenue": "11778000000", "costofGoodsAndServicesSold": "11778000000", "operatingIncome": "2263000000", "sellingGeneralAndAdministrative": "436000000", "researchAndDevelopment": "225000000", "operatingExpenses": "748000000", "investmentIncomeNet": "None", "netInterestIncome": "-150000000", "interestIncome": "20000000", "interestExpense": "170000000", "nonInterestIncome": "None", "otherNonOperatingIncome": "None", "depreciation": "None", "depreciationAndAmortization": "655000000", "incomeBeforeTax": "2118000000", "incomeTaxExpense": "357000000", "interestAndDebtExpense": "None", "netIncomeFromContinuingOperations": "1761000000", "comprehensiveIncomeNetOfTax": "None", "ebit": "2283000000", "ebitda": "2938000000", "netIncome": "1736000000"}, {"fiscalDateEnding": "2021-09-30", "reportedCurrency": "USD", "grossProfit": "3226000000", "totalRevenue": "14837000000", "costOfRevenue": "11611000000", "costofGoodsAndServicesSold": "11611000000", "operatingIncome": "2513000000", "sellingGeneralAndAdministrative": "403000000", "researchAndDevelopment": "210000000", "operatingExpenses": "713000000", "investmentIncomeNet": "None", "netInterestIncome": "-164000000", "interestIncome": "80000000", "interestExpense": "178000000", "nonInterestIncome": "None", "otherNonOperatingIncome": "None", "depreciation": "None", "depreciationAndAmortization": "725000000", "incomeBeforeTax": "2248000000", "incomeTaxExpense": "542000000", "interestAndDebtExpense": "None", "netIncomeFromContinuingOperations": "1706000000", "comprehensiveIncomeNetOfTax": "None", "ebit": "2613000000", "ebitda": "3338000000", "netIncome": "1683000000"}, {"fiscalDateEnding": "2021-06-30", "reportedCurrency": "USD", "grossProfit": "3145000000", "totalRevenue": "13885000000", "costOfRevenue": "10740000000", "costofGoodsAndServicesSold": "10740000000", "operatingIncome": "2377000000", "sellingGeneralAndAdministrative": "440000000", "researchAndDevelopment": "228000000", "operatingExpenses": "768000000", "investmentIncomeNet": "None", "netInterestIncome": "-174000000", "interestIncome": "13000000", "interestExpense": "187000000", "nonInterestIncome": "None", "otherNonOperatingIncome": "None", "depreciation": "None", "depreciationAndAmortization": "745000000", "incomeBeforeTax": "2456000000", "incomeTaxExpense": "524000000", "interestAndDebtExpense": "None", "netIncomeFromContinuingOperations": "1932000000", "comprehensiveIncomeNetOfTax": "None", "ebit": "2640000000", "ebitda": "3385000000", "netIncome": "1901000000"}, {"fiscalDateEnding": "2021-03-31", "reportedCurrency": "USD", "grossProfit": "1820000000", "totalRevenue": "11882000000", "costOfRevenue": "10062000000", "costofGoodsAndServicesSold": "10062000000", "operatingIncome": "1159000000", "sellingGeneralAndAdministrative": "366000000", "researchAndDevelopment": "194000000", "operatingExpenses": "661000000", "investmentIncomeNet": "None", "netInterestIncome": "-188000000", "interestIncome": "8000000", "interestExpense": "196000000", "nonInterestIncome": "None", "otherNonOperatingIncome": "None", "depreciation": "None", "depreciationAndAmortization": "717000000", "incomeBeforeTax": "1323000000", "incomeTaxExpense": "317000000", "interestAndDebtExpense": "None", "netIncomeFromContinuingOperations": "1006000000", "comprehensiveIncomeNetOfTax": "None", "ebit": "1489000000", "ebitda": "2206000000", "netIncome": "991000000"}, {"fiscalDateEnding": "2020-12-31", "reportedCurrency": "USD", "grossProfit": "1571000000", "totalRevenue": "10706000000", "costOfRevenue": "9135000000", "costofGoodsAndServicesSold": "9135000000", "operatingIncome": "848000000", "sellingGeneralAndAdministrative": "408000000", "researchAndDevelopment": "214000000", "operatingExpenses": "723000000", "investmentIncomeNet": "None", "netInterestIncome": "-199000000", "interestIncome": "11000000", "interestExpense": "210000000", "nonInterestIncome": "None", "otherNonOperatingIncome": "None", "depreciation": "None", "depreciationAndAmortization": "726000000", "incomeBeforeTax": "1816000000", "incomeTaxExpense": "562000000", "interestAndDebtExpense": "None", "netIncomeFromContinuingOperations": "1254000000", "comprehensiveIncomeNetOfTax": "None", "ebit": "2026000000", "ebitda": "2752000000", "netIncome": "1236000000"}, {"fiscalDateEnding": "2020-09-30", "reportedCurrency": "USD", "grossProfit": "1341000000", "totalRevenue": "9712000000", "costOfRevenue": "8371000000", "costofGoodsAndServicesSold": "8371000000", "operatingIncome": "676000000", "sellingGeneralAndAdministrative": "372000000", "researchAndDevelopment": "193000000", "operatingExpenses": "665000000", "investmentIncomeNet": "None", "netInterestIncome": "-196000000", "interestIncome": "151000000", "interestExpense": "202000000", "nonInterestIncome": "None", "otherNonOperatingIncome": "None", "depreciation": "None", "depreciationAndAmortization": "724000000", "incomeBeforeTax": "42000000", "incomeTaxExpense": "43000000", "interestAndDebtExpense": "None", "netIncomeFromContinuingOperations": "-4000000", "comprehensiveIncomeNetOfTax": "None", "ebit": "241000000", "ebitda": "965000000", "netIncome": "-25000000"}, {"fiscalDateEnding": "2020-06-30", "reportedCurrency": "USD", "grossProfit": "744000000", "totalRevenue": "8354000000", "costOfRevenue": "7610000000", "costofGoodsAndServicesSold": "7610000000", "operatingIncome": "105000000", "sellingGeneralAndAdministrative": "357000000", "researchAndDevelopment": "182000000", "operatingExpenses": "639000000", "investmentIncomeNet": "None", "netInterestIncome": "-194000000", "interestIncome": "284000000", "interestExpense": "200000000", "nonInterestIncome": "None", "otherNonOperatingIncome": "None", "depreciation": "None", "depreciationAndAmortization": "700000000", "incomeBeforeTax": "-183000000", "incomeTaxExpense": "34000000", "interestAndDebtExpense": "None", "netIncomeFromContinuingOperations": "-217000000", "comprehensiveIncomeNetOfTax": "None", "ebit": "16000000", "ebitda": "716000000", "netIncome": "-225000000"}, {"fiscalDateEnding": "2020-03-31", "reportedCurrency": "USD", "grossProfit": "1540000000", "totalRevenue": "9770000000", "costOfRevenue": "8230000000", "costofGoodsAndServicesSold": "8230000000", "operatingIncome": "927000000", "sellingGeneralAndAdministrative": "334000000", "researchAndDevelopment": "179000000", "operatingExpenses": "613000000", "investmentIncomeNet": "None", "netInterestIncome": "-200000000", "interestIncome": "290000000", "interestExpense": "215000000", "nonInterestIncome": "None", "otherNonOperatingIncome": "None", "depreciation": "None", "depreciationAndAmortization": "724000000", "incomeBeforeTax": "396000000", "incomeTaxExpense": "138000000", "interestAndDebtExpense": "None", "netIncomeFromContinuingOperations": "258000000", "comprehensiveIncomeNetOfTax": "None", "ebit": "629000000", "ebitda": "1353000000", "netIncome": "239000000"}, {"fiscalDateEnding": "2019-12-31", "reportedCurrency": "USD", "grossProfit": "1486000000", "totalRevenue": "10204000000", "costOfRevenue": "8718000000", "costofGoodsAndServicesSold": "8718000000", "operatingIncome": "882000000", "sellingGeneralAndAdministrative": "332000000", "researchAndDevelopment": "173000000", "operatingExpenses": "604000000", "investmentIncomeNet": "None", "netInterestIncome": "-199000000", "interestIncome": "220000000", "interestExpense": "222000000", "nonInterestIncome": "None", "otherNonOperatingIncome": "None", "depreciation": "None", "depreciationAndAmortization": "713000000", "incomeBeforeTax": "-2196000000", "incomeTaxExpense": "114000000", "interestAndDebtExpense": "None", "netIncomeFromContinuingOperations": "-2310000000", "comprehensiveIncomeNetOfTax": "None", "ebit": "-2027000000", "ebitda": "-1314000000", "netIncome": "-2323000000"}, {"fiscalDateEnding": "2019-09-30", "reportedCurrency": "USD", "grossProfit": "1387000000", "totalRevenue": "10764000000", "costOfRevenue": "9377000000", "costofGoodsAndServicesSold": "9377000000", "operatingIncome": "705000000", "sellingGeneralAndAdministrative": "388000000", "researchAndDevelopment": "194000000", "operatingExpenses": "682000000", "investmentIncomeNet": "None", "netInterestIncome": "-214000000", "interestIncome": "258000000", "interestExpense": "233000000", "nonInterestIncome": "None", "otherNonOperatingIncome": "None", "depreciation": "None", "depreciationAndAmortization": "100000000", "incomeBeforeTax": "437000000", "incomeTaxExpense": "90000000", "interestAndDebtExpense": "None", "netIncomeFromContinuingOperations": "347000000", "comprehensiveIncomeNetOfTax": "None", "ebit": "1233000000", "ebitda": "1333000000", "netIncome": "333000000"}, {"fiscalDateEnding": "2019-06-30", "reportedCurrency": "USD", "grossProfit": "1594000000", "totalRevenue": "11014000000", "costOfRevenue": "9420000000", "costofGoodsAndServicesSold": "9420000000", "operatingIncome": "860000000", "sellingGeneralAndAdministrative": "422000000", "researchAndDevelopment": "208000000", "operatingExpenses": "734000000", "investmentIncomeNet": "None", "netInterestIncome": "-216000000", "interestIncome": "231000000", "interestExpense": "237000000", "nonInterestIncome": "None", "otherNonOperatingIncome": "None", "depreciation": "None", "depreciationAndAmortization": "646000000", "incomeBeforeTax": "215000000", "incomeTaxExpense": "125000000", "interestAndDebtExpense": "None", "netIncomeFromContinuingOperations": "90000000", "comprehensiveIncomeNetOfTax": "None", "ebit": "471000000", "ebitda": "1117000000", "netIncome": "75000000"}, {"fiscalDateEnding": "2019-03-31", "reportedCurrency": "USD", "grossProfit": "2875000000", "totalRevenue": "13582000000", "costOfRevenue": "10707000000", "costofGoodsAndServicesSold": "10707000000", "operatingIncome": "1659000000", "sellingGeneralAndAdministrative": "701000000", "researchAndDevelopment": "361000000", "operatingExpenses": "1216000000", "investmentIncomeNet": "None", "netInterestIncome": "-247000000", "interestIncome": "None", "interestExpense": "247000000", "nonInterestIncome": "None", "otherNonOperatingIncome": "None", "depreciation": "None", "depreciationAndAmortization": "840000000", "incomeBeforeTax": "858000000", "incomeTaxExpense": "272000000", "interestAndDebtExpense": "None", "netIncomeFromContinuingOperations": "586000000", "comprehensiveIncomeNetOfTax": "None", "ebit": "1745000000", "ebitda": "2585000000", "netIncome": "541000000"}, {"fiscalDateEnding": "2018-12-31", "reportedCurrency": "USD", "grossProfit": "5889000000", "totalRevenue": "22618000000", "costOfRevenue": "16729000000", "costofGoodsAndServicesSold": "16729000000", "operatingIncome": "3236000000", "sellingGeneralAndAdministrative": "1470000000", "researchAndDevelopment": "914000000", "operatingExpenses": "2653000000", "investmentIncomeNet": "None", "netInterestIncome": "None", "interestIncome": "None", "interestExpense": "337000000", "nonInterestIncome": "None", "otherNonOperatingIncome": "None", "depreciation": "None", "depreciationAndAmortization": "1146000000", "incomeBeforeTax": "2714000000", "incomeTaxExpense": "530000000", "interestAndDebtExpense": "None", "netIncomeFromContinuingOperations": "123000000", "comprehensiveIncomeNetOfTax": "None", "ebit": "3051000000", "ebitda": "4197000000", "netIncome": "749000000"}, {"fiscalDateEnding": "2018-09-30", "reportedCurrency": "USD", "grossProfit": "2178000000", "totalRevenue": "12634000000", "costOfRevenue": "10456000000", "costofGoodsAndServicesSold": "10456000000", "operatingIncome": "1459000000", "sellingGeneralAndAdministrative": "409000000", "researchAndDevelopment": "193000000", "operatingExpenses": "719000000", "investmentIncomeNet": "None", "netInterestIncome": "None", "interestIncome": "None", "interestExpense": "258000000", "nonInterestIncome": "None", "otherNonOperatingIncome": "165000000", "depreciation": "None", "depreciationAndAmortization": "732000000", "incomeBeforeTax": "994000000", "incomeTaxExpense": "280000000", "interestAndDebtExpense": "None", "netIncomeFromContinuingOperations": "1036000000", "comprehensiveIncomeNetOfTax": "None", "ebit": "1613000000", "ebitda": "2345000000", "netIncome": "1013000000"}, {"fiscalDateEnding": "2018-06-30", "reportedCurrency": "USD", "grossProfit": "2249000000", "totalRevenue": "12789000000", "costOfRevenue": "10540000000", "costofGoodsAndServicesSold": "10540000000", "operatingIncome": "1425000000", "sellingGeneralAndAdministrative": "485000000", "researchAndDevelopment": "221000000", "operatingExpenses": "824000000", "investmentIncomeNet": "None", "netInterestIncome": "None", "interestIncome": "None", "interestExpense": "261000000", "nonInterestIncome": "None", "otherNonOperatingIncome": "231000000", "depreciation": "None", "depreciationAndAmortization": "614000000", "incomeBeforeTax": "1059000000", "incomeTaxExpense": "249000000", "interestAndDebtExpense": "None", "netIncomeFromContinuingOperations": "1310000000", "comprehensiveIncomeNetOfTax": "None", "ebit": "1320000000", "ebitda": "1934000000", "netIncome": "1333000000"}, {"fiscalDateEnding": "2018-03-31", "reportedCurrency": "USD", "grossProfit": "3347000000", "totalRevenue": "14899000000", "costOfRevenue": "11552000000", "costofGoodsAndServicesSold": "11552000000", "operatingIncome": "2051000000", "sellingGeneralAndAdministrative": "751000000", "researchAndDevelopment": "386000000", "operatingExpenses": "1296000000", "investmentIncomeNet": "None", "netInterestIncome": "None", "interestIncome": "None", "interestExpense": "270000000", "nonInterestIncome": "None", "otherNonOperatingIncome": "243000000", "depreciation": "None", "depreciationAndAmortization": "837000000", "incomeBeforeTax": "1740000000", "incomeTaxExpense": "363000000", "interestAndDebtExpense": "None", "netIncomeFromContinuingOperations": "1377000000", "comprehensiveIncomeNetOfTax": "None", "ebit": "2010000000", "ebitda": "2847000000", "netIncome": "1342000000"}, {"fiscalDateEnding": "2017-12-31", "reportedCurrency": "USD", "grossProfit": "-61124000000", "totalRevenue": "14811000000", "costOfRevenue": "75935000000", "costofGoodsAndServicesSold": "75935000000", "operatingIncome": "-73667000000", "sellingGeneralAndAdministrative": "5362000000", "researchAndDevelopment": "2864000000", "operatingExpenses": "12543000000", "investmentIncomeNet": "None", "netInterestIncome": "None", "interestIncome": "None", "interestExpense": "1677000000", "nonInterestIncome": "None", "otherNonOperatingIncome": "1233000000", "depreciation": "None", "depreciationAndAmortization": "None", "incomeBeforeTax": "-786000000", "incomeTaxExpense": "912000000", "interestAndDebtExpense": "None", "netIncomeFromContinuingOperations": "-1698000000", "comprehensiveIncomeNetOfTax": "None", "ebit": "-72434000000", "ebitda": "None", "netIncome": "-2526000000"}, {"fiscalDateEnding": "2017-09-30", "reportedCurrency": "USD", "grossProfit": "24299000000", "totalRevenue": "13633000000", "costOfRevenue": "-10666000000", "costofGoodsAndServicesSold": "-10666000000", "operatingIncome": "25722000000", "sellingGeneralAndAdministrative": "723000000", "researchAndDevelopment": "406000000", "operatingExpenses": "-1423000000", "investmentIncomeNet": "None", "netInterestIncome": "None", "interestIncome": "None", "interestExpense": "256000000", "nonInterestIncome": "None", "otherNonOperatingIncome": "156000000", "depreciation": "None", "depreciationAndAmortization": "None", "incomeBeforeTax": "1429000000", "incomeTaxExpense": "624000000", "interestAndDebtExpense": "None", "netIncomeFromContinuingOperations": "805000000", "comprehensiveIncomeNetOfTax": "None", "ebit": "25878000000", "ebitda": "None", "netIncome": "783000000"}, {"fiscalDateEnding": "2017-06-30", "reportedCurrency": "USD", "grossProfit": "24598000000", "totalRevenue": "13834000000", "costOfRevenue": "-10764000000", "costofGoodsAndServicesSold": "-10764000000", "operatingIncome": "26003000000", "sellingGeneralAndAdministrative": "855000000", "researchAndDevelopment": "405000000", "operatingExpenses": "-1405000000", "investmentIncomeNet": "None", "netInterestIncome": "None", "interestIncome": "None", "interestExpense": "226000000", "nonInterestIncome": "None", "otherNonOperatingIncome": "54000000", "depreciation": "None", "depreciationAndAmortization": "None", "incomeBeforeTax": "1814000000", "incomeTaxExpense": "455000000", "interestAndDebtExpense": "None", "netIncomeFromContinuingOperations": "1359000000", "comprehensiveIncomeNetOfTax": "None", "ebit": "26057000000", "ebitda": "None", "netIncome": "1321000000"}, {"fiscalDateEnding": "2017-03-31", "reportedCurrency": "USD", "grossProfit": "23427000000", "totalRevenue": "13230000000", "costOfRevenue": "-10197000000", "costofGoodsAndServicesSold": "-10197000000", "operatingIncome": "24864000000", "sellingGeneralAndAdministrative": "867000000", "researchAndDevelopment": "416000000", "operatingExpenses": "-1437000000", "investmentIncomeNet": "None", "netInterestIncome": "None", "interestIncome": "None", "interestExpense": "219000000", "nonInterestIncome": "None", "otherNonOperatingIncome": "196000000", "depreciation": "None", "depreciationAndAmortization": "None", "incomeBeforeTax": "1128000000", "incomeTaxExpense": "213000000", "interestAndDebtExpense": "None", "netIncomeFromContinuingOperations": "915000000", "comprehensiveIncomeNetOfTax": "None", "ebit": "25060000000", "ebitda": "None", "netIncome": "888000000"}, {"fiscalDateEnding": "2016-12-31", "reportedCurrency": "USD", "grossProfit": "2446000000", "totalRevenue": "13020000000", "costOfRevenue": "10574000000", "costofGoodsAndServicesSold": "10574000000", "operatingIncome": "850000000", "sellingGeneralAndAdministrative": "911000000", "researchAndDevelopment": "425000000", "operatingExpenses": "1596000000", "investmentIncomeNet": "None", "netInterestIncome": "None", "interestIncome": "None", "interestExpense": "229000000", "nonInterestIncome": "None", "otherNonOperatingIncome": "294000000", "depreciation": "None", "depreciationAndAmortization": "None", "incomeBeforeTax": "915000000", "incomeTaxExpense": "-282000000", "interestAndDebtExpense": "None", "netIncomeFromContinuingOperations": "1197000000", "comprehensiveIncomeNetOfTax": "None", "ebit": "1144000000", "ebitda": "None", "netIncome": "52000000"}, {"fiscalDateEnding": "2016-09-30", "reportedCurrency": "USD", "grossProfit": "2642000000", "totalRevenue": "12483000000", "costOfRevenue": "9841000000", "costofGoodsAndServicesSold": "9841000000", "operatingIncome": "1213000000", "sellingGeneralAndAdministrative": "864000000", "researchAndDevelopment": "399000000", "operatingExpenses": "1429000000", "investmentIncomeNet": "None", "netInterestIncome": "None", "interestIncome": "None", "interestExpense": "220000000", "nonInterestIncome": "None", "otherNonOperatingIncome": "96000000", "depreciation": "None", "depreciationAndAmortization": "None", "incomeBeforeTax": "1089000000", "incomeTaxExpense": "271000000", "interestAndDebtExpense": "None", "netIncomeFromContinuingOperations": "818000000", "comprehensiveIncomeNetOfTax": "None", "ebit": "1309000000", "ebitda": "None", "netIncome": "804000000"}, {"fiscalDateEnding": "2016-06-30", "reportedCurrency": "USD", "grossProfit": "2677000000", "totalRevenue": "11952000000", "costOfRevenue": "9275000000", "costofGoodsAndServicesSold": "9275000000", "operatingIncome": "3465000000", "sellingGeneralAndAdministrative": "787000000", "researchAndDevelopment": "399000000", "operatingExpenses": "-788000000", "investmentIncomeNet": "None", "netInterestIncome": "None", "interestIncome": "None", "interestExpense": "208000000", "nonInterestIncome": "None", "otherNonOperatingIncome": "100000000", "depreciation": "None", "depreciationAndAmortization": "None", "incomeBeforeTax": "3357000000", "incomeTaxExpense": "130000000", "interestAndDebtExpense": "None", "netIncomeFromContinuingOperations": "3227000000", "comprehensiveIncomeNetOfTax": "None", "ebit": "3565000000", "ebitda": "None", "netIncome": "3208000000"}, {"fiscalDateEnding": "2016-03-31", "reportedCurrency": "USD", "grossProfit": "2752000000", "totalRevenue": "10703000000", "costOfRevenue": "7951000000", "costofGoodsAndServicesSold": "7951000000", "operatingIncome": "307000000", "sellingGeneralAndAdministrative": "742000000", "researchAndDevelopment": "361000000", "operatingExpenses": "2445000000", "investmentIncomeNet": "None", "netInterestIncome": "None", "interestIncome": "None", "interestExpense": "201000000", "nonInterestIncome": "None", "otherNonOperatingIncome": "59000000", "depreciation": "None", "depreciationAndAmortization": "None", "incomeBeforeTax": "165000000", "incomeTaxExpense": "-110000000", "interestAndDebtExpense": "None", "netIncomeFromContinuingOperations": "275000000", "comprehensiveIncomeNetOfTax": "None", "ebit": "366000000", "ebitda": "None", "netIncome": "254000000"}, {"fiscalDateEnding": "2015-12-31", "reportedCurrency": "USD", "grossProfit": "2656000000", "totalRevenue": "11462000000", "costOfRevenue": "8806000000", "costofGoodsAndServicesSold": "8806000000", "operatingIncome": "4264000000", "sellingGeneralAndAdministrative": "757000000", "researchAndDevelopment": "404000000", "operatingExpenses": "-1608000000", "investmentIncomeNet": "None", "netInterestIncome": "None", "interestIncome": "None", "interestExpense": "240000000", "nonInterestIncome": "None", "otherNonOperatingIncome": "124000000", "depreciation": "None", "depreciationAndAmortization": "None", "incomeBeforeTax": "4148000000", "incomeTaxExpense": "517000000", "interestAndDebtExpense": "None", "netIncomeFromContinuingOperations": "3631000000", "comprehensiveIncomeNetOfTax": "None", "ebit": "4388000000", "ebitda": "None", "netIncome": "3612000000"}, {"fiscalDateEnding": "2015-09-30", "reportedCurrency": "USD", "grossProfit": "2687000000", "totalRevenue": "12036000000", "costOfRevenue": "9349000000", "costofGoodsAndServicesSold": "9349000000", "operatingIncome": "2143000000", "sellingGeneralAndAdministrative": "689000000", "researchAndDevelopment": "382000000", "operatingExpenses": "544000000", "investmentIncomeNet": "None", "netInterestIncome": "None", "interestIncome": "None", "interestExpense": "233000000", "nonInterestIncome": "None", "otherNonOperatingIncome": "153000000", "depreciation": "None", "depreciationAndAmortization": "None", "incomeBeforeTax": "2063000000", "incomeTaxExpense": "627000000", "interestAndDebtExpense": "None", "netIncomeFromContinuingOperations": "1436000000", "comprehensiveIncomeNetOfTax": "None", "ebit": "2296000000", "ebitda": "None", "netIncome": "1375000000"}, {"fiscalDateEnding": "2015-06-30", "reportedCurrency": "USD", "grossProfit": "2764000000", "totalRevenue": "12910000000", "costOfRevenue": "10146000000", "costofGoodsAndServicesSold": "10146000000", "operatingIncome": "1463000000", "sellingGeneralAndAdministrative": "773000000", "researchAndDevelopment": "429000000", "operatingExpenses": "1301000000", "investmentIncomeNet": "None", "netInterestIncome": "None", "interestIncome": "None", "interestExpense": "232000000", "nonInterestIncome": "None", "otherNonOperatingIncome": "283000000", "depreciation": "None", "depreciationAndAmortization": "None", "incomeBeforeTax": "1514000000", "incomeTaxExpense": "317000000", "interestAndDebtExpense": "None", "netIncomeFromContinuingOperations": "1197000000", "comprehensiveIncomeNetOfTax": "None", "ebit": "1746000000", "ebitda": "None", "netIncome": "1220000000"}, {"fiscalDateEnding": "2015-03-31", "reportedCurrency": "USD", "grossProfit": "2835000000", "totalRevenue": "12370000000", "costOfRevenue": "9535000000", "costofGoodsAndServicesSold": "9535000000", "operatingIncome": "2261000000", "sellingGeneralAndAdministrative": "752000000", "researchAndDevelopment": "383000000", "operatingExpenses": "574000000", "investmentIncomeNet": "None", "netInterestIncome": "None", "interestIncome": "None", "interestExpense": "241000000", "nonInterestIncome": "None", "otherNonOperatingIncome": "185000000", "depreciation": "None", "depreciationAndAmortization": "None", "incomeBeforeTax": "2205000000", "incomeTaxExpense": "686000000", "interestAndDebtExpense": "None", "netIncomeFromContinuingOperations": "1519000000", "comprehensiveIncomeNetOfTax": "None", "ebit": "2446000000", "ebitda": "None", "netIncome": "1478000000"}, {"fiscalDateEnding": "2014-12-31", "reportedCurrency": "USD", "grossProfit": "2773000000", "totalRevenue": "14384000000", "costOfRevenue": "11611000000", "costofGoodsAndServicesSold": "11611000000", "operatingIncome": "1311000000", "sellingGeneralAndAdministrative": "823000000", "researchAndDevelopment": "428000000", "operatingExpenses": "1462000000", "investmentIncomeNet": "None", "netInterestIncome": "None", "interestIncome": "None", "interestExpense": "262000000", "nonInterestIncome": "None", "otherNonOperatingIncome": "147000000", "depreciation": "None", "depreciationAndAmortization": "None", "incomeBeforeTax": "1196000000", "incomeTaxExpense": "279000000", "interestAndDebtExpense": "None", "netIncomeFromContinuingOperations": "917000000", "comprehensiveIncomeNetOfTax": "None", "ebit": "1458000000", "ebitda": "None", "netIncome": "819000000"}, {"fiscalDateEnding": "2014-09-30", "reportedCurrency": "USD", "grossProfit": "2629000000", "totalRevenue": "14405000000", "costOfRevenue": "11776000000", "costofGoodsAndServicesSold": "11776000000", "operatingIncome": "1336000000", "sellingGeneralAndAdministrative": "753000000", "researchAndDevelopment": "409000000", "operatingExpenses": "1293000000", "investmentIncomeNet": "None", "netInterestIncome": "None", "interestIncome": "None", "interestExpense": "233000000", "nonInterestIncome": "None", "otherNonOperatingIncome": "239000000", "depreciation": "None", "depreciationAndAmortization": "None", "incomeBeforeTax": "1342000000", "incomeTaxExpense": "378000000", "interestAndDebtExpense": "None", "netIncomeFromContinuingOperations": "964000000", "comprehensiveIncomeNetOfTax": "None", "ebit": "1575000000", "ebitda": "None", "netIncome": "937000000"}, {"fiscalDateEnding": "2014-06-30", "reportedCurrency": "USD", "grossProfit": "2573000000", "totalRevenue": "14917000000", "costOfRevenue": "12344000000", "costofGoodsAndServicesSold": "12344000000", "operatingIncome": "1320000000", "sellingGeneralAndAdministrative": "751000000", "researchAndDevelopment": "419000000", "operatingExpenses": "1253000000", "investmentIncomeNet": "None", "netInterestIncome": "None", "interestIncome": "None", "interestExpense": "242000000", "nonInterestIncome": "None", "otherNonOperatingIncome": "236000000", "depreciation": "None", "depreciationAndAmortization": "None", "incomeBeforeTax": "1314000000", "incomeTaxExpense": "344000000", "interestAndDebtExpense": "None", "netIncomeFromContinuingOperations": "970000000", "comprehensiveIncomeNetOfTax": "None", "ebit": "1556000000", "ebitda": "None", "netIncome": "967000000"}, {"fiscalDateEnding": "2014-03-31", "reportedCurrency": "USD", "grossProfit": "2728000000", "totalRevenue": "14461000000", "costOfRevenue": "11733000000", "costofGoodsAndServicesSold": "11733000000", "operatingIncome": "1473000000", "sellingGeneralAndAdministrative": "779000000", "researchAndDevelopment": "391000000", "operatingExpenses": "1255000000", "investmentIncomeNet": "None", "netInterestIncome": "None", "interestIncome": "None", "interestExpense": "246000000", "nonInterestIncome": "None", "otherNonOperatingIncome": "264000000", "depreciation": "None", "depreciationAndAmortization": "None", "incomeBeforeTax": "1491000000", "incomeTaxExpense": "425000000", "interestAndDebtExpense": "None", "netIncomeFromContinuingOperations": "1066000000", "comprehensiveIncomeNetOfTax": "None", "ebit": "1737000000", "ebitda": "None", "netIncome": "1049000000"}, {"fiscalDateEnding": "2013-12-31", "reportedCurrency": "USD", "grossProfit": "2318000000", "totalRevenue": "14386000000", "costOfRevenue": "12068000000", "costofGoodsAndServicesSold": "12068000000", "operatingIncome": "1382000000", "sellingGeneralAndAdministrative": "838000000", "researchAndDevelopment": "477000000", "operatingExpenses": "936000000", "investmentIncomeNet": "None", "netInterestIncome": "None", "interestIncome": "None", "interestExpense": "262000000", "nonInterestIncome": "None", "otherNonOperatingIncome": "266000000", "depreciation": "None", "depreciationAndAmortization": "None", "incomeBeforeTax": "1386000000", "incomeTaxExpense": "358000000", "interestAndDebtExpense": "None", "netIncomeFromContinuingOperations": "1028000000", "comprehensiveIncomeNetOfTax": "None", "ebit": "1648000000", "ebitda": "None", "netIncome": "1048000000"}, {"fiscalDateEnding": "2013-09-30", "reportedCurrency": "USD", "grossProfit": "2018000000", "totalRevenue": "13734000000", "costOfRevenue": "11716000000", "costofGoodsAndServicesSold": "11716000000", "operatingIncome": "847000000", "sellingGeneralAndAdministrative": "698000000", "researchAndDevelopment": "418000000", "operatingExpenses": "1171000000", "investmentIncomeNet": "None", "netInterestIncome": "None", "interestIncome": "None", "interestExpense": "264000000", "nonInterestIncome": "None", "otherNonOperatingIncome": "333000000", "depreciation": "None", "depreciationAndAmortization": "None", "incomeBeforeTax": "916000000", "incomeTaxExpense": "231000000", "interestAndDebtExpense": "None", "netIncomeFromContinuingOperations": "685000000", "comprehensiveIncomeNetOfTax": "None", "ebit": "1180000000", "ebitda": "None", "netIncome": "679000000"}, {"fiscalDateEnding": "2013-06-30", "reportedCurrency": "USD", "grossProfit": "2474000000", "totalRevenue": "14577000000", "costOfRevenue": "12103000000", "costofGoodsAndServicesSold": "12103000000", "operatingIncome": "3279000000", "sellingGeneralAndAdministrative": "716000000", "researchAndDevelopment": "417000000", "operatingExpenses": "-805000000", "investmentIncomeNet": "None", "netInterestIncome": "None", "interestIncome": "None", "interestExpense": "279000000", "nonInterestIncome": "None", "otherNonOperatingIncome": "238000000", "depreciation": "None", "depreciationAndAmortization": "None", "incomeBeforeTax": "3238000000", "incomeTaxExpense": "795000000", "interestAndDebtExpense": "None", "netIncomeFromContinuingOperations": "2443000000", "comprehensiveIncomeNetOfTax": "None", "ebit": "3517000000", "ebitda": "None", "netIncome": "2425000000"}, {"fiscalDateEnding": "2013-03-31", "reportedCurrency": "USD", "grossProfit": "2676000000", "totalRevenue": "14383000000", "costOfRevenue": "11707000000", "costofGoodsAndServicesSold": "11707000000", "operatingIncome": "1322000000", "sellingGeneralAndAdministrative": "772000000", "researchAndDevelopment": "435000000", "operatingExpenses": "1354000000", "investmentIncomeNet": "None", "netInterestIncome": "None", "interestIncome": "None", "interestExpense": "296000000", "nonInterestIncome": "None", "otherNonOperatingIncome": "238000000", "depreciation": "None", "depreciationAndAmortization": "None", "incomeBeforeTax": "1264000000", "incomeTaxExpense": "604000000", "interestAndDebtExpense": "None", "netIncomeFromContinuingOperations": "660000000", "comprehensiveIncomeNetOfTax": "None", "ebit": "1560000000", "ebitda": "None", "netIncome": "635000000"}, {"fiscalDateEnding": "2012-12-31", "reportedCurrency": "USD", "grossProfit": "1978000000", "totalRevenue": "13917000000", "costOfRevenue": "11939000000", "costofGoodsAndServicesSold": "11939000000", "operatingIncome": "-599000000", "sellingGeneralAndAdministrative": "741000000", "researchAndDevelopment": "463000000", "operatingExpenses": "2577000000", "investmentIncomeNet": "None", "netInterestIncome": "None", "interestIncome": "None", "interestExpense": "1269000000", "nonInterestIncome": "None", "otherNonOperatingIncome": "59000000", "depreciation": "None", "depreciationAndAmortization": "None", "incomeBeforeTax": "-1809000000", "incomeTaxExpense": "-99000000", "interestAndDebtExpense": "None", "netIncomeFromContinuingOperations": "-1710000000", "comprehensiveIncomeNetOfTax": "None", "ebit": "-540000000", "ebitda": "None", "netIncome": "-631000000"}, {"fiscalDateEnding": "2012-09-30", "reportedCurrency": "USD", "grossProfit": "2269000000", "totalRevenue": "13637000000", "costOfRevenue": "11368000000", "costofGoodsAndServicesSold": "11368000000", "operatingIncome": "958000000", "sellingGeneralAndAdministrative": "739000000", "researchAndDevelopment": "434000000", "operatingExpenses": "1311000000", "investmentIncomeNet": "None", "netInterestIncome": "None", "interestIncome": "None", "interestExpense": "None", "nonInterestIncome": "None", "otherNonOperatingIncome": "185000000", "depreciation": "None", "depreciationAndAmortization": "None", "incomeBeforeTax": "1143000000", "incomeTaxExpense": "234000000", "interestAndDebtExpense": "None", "netIncomeFromContinuingOperations": "909000000", "comprehensiveIncomeNetOfTax": "None", "ebit": "1143000000", "ebitda": "None", "netIncome": "582000000"}, {"fiscalDateEnding": "2012-06-30", "reportedCurrency": "USD", "grossProfit": "2313000000", "totalRevenue": "14513000000", "costOfRevenue": "12200000000", "costofGoodsAndServicesSold": "12200000000", "operatingIncome": "1138000000", "sellingGeneralAndAdministrative": "674000000", "researchAndDevelopment": "406000000", "operatingExpenses": "1175000000", "investmentIncomeNet": "None", "netInterestIncome": "None", "interestIncome": "None", "interestExpense": "None", "nonInterestIncome": "None", "otherNonOperatingIncome": "158000000", "depreciation": "None", "depreciationAndAmortization": "None", "incomeBeforeTax": "1296000000", "incomeTaxExpense": "244000000", "interestAndDebtExpense": "None", "netIncomeFromContinuingOperations": "1052000000", "comprehensiveIncomeNetOfTax": "None", "ebit": "1296000000", "ebitda": "None", "netIncome": "734000000"}, {"fiscalDateEnding": "2012-03-31", "reportedCurrency": "USD", "grossProfit": "2434000000", "totalRevenue": "14719000000", "costOfRevenue": "12285000000", "costofGoodsAndServicesSold": "12285000000", "operatingIncome": "860000000", "sellingGeneralAndAdministrative": "707000000", "researchAndDevelopment": "405000000", "operatingExpenses": "1574000000", "investmentIncomeNet": "None", "netInterestIncome": "None", "interestIncome": "None", "interestExpense": "None", "nonInterestIncome": "None", "otherNonOperatingIncome": "175000000", "depreciation": "None", "depreciationAndAmortization": "None", "incomeBeforeTax": "1035000000", "incomeTaxExpense": "186000000", "interestAndDebtExpense": "None", "netIncomeFromContinuingOperations": "849000000", "comprehensiveIncomeNetOfTax": "None", "ebit": "1035000000", "ebitda": "None", "netIncome": "497000000"}, {"fiscalDateEnding": "2011-12-31", "reportedCurrency": "USD", "grossProfit": "1664000000", "totalRevenue": "14097000000", "costOfRevenue": "12433000000", "costofGoodsAndServicesSold": "12433000000", "operatingIncome": "-37000000", "sellingGeneralAndAdministrative": "702000000", "researchAndDevelopment": "433000000", "operatingExpenses": "1701000000", "investmentIncomeNet": "None", "netInterestIncome": "None", "interestIncome": "None", "interestExpense": "1341000000", "nonInterestIncome": "None", "otherNonOperatingIncome": "273000000", "depreciation": "None", "depreciationAndAmortization": "None", "incomeBeforeTax": "-1105000000", "incomeTaxExpense": "271000000", "interestAndDebtExpense": "None", "netIncomeFromContinuingOperations": "-1407000000", "comprehensiveIncomeNetOfTax": "None", "ebit": "236000000", "ebitda": "None", "netIncome": "65000000"}, {"fiscalDateEnding": "2011-09-30", "reportedCurrency": "USD", "grossProfit": "2181000000", "totalRevenue": "15109000000", "costOfRevenue": "12928000000", "costofGoodsAndServicesSold": "12928000000", "operatingIncome": "1010000000", "sellingGeneralAndAdministrative": "691000000", "researchAndDevelopment": "402000000", "operatingExpenses": "1171000000", "investmentIncomeNet": "None", "netInterestIncome": "None", "interestIncome": "None", "interestExpense": "None", "nonInterestIncome": "None", "otherNonOperatingIncome": "384000000", "depreciation": "None", "depreciationAndAmortization": "None", "incomeBeforeTax": "1394000000", "incomeTaxExpense": "186000000", "interestAndDebtExpense": "None", "netIncomeFromContinuingOperations": "1208000000", "comprehensiveIncomeNetOfTax": "None", "ebit": "1394000000", "ebitda": "None", "netIncome": "900000000"}, {"fiscalDateEnding": "2011-06-30", "reportedCurrency": "USD", "grossProfit": "2495000000", "totalRevenue": "16046000000", "costOfRevenue": "13551000000", "costofGoodsAndServicesSold": "13551000000", "operatingIncome": "1344000000", "sellingGeneralAndAdministrative": "695000000", "researchAndDevelopment": "411000000", "operatingExpenses": "1151000000", "investmentIncomeNet": "None", "netInterestIncome": "None", "interestIncome": "None", "interestExpense": "None", "nonInterestIncome": "None", "otherNonOperatingIncome": "301000000", "depreciation": "None", "depreciationAndAmortization": "None", "incomeBeforeTax": "1645000000", "incomeTaxExpense": "240000000", "interestAndDebtExpense": "None", "netIncomeFromContinuingOperations": "1405000000", "comprehensiveIncomeNetOfTax": "None", "ebit": "1645000000", "ebitda": "None", "netIncome": "1067000000"}, {"fiscalDateEnding": "2011-03-31", "reportedCurrency": "USD", "grossProfit": "2616000000", "totalRevenue": "14733000000", "costOfRevenue": "12117000000", "costofGoodsAndServicesSold": "12117000000", "operatingIncome": "1393000000", "sellingGeneralAndAdministrative": "700000000", "researchAndDevelopment": "400000000", "operatingExpenses": "1223000000", "investmentIncomeNet": "None", "netInterestIncome": "None", "interestIncome": "None", "interestExpense": "None", "nonInterestIncome": "None", "otherNonOperatingIncome": "305000000", "depreciation": "None", "depreciationAndAmortization": "None", "incomeBeforeTax": "1698000000", "incomeTaxExpense": "120000000", "interestAndDebtExpense": "None", "netIncomeFromContinuingOperations": "1578000000", "comprehensiveIncomeNetOfTax": "None", "ebit": "1698000000", "ebitda": "None", "netIncome": "710000000"}, {"fiscalDateEnding": "2010-12-31", "reportedCurrency": "USD", "grossProfit": "1953000000", "totalRevenue": "13771000000", "costOfRevenue": "11818000000", "costofGoodsAndServicesSold": "11818000000", "operatingIncome": "722000000", "sellingGeneralAndAdministrative": "659000000", "researchAndDevelopment": "443000000", "operatingExpenses": "1231000000", "investmentIncomeNet": "None", "netInterestIncome": "None", "interestIncome": "None", "interestExpense": "None", "nonInterestIncome": "None", "otherNonOperatingIncome": "326000000", "depreciation": "None", "depreciationAndAmortization": "None", "incomeBeforeTax": "1048000000", "incomeTaxExpense": "133000000", "interestAndDebtExpense": "None", "netIncomeFromContinuingOperations": "194000000", "comprehensiveIncomeNetOfTax": "None", "ebit": "1048000000", "ebitda": "None", "netIncome": "511000000"}, {"fiscalDateEnding": "2010-09-30", "reportedCurrency": "USD", "grossProfit": "2027000000", "totalRevenue": "12868000000", "costOfRevenue": "10841000000", "costofGoodsAndServicesSold": "10841000000", "operatingIncome": "860000000", "sellingGeneralAndAdministrative": "640000000", "researchAndDevelopment": "403000000", "operatingExpenses": "1167000000", "investmentIncomeNet": "None", "netInterestIncome": "None", "interestIncome": "None", "interestExpense": "None", "nonInterestIncome": "None", "otherNonOperatingIncome": "258000000", "depreciation": "None", "depreciationAndAmortization": "None", "incomeBeforeTax": "1118000000", "incomeTaxExpense": "114000000", "interestAndDebtExpense": "None", "netIncomeFromContinuingOperations": "597000000", "comprehensiveIncomeNetOfTax": "None", "ebit": "1118000000", "ebitda": "None", "netIncome": "597000000"}, {"fiscalDateEnding": "2010-06-30", "reportedCurrency": "USD", "grossProfit": "2038000000", "totalRevenue": "13618000000", "costOfRevenue": "11580000000", "costofGoodsAndServicesSold": "11580000000", "operatingIncome": "845000000", "sellingGeneralAndAdministrative": "648000000", "researchAndDevelopment": "407000000", "operatingExpenses": "1193000000", "investmentIncomeNet": "None", "netInterestIncome": "None", "interestIncome": "None", "interestExpense": "None", "nonInterestIncome": "None", "otherNonOperatingIncome": "254000000", "depreciation": "None", "depreciationAndAmortization": "None", "incomeBeforeTax": "1099000000", "incomeTaxExpense": "131000000", "interestAndDebtExpense": "None", "netIncomeFromContinuingOperations": "659000000", "comprehensiveIncomeNetOfTax": "None", "ebit": "1099000000", "ebitda": "None", "netIncome": "651000000"}, {"fiscalDateEnding": "2010-03-31", "reportedCurrency": "USD", "grossProfit": "1876000000", "totalRevenue": "13417000000", "costOfRevenue": "11541000000", "costofGoodsAndServicesSold": "11541000000", "operatingIncome": "663000000", "sellingGeneralAndAdministrative": "662000000", "researchAndDevelopment": "407000000", "operatingExpenses": "1213000000", "investmentIncomeNet": "None", "netInterestIncome": "None", "interestIncome": "None", "interestExpense": "None", "nonInterestIncome": "None", "otherNonOperatingIncome": "311000000", "depreciation": "None", "depreciationAndAmortization": "None", "incomeBeforeTax": "974000000", "incomeTaxExpense": "103000000", "interestAndDebtExpense": "None", "netIncomeFromContinuingOperations": "871000000", "comprehensiveIncomeNetOfTax": "None", "ebit": "974000000", "ebitda": "None", "netIncome": "551000000"}, {"fiscalDateEnding": "2009-09-30", "reportedCurrency": "USD", "grossProfit": "1660000000", "totalRevenue": "12046000000", "costOfRevenue": "10386000000", "costofGoodsAndServicesSold": "10386000000", "operatingIncome": "469000000", "sellingGeneralAndAdministrative": "683000000", "researchAndDevelopment": "400000000", "operatingExpenses": "1191000000", "investmentIncomeNet": "None", "netInterestIncome": "None", "interestIncome": "None", "interestExpense": "None", "nonInterestIncome": "None", "otherNonOperatingIncome": "230000000", "depreciation": "None", "depreciationAndAmortization": "None", "incomeBeforeTax": "699000000", "incomeTaxExpense": "204000000", "interestAndDebtExpense": "None", "netIncomeFromContinuingOperations": "495000000", "comprehensiveIncomeNetOfTax": "None", "ebit": "699000000", "ebitda": "None", "netIncome": "796000000"}]}