{"symbol": "FICO", "annualReports": [{"fiscalDateEnding": "2024-09-30", "reportedCurrency": "USD", "grossProfit": "1369320000", "totalRevenue": "1717526000", "costOfRevenue": "348206000", "costofGoodsAndServicesSold": "348206000", "operatingIncome": "733629000", "sellingGeneralAndAdministrative": "462834000", "researchAndDevelopment": "171940000", "operatingExpenses": "635691000", "investmentIncomeNet": "None", "netInterestIncome": "-105638000", "interestIncome": "None", "interestExpense": "105638000", "nonInterestIncome": "None", "otherNonOperatingIncome": "None", "depreciation": "None", "depreciationAndAmortization": "13827000", "incomeBeforeTax": "642025000", "incomeTaxExpense": "129214000", "interestAndDebtExpense": "None", "netIncomeFromContinuingOperations": "512811000", "comprehensiveIncomeNetOfTax": "None", "ebit": "747663000", "ebitda": "761490000", "netIncome": "512811000"}, {"fiscalDateEnding": "2023-09-30", "reportedCurrency": "USD", "grossProfit": "1202504000", "totalRevenue": "1513557000", "costOfRevenue": "311053000", "costofGoodsAndServicesSold": "311053000", "operatingIncome": "642830000", "sellingGeneralAndAdministrative": "390765000", "researchAndDevelopment": "159950000", "operatingExpenses": "561615000", "investmentIncomeNet": "None", "netInterestIncome": "-95546000", "interestIncome": "None", "interestExpense": "95546000", "nonInterestIncome": "None", "otherNonOperatingIncome": "None", "depreciation": "None", "depreciationAndAmortization": "14638000", "incomeBeforeTax": "553624000", "incomeTaxExpense": "124249000", "interestAndDebtExpense": "None", "netIncomeFromContinuingOperations": "429375000", "comprehensiveIncomeNetOfTax": "None", "ebit": "649170000", "ebitda": "663808000", "netIncome": "429375000"}, {"fiscalDateEnding": "2022-09-30", "reportedCurrency": "USD", "grossProfit": "1075096000", "totalRevenue": "1377270000", "costOfRevenue": "302174000", "costofGoodsAndServicesSold": "302174000", "operatingIncome": "542414000", "sellingGeneralAndAdministrative": "375763000", "researchAndDevelopment": "146758000", "operatingExpenses": "532682000", "investmentIncomeNet": "None", "netInterestIncome": "-68967000", "interestIncome": "None", "interestExpense": "68967000", "nonInterestIncome": "None", "otherNonOperatingIncome": "-2138000", "depreciation": "None", "depreciationAndAmortization": "36387000", "incomeBeforeTax": "471309000", "incomeTaxExpense": "97768000", "interestAndDebtExpense": "None", "netIncomeFromContinuingOperations": "373541000", "comprehensiveIncomeNetOfTax": "None", "ebit": "540276000", "ebitda": "576663000", "netIncome": "373541000"}, {"fiscalDateEnding": "2021-09-30", "reportedCurrency": "USD", "grossProfit": "984074000", "totalRevenue": "1316536000", "costOfRevenue": "332462000", "costofGoodsAndServicesSold": "332462000", "operatingIncome": "321125000", "sellingGeneralAndAdministrative": "389381000", "researchAndDevelopment": "171231000", "operatingExpenses": "570767000", "investmentIncomeNet": "None", "netInterestIncome": "-40092000", "interestIncome": "None", "interestExpense": "40092000", "nonInterestIncome": "None", "otherNonOperatingIncome": "7745000", "depreciation": "None", "depreciationAndAmortization": "41694000", "incomeBeforeTax": "473142000", "incomeTaxExpense": "81058000", "interestAndDebtExpense": "None", "netIncomeFromContinuingOperations": "392084000", "comprehensiveIncomeNetOfTax": "None", "ebit": "513234000", "ebitda": "554928000", "netIncome": "392084000"}, {"fiscalDateEnding": "2020-09-30", "reportedCurrency": "USD", "grossProfit": "933420000", "totalRevenue": "1294562000", "costOfRevenue": "361142000", "costofGoodsAndServicesSold": "361142000", "operatingIncome": "295969000", "sellingGeneralAndAdministrative": "412230000", "researchAndDevelopment": "166499000", "operatingExpenses": "592422000", "investmentIncomeNet": "None", "netInterestIncome": "-42177000", "interestIncome": "None", "interestExpense": "42177000", "nonInterestIncome": "None", "otherNonOperatingIncome": "3208000", "depreciation": "None", "depreciationAndAmortization": "50378000", "incomeBeforeTax": "257000000", "incomeTaxExpense": "20589000", "interestAndDebtExpense": "None", "netIncomeFromContinuingOperations": "236411000", "comprehensiveIncomeNetOfTax": "None", "ebit": "299177000", "ebitda": "349555000", "netIncome": "236411000"}, {"fiscalDateEnding": "2019-09-30", "reportedCurrency": "USD", "grossProfit": "823238000", "totalRevenue": "1160083000", "costOfRevenue": "336845000", "costofGoodsAndServicesSold": "336845000", "operatingIncome": "253548000", "sellingGeneralAndAdministrative": "410486000", "researchAndDevelopment": "149478000", "operatingExpenses": "569690000", "investmentIncomeNet": "None", "netInterestIncome": "-39752000", "interestIncome": "39752000", "interestExpense": "39752000", "nonInterestIncome": "None", "otherNonOperatingIncome": "2276000", "depreciation": "None", "depreciationAndAmortization": "31612000", "incomeBeforeTax": "216072000", "incomeTaxExpense": "23948000", "interestAndDebtExpense": "None", "netIncomeFromContinuingOperations": "192124000", "comprehensiveIncomeNetOfTax": "None", "ebit": "255824000", "ebitda": "287436000", "netIncome": "192124000"}, {"fiscalDateEnding": "2018-09-30", "reportedCurrency": "USD", "grossProfit": "721776000", "totalRevenue": "1032475000", "costOfRevenue": "310699000", "costofGoodsAndServicesSold": "310699000", "operatingIncome": "206437000", "sellingGeneralAndAdministrative": "380362000", "researchAndDevelopment": "128383000", "operatingExpenses": "515339000", "investmentIncomeNet": "None", "netInterestIncome": "-31311000", "interestIncome": "31311000", "interestExpense": "31311000", "nonInterestIncome": "None", "otherNonOperatingIncome": "12884000", "depreciation": "None", "depreciationAndAmortization": "30182000", "incomeBeforeTax": "188010000", "incomeTaxExpense": "45595000", "interestAndDebtExpense": "None", "netIncomeFromContinuingOperations": "142415000", "comprehensiveIncomeNetOfTax": "None", "ebit": "188243000", "ebitda": "218425000", "netIncome": "142415000"}, {"fiscalDateEnding": "2017-09-30", "reportedCurrency": "USD", "grossProfit": "645046000", "totalRevenue": "932169000", "costOfRevenue": "287123000", "costofGoodsAndServicesSold": "287123000", "operatingIncome": "177200000", "sellingGeneralAndAdministrative": "339796000", "researchAndDevelopment": "110870000", "operatingExpenses": "463375000", "investmentIncomeNet": "None", "netInterestIncome": "-25790000", "interestIncome": "25790000", "interestExpense": "25790000", "nonInterestIncome": "None", "otherNonOperatingIncome": "-86000", "depreciation": "None", "depreciationAndAmortization": "36214000", "incomeBeforeTax": "151324000", "incomeTaxExpense": "23068000", "interestAndDebtExpense": "None", "netIncomeFromContinuingOperations": "128256000", "comprehensiveIncomeNetOfTax": "None", "ebit": "177280000", "ebitda": "213494000", "netIncome": "128256000"}, {"fiscalDateEnding": "2016-09-30", "reportedCurrency": "USD", "grossProfit": "616183000", "totalRevenue": "881356000", "costOfRevenue": "265173000", "costofGoodsAndServicesSold": "265173000", "operatingIncome": "169592000", "sellingGeneralAndAdministrative": "328940000", "researchAndDevelopment": "103669000", "operatingExpenses": "446591000", "investmentIncomeNet": "None", "netInterestIncome": "-26633000", "interestIncome": "26633000", "interestExpense": "26633000", "nonInterestIncome": "None", "otherNonOperatingIncome": "1610000", "depreciation": "None", "depreciationAndAmortization": "31633000", "incomeBeforeTax": "144569000", "incomeTaxExpense": "35121000", "interestAndDebtExpense": "None", "netIncomeFromContinuingOperations": "109448000", "comprehensiveIncomeNetOfTax": "None", "ebit": "171360000", "ebitda": "202993000", "netIncome": "109448000"}, {"fiscalDateEnding": "2015-09-30", "reportedCurrency": "USD", "grossProfit": "568246000", "totalRevenue": "838781000", "costOfRevenue": "270535000", "costofGoodsAndServicesSold": "270535000", "operatingIncome": "137505000", "sellingGeneralAndAdministrative": "300002000", "researchAndDevelopment": "98824000", "operatingExpenses": "412499000", "investmentIncomeNet": "None", "netInterestIncome": "None", "interestIncome": "29150000", "interestExpense": "29150000", "nonInterestIncome": "None", "otherNonOperatingIncome": "883000", "depreciation": "None", "depreciationAndAmortization": "33889000", "incomeBeforeTax": "109238000", "incomeTaxExpense": "22736000", "interestAndDebtExpense": "None", "netIncomeFromContinuingOperations": "86502000", "comprehensiveIncomeNetOfTax": "None", "ebit": "138388000", "ebitda": "172277000", "netIncome": "86502000"}, {"fiscalDateEnding": "2014-09-30", "reportedCurrency": "USD", "grossProfit": "539704000", "totalRevenue": "788985000", "costOfRevenue": "249281000", "costofGoodsAndServicesSold": "249281000", "operatingIncome": "161868000", "sellingGeneralAndAdministrative": "278203000", "researchAndDevelopment": "83435000", "operatingExpenses": "373555000", "investmentIncomeNet": "None", "netInterestIncome": "None", "interestIncome": "None", "interestExpense": "28550000", "nonInterestIncome": "None", "otherNonOperatingIncome": "-187000", "depreciation": "None", "depreciationAndAmortization": "32632000", "incomeBeforeTax": "133131000", "incomeTaxExpense": "38252000", "interestAndDebtExpense": "None", "netIncomeFromContinuingOperations": "94879000", "comprehensiveIncomeNetOfTax": "None", "ebit": "161681000", "ebitda": "194313000", "netIncome": "94879000"}, {"fiscalDateEnding": "2013-09-30", "reportedCurrency": "USD", "grossProfit": "513976000", "totalRevenue": "743444000", "costOfRevenue": "229468000", "costofGoodsAndServicesSold": "229468000", "operatingIncome": "161593000", "sellingGeneralAndAdministrative": "268395000", "researchAndDevelopment": "66967000", "operatingExpenses": "348897000", "investmentIncomeNet": "None", "netInterestIncome": "None", "interestIncome": "None", "interestExpense": "30281000", "nonInterestIncome": "None", "otherNonOperatingIncome": "672000", "depreciation": "None", "depreciationAndAmortization": "33214000", "incomeBeforeTax": "131984000", "incomeTaxExpense": "41889000", "interestAndDebtExpense": "None", "netIncomeFromContinuingOperations": "90095000", "comprehensiveIncomeNetOfTax": "None", "ebit": "162265000", "ebitda": "195479000", "netIncome": "90095000"}, {"fiscalDateEnding": "2012-09-30", "reportedCurrency": "USD", "grossProfit": "478476000", "totalRevenue": "676423000", "costOfRevenue": "197947000", "costofGoodsAndServicesSold": "197947000", "operatingIncome": "168358000", "sellingGeneralAndAdministrative": "238522000", "researchAndDevelopment": "59527000", "operatingExpenses": "304993000", "investmentIncomeNet": "None", "netInterestIncome": "None", "interestIncome": "None", "interestExpense": "31734000", "nonInterestIncome": "None", "otherNonOperatingIncome": "-381000", "depreciation": "None", "depreciationAndAmortization": "21549000", "incomeBeforeTax": "136243000", "incomeTaxExpense": "44239000", "interestAndDebtExpense": "None", "netIncomeFromContinuingOperations": "92004000", "comprehensiveIncomeNetOfTax": "None", "ebit": "167977000", "ebitda": "189526000", "netIncome": "92004000"}, {"fiscalDateEnding": "2011-09-30", "reportedCurrency": "USD", "grossProfit": "433213000", "totalRevenue": "619683000", "costOfRevenue": "186470000", "costofGoodsAndServicesSold": "186470000", "operatingIncome": "127337000", "sellingGeneralAndAdministrative": "223615000", "researchAndDevelopment": "62129000", "operatingExpenses": "293485000", "investmentIncomeNet": "None", "netInterestIncome": "None", "interestIncome": "None", "interestExpense": "32364000", "nonInterestIncome": "None", "otherNonOperatingIncome": "2482000", "depreciation": "None", "depreciationAndAmortization": "24197000", "incomeBeforeTax": "97455000", "incomeTaxExpense": "25893000", "interestAndDebtExpense": "None", "netIncomeFromContinuingOperations": "71562000", "comprehensiveIncomeNetOfTax": "None", "ebit": "129819000", "ebitda": "154016000", "netIncome": "71562000"}, {"fiscalDateEnding": "2010-09-30", "reportedCurrency": "USD", "grossProfit": "424711000", "totalRevenue": "605643000", "costOfRevenue": "180932000", "costofGoodsAndServicesSold": "180932000", "operatingIncome": "113349000", "sellingGeneralAndAdministrative": "225263000", "researchAndDevelopment": "73581000", "operatingExpenses": "309745000", "investmentIncomeNet": "None", "netInterestIncome": "None", "interestIncome": "None", "interestExpense": "24124000", "nonInterestIncome": "None", "otherNonOperatingIncome": "3079000", "depreciation": "None", "depreciationAndAmortization": "30918000", "incomeBeforeTax": "92304000", "incomeTaxExpense": "27847000", "interestAndDebtExpense": "None", "netIncomeFromContinuingOperations": "64457000", "comprehensiveIncomeNetOfTax": "None", "ebit": "116428000", "ebitda": "147346000", "netIncome": "64457000"}, {"fiscalDateEnding": "2009-09-30", "reportedCurrency": "USD", "grossProfit": "424287000", "totalRevenue": "630735000", "costOfRevenue": "206448000", "costofGoodsAndServicesSold": "206448000", "operatingIncome": "116747000", "sellingGeneralAndAdministrative": "209319000", "researchAndDevelopment": "73626000", "operatingExpenses": "298829000", "investmentIncomeNet": "None", "netInterestIncome": "None", "interestIncome": "None", "interestExpense": "25481000", "nonInterestIncome": "None", "otherNonOperatingIncome": "None", "depreciation": "None", "depreciationAndAmortization": "38419000", "incomeBeforeTax": "97570000", "incomeTaxExpense": "32105000", "interestAndDebtExpense": "None", "netIncomeFromContinuingOperations": "None", "comprehensiveIncomeNetOfTax": "None", "ebit": "123051000", "ebitda": "161470000", "netIncome": "65102000"}, {"fiscalDateEnding": "2008-09-30", "reportedCurrency": "USD", "grossProfit": "469925000", "totalRevenue": "744842000", "costOfRevenue": "274917000", "costofGoodsAndServicesSold": "274917000", "operatingIncome": "122283000", "sellingGeneralAndAdministrative": "245639000", "researchAndDevelopment": "77794000", "operatingExpenses": "337476000", "investmentIncomeNet": "None", "netInterestIncome": "None", "interestIncome": "None", "interestExpense": "20335000", "nonInterestIncome": "None", "otherNonOperatingIncome": "None", "depreciation": "None", "depreciationAndAmortization": "39494000", "incomeBeforeTax": "112995000", "incomeTaxExpense": "31809000", "interestAndDebtExpense": "None", "netIncomeFromContinuingOperations": "None", "comprehensiveIncomeNetOfTax": "None", "ebit": "133330000", "ebitda": "172824000", "netIncome": "83952000"}, {"fiscalDateEnding": "2007-09-30", "reportedCurrency": "USD", "grossProfit": "528754000", "totalRevenue": "822236000", "costOfRevenue": "293482000", "costofGoodsAndServicesSold": "293482000", "operatingIncome": "148474000", "sellingGeneralAndAdministrative": "285541000", "researchAndDevelopment": "70599000", "operatingExpenses": "377825000", "investmentIncomeNet": "None", "netInterestIncome": "None", "interestIncome": "None", "interestExpense": "12766000", "nonInterestIncome": "None", "otherNonOperatingIncome": "None", "depreciation": "None", "depreciationAndAmortization": "49126000", "incomeBeforeTax": "149662000", "incomeTaxExpense": "45012000", "interestAndDebtExpense": "None", "netIncomeFromContinuingOperations": "None", "comprehensiveIncomeNetOfTax": "None", "ebit": "150929000", "ebitda": "200055000", "netIncome": "104650000"}, {"fiscalDateEnding": "2006-09-30", "reportedCurrency": "USD", "grossProfit": "543388000", "totalRevenue": "825365000", "costOfRevenue": "281977000", "costofGoodsAndServicesSold": "281977000", "operatingIncome": "152723000", "sellingGeneralAndAdministrative": "260845000", "researchAndDevelopment": "84967000", "operatingExpenses": "371003000", "investmentIncomeNet": "None", "netInterestIncome": "None", "interestIncome": "None", "interestExpense": "8569000", "nonInterestIncome": "None", "otherNonOperatingIncome": "None", "depreciation": "None", "depreciationAndAmortization": "48695000", "incomeBeforeTax": "159192000", "incomeTaxExpense": "55706000", "interestAndDebtExpense": "None", "netIncomeFromContinuingOperations": "None", "comprehensiveIncomeNetOfTax": "None", "ebit": "172385000", "ebitda": "221080000", "netIncome": "103486000"}, {"fiscalDateEnding": "2005-09-30", "reportedCurrency": "USD", "grossProfit": "523606000", "totalRevenue": "798671000", "costOfRevenue": "275065000", "costofGoodsAndServicesSold": "275065000", "operatingIncome": "193011000", "sellingGeneralAndAdministrative": "223400000", "researchAndDevelopment": "81295000", "operatingExpenses": "330595000", "investmentIncomeNet": "None", "netInterestIncome": "None", "interestIncome": "None", "interestExpense": "8347000", "nonInterestIncome": "None", "otherNonOperatingIncome": "None", "depreciation": "None", "depreciationAndAmortization": "54444000", "incomeBeforeTax": "194088000", "incomeTaxExpense": "59540000", "interestAndDebtExpense": "None", "netIncomeFromContinuingOperations": "None", "comprehensiveIncomeNetOfTax": "None", "ebit": "138567000", "ebitda": "193011000", "netIncome": "134548000"}], "quarterlyReports": [{"fiscalDateEnding": "2024-12-31", "reportedCurrency": "USD", "grossProfit": "352623000", "totalRevenue": "439968000", "costOfRevenue": "87345000", "costofGoodsAndServicesSold": "87345000", "operatingIncome": "179528000", "sellingGeneralAndAdministrative": "127950000", "researchAndDevelopment": "45145000", "operatingExpenses": "173095000", "investmentIncomeNet": "None", "netInterestIncome": "-29488000", "interestIncome": "None", "interestExpense": "29488000", "nonInterestIncome": "None", "otherNonOperatingIncome": "None", "depreciation": "None", "depreciationAndAmortization": "-89000", "incomeBeforeTax": "150129000", "incomeTaxExpense": "-2399000", "interestAndDebtExpense": "None", "netIncomeFromContinuingOperations": "152528000", "comprehensiveIncomeNetOfTax": "None", "ebit": "179617000", "ebitda": "179528000", "netIncome": "152528000"}, {"fiscalDateEnding": "2024-09-30", "reportedCurrency": "USD", "grossProfit": "364235000", "totalRevenue": "453809000", "costOfRevenue": "89574000", "costofGoodsAndServicesSold": "89574000", "operatingIncome": "197178000", "sellingGeneralAndAdministrative": "122757000", "researchAndDevelopment": "44208000", "operatingExpenses": "167057000", "investmentIncomeNet": "None", "netInterestIncome": "-28515000", "interestIncome": "None", "interestExpense": "28515000", "nonInterestIncome": "None", "otherNonOperatingIncome": "None", "depreciation": "None", "depreciationAndAmortization": "3815000", "incomeBeforeTax": "171383000", "incomeTaxExpense": "35692000", "interestAndDebtExpense": "None", "netIncomeFromContinuingOperations": "135691000", "comprehensiveIncomeNetOfTax": "None", "ebit": "199898000", "ebitda": "203713000", "netIncome": "135691000"}, {"fiscalDateEnding": "2024-06-30", "reportedCurrency": "USD", "grossProfit": "359349000", "totalRevenue": "447849000", "costOfRevenue": "88500000", "costofGoodsAndServicesSold": "88500000", "operatingIncome": "190251000", "sellingGeneralAndAdministrative": "124881000", "researchAndDevelopment": "44217000", "operatingExpenses": "169098000", "investmentIncomeNet": "None", "netInterestIncome": "-26868000", "interestIncome": "None", "interestExpense": "26868000", "nonInterestIncome": "None", "otherNonOperatingIncome": "None", "depreciation": "None", "depreciationAndAmortization": "3834000", "incomeBeforeTax": "167318000", "incomeTaxExpense": "41062000", "interestAndDebtExpense": "None", "netIncomeFromContinuingOperations": "126256000", "comprehensiveIncomeNetOfTax": "None", "ebit": "194186000", "ebitda": "198020000", "netIncome": "126256000"}, {"fiscalDateEnding": "2024-03-31", "reportedCurrency": "USD", "grossProfit": "346588000", "totalRevenue": "433809000", "costOfRevenue": "87221000", "costofGoodsAndServicesSold": "87221000", "operatingIncome": "194841000", "sellingGeneralAndAdministrative": "110867000", "researchAndDevelopment": "40880000", "operatingExpenses": "151747000", "investmentIncomeNet": "None", "netInterestIncome": "-26093000", "interestIncome": "None", "interestExpense": "26093000", "nonInterestIncome": "None", "otherNonOperatingIncome": "None", "depreciation": "None", "depreciationAndAmortization": "3354000", "incomeBeforeTax": "172734000", "incomeTaxExpense": "42935000", "interestAndDebtExpense": "None", "netIncomeFromContinuingOperations": "129799000", "comprehensiveIncomeNetOfTax": "None", "ebit": "198827000", "ebitda": "202181000", "netIncome": "129799000"}, {"fiscalDateEnding": "2023-12-31", "reportedCurrency": "USD", "grossProfit": "298598000", "totalRevenue": "382059000", "costOfRevenue": "83461000", "costofGoodsAndServicesSold": "83461000", "operatingIncome": "151359000", "sellingGeneralAndAdministrative": "104329000", "researchAndDevelopment": "42635000", "operatingExpenses": "147239000", "investmentIncomeNet": "None", "netInterestIncome": "-24162000", "interestIncome": "None", "interestExpense": "24162000", "nonInterestIncome": "None", "otherNonOperatingIncome": "None", "depreciation": "None", "depreciationAndAmortization": "2824000", "incomeBeforeTax": "130590000", "incomeTaxExpense": "9525000", "interestAndDebtExpense": "None", "netIncomeFromContinuingOperations": "121065000", "comprehensiveIncomeNetOfTax": "None", "ebit": "154752000", "ebitda": "157576000", "netIncome": "121065000"}, {"fiscalDateEnding": "2023-09-30", "reportedCurrency": "USD", "grossProfit": "306901000", "totalRevenue": "389733000", "costOfRevenue": "82832000", "costofGoodsAndServicesSold": "82832000", "operatingIncome": "165699000", "sellingGeneralAndAdministrative": "89531000", "researchAndDevelopment": "41596000", "operatingExpenses": "141202000", "investmentIncomeNet": "None", "netInterestIncome": "-24304000", "interestIncome": "None", "interestExpense": "24304000", "nonInterestIncome": "None", "otherNonOperatingIncome": "None", "depreciation": "None", "depreciationAndAmortization": "2996000", "incomeBeforeTax": "140465000", "incomeTaxExpense": "39041000", "interestAndDebtExpense": "None", "netIncomeFromContinuingOperations": "101424000", "comprehensiveIncomeNetOfTax": "None", "ebit": "164769000", "ebitda": "167765000", "netIncome": "101424000"}, {"fiscalDateEnding": "2023-06-30", "reportedCurrency": "USD", "grossProfit": "326842000", "totalRevenue": "398688000", "costOfRevenue": "71846000", "costofGoodsAndServicesSold": "71846000", "operatingIncome": "177031000", "sellingGeneralAndAdministrative": "108081000", "researchAndDevelopment": "41455000", "operatingExpenses": "149811000", "investmentIncomeNet": "None", "netInterestIncome": "-24545000", "interestIncome": "None", "interestExpense": "24545000", "nonInterestIncome": "None", "otherNonOperatingIncome": "5301000", "depreciation": "None", "depreciationAndAmortization": "3348000", "incomeBeforeTax": "157787000", "incomeTaxExpense": "29029000", "interestAndDebtExpense": "None", "netIncomeFromContinuingOperations": "128758000", "comprehensiveIncomeNetOfTax": "None", "ebit": "182332000", "ebitda": "185680000", "netIncome": "128758000"}, {"fiscalDateEnding": "2023-03-31", "reportedCurrency": "USD", "grossProfit": "300460000", "totalRevenue": "380266000", "costOfRevenue": "79806000", "costofGoodsAndServicesSold": "79806000", "operatingIncome": "159761000", "sellingGeneralAndAdministrative": "100158000", "researchAndDevelopment": "40266000", "operatingExpenses": "140699000", "investmentIncomeNet": "None", "netInterestIncome": "-23897000", "interestIncome": "None", "interestExpense": "23897000", "nonInterestIncome": "None", "otherNonOperatingIncome": "1605000", "depreciation": "None", "depreciationAndAmortization": "4014000", "incomeBeforeTax": "137469000", "incomeTaxExpense": "35919000", "interestAndDebtExpense": "None", "netIncomeFromContinuingOperations": "101550000", "comprehensiveIncomeNetOfTax": "None", "ebit": "161366000", "ebitda": "165380000", "netIncome": "101550000"}, {"fiscalDateEnding": "2022-12-31", "reportedCurrency": "USD", "grossProfit": "268301000", "totalRevenue": "344870000", "costOfRevenue": "76569000", "costofGoodsAndServicesSold": "76569000", "operatingIncome": "140339000", "sellingGeneralAndAdministrative": "92995000", "researchAndDevelopment": "36633000", "operatingExpenses": "129903000", "investmentIncomeNet": "None", "netInterestIncome": "-22800000", "interestIncome": "None", "interestExpense": "22800000", "nonInterestIncome": "None", "otherNonOperatingIncome": "364000", "depreciation": "None", "depreciationAndAmortization": "4280000", "incomeBeforeTax": "117903000", "incomeTaxExpense": "20260000", "interestAndDebtExpense": "None", "netIncomeFromContinuingOperations": "97643000", "comprehensiveIncomeNetOfTax": "None", "ebit": "140703000", "ebitda": "144983000", "netIncome": "97643000"}, {"fiscalDateEnding": "2022-09-30", "reportedCurrency": "USD", "grossProfit": "266262000", "totalRevenue": "348748000", "costOfRevenue": "82486000", "costofGoodsAndServicesSold": "82486000", "operatingIncome": "134156000", "sellingGeneralAndAdministrative": "88053000", "researchAndDevelopment": "35511000", "operatingExpenses": "132106000", "investmentIncomeNet": "None", "netInterestIncome": "-20840000", "interestIncome": "None", "interestExpense": "20840000", "nonInterestIncome": "None", "otherNonOperatingIncome": "-206000", "depreciation": "None", "depreciationAndAmortization": "8474000", "incomeBeforeTax": "113110000", "incomeTaxExpense": "22411000", "interestAndDebtExpense": "None", "netIncomeFromContinuingOperations": "90699000", "comprehensiveIncomeNetOfTax": "None", "ebit": "133950000", "ebitda": "142424000", "netIncome": "90699000"}, {"fiscalDateEnding": "2022-06-30", "reportedCurrency": "USD", "grossProfit": "270275000", "totalRevenue": "348966000", "costOfRevenue": "78691000", "costofGoodsAndServicesSold": "78691000", "operatingIncome": "140615000", "sellingGeneralAndAdministrative": "93248000", "researchAndDevelopment": "35880000", "operatingExpenses": "129660000", "investmentIncomeNet": "None", "netInterestIncome": "-18721000", "interestIncome": "None", "interestExpense": "18721000", "nonInterestIncome": "None", "otherNonOperatingIncome": "-1000000", "depreciation": "None", "depreciationAndAmortization": "9091000", "incomeBeforeTax": "120894000", "incomeTaxExpense": "27394000", "interestAndDebtExpense": "None", "netIncomeFromContinuingOperations": "93500000", "comprehensiveIncomeNetOfTax": "None", "ebit": "139615000", "ebitda": "148706000", "netIncome": "93500000"}, {"fiscalDateEnding": "2022-03-31", "reportedCurrency": "USD", "grossProfit": "285401000", "totalRevenue": "357195000", "costOfRevenue": "71794000", "costofGoodsAndServicesSold": "71794000", "operatingIncome": "152057000", "sellingGeneralAndAdministrative": "96414000", "researchAndDevelopment": "36387000", "operatingExpenses": "133344000", "investmentIncomeNet": "None", "netInterestIncome": "-17211000", "interestIncome": "None", "interestExpense": "17211000", "nonInterestIncome": "None", "otherNonOperatingIncome": "-2361000", "depreciation": "None", "depreciationAndAmortization": "9480000", "incomeBeforeTax": "132485000", "incomeTaxExpense": "28102000", "interestAndDebtExpense": "None", "netIncomeFromContinuingOperations": "104383000", "comprehensiveIncomeNetOfTax": "None", "ebit": "149696000", "ebitda": "159176000", "netIncome": "104383000"}, {"fiscalDateEnding": "2021-12-31", "reportedCurrency": "USD", "grossProfit": "253158000", "totalRevenue": "322361000", "costOfRevenue": "69203000", "costofGoodsAndServicesSold": "69203000", "operatingIncome": "115586000", "sellingGeneralAndAdministrative": "98048000", "researchAndDevelopment": "38980000", "operatingExpenses": "137572000", "investmentIncomeNet": "None", "netInterestIncome": "-12195000", "interestIncome": "None", "interestExpense": "12195000", "nonInterestIncome": "None", "otherNonOperatingIncome": "1429000", "depreciation": "None", "depreciationAndAmortization": "9342000", "incomeBeforeTax": "104820000", "incomeTaxExpense": "19861000", "interestAndDebtExpense": "None", "netIncomeFromContinuingOperations": "84959000", "comprehensiveIncomeNetOfTax": "None", "ebit": "117015000", "ebitda": "126357000", "netIncome": "84959000"}, {"fiscalDateEnding": "2021-09-30", "reportedCurrency": "USD", "grossProfit": "262216000", "totalRevenue": "334577000", "costOfRevenue": "72361000", "costofGoodsAndServicesSold": "72361000", "operatingIncome": "115185000", "sellingGeneralAndAdministrative": "93911000", "researchAndDevelopment": "41142000", "operatingExpenses": "139074000", "investmentIncomeNet": "None", "netInterestIncome": "-10490000", "interestIncome": "None", "interestExpense": "10490000", "nonInterestIncome": "None", "otherNonOperatingIncome": "771000", "depreciation": "None", "depreciationAndAmortization": "9572000", "incomeBeforeTax": "105466000", "incomeTaxExpense": "19746000", "interestAndDebtExpense": "None", "netIncomeFromContinuingOperations": "85720000", "comprehensiveIncomeNetOfTax": "None", "ebit": "115956000", "ebitda": "125528000", "netIncome": "85720000"}, {"fiscalDateEnding": "2021-06-30", "reportedCurrency": "USD", "grossProfit": "255944000", "totalRevenue": "338184000", "costOfRevenue": "82240000", "costofGoodsAndServicesSold": "82240000", "operatingIncome": "194384000", "sellingGeneralAndAdministrative": "107729000", "researchAndDevelopment": "45826000", "operatingExpenses": "154365000", "investmentIncomeNet": "None", "netInterestIncome": "-10018000", "interestIncome": "None", "interestExpense": "10018000", "nonInterestIncome": "None", "otherNonOperatingIncome": "3526000", "depreciation": "None", "depreciationAndAmortization": "10416000", "incomeBeforeTax": "187892000", "incomeTaxExpense": "36694000", "interestAndDebtExpense": "None", "netIncomeFromContinuingOperations": "151198000", "comprehensiveIncomeNetOfTax": "None", "ebit": "197910000", "ebitda": "208326000", "netIncome": "151198000"}, {"fiscalDateEnding": "2021-03-31", "reportedCurrency": "USD", "grossProfit": "243028000", "totalRevenue": "331361000", "costOfRevenue": "88333000", "costofGoodsAndServicesSold": "88333000", "operatingIncome": "101199000", "sellingGeneralAndAdministrative": "97272000", "researchAndDevelopment": "43612000", "operatingExpenses": "141829000", "investmentIncomeNet": "None", "netInterestIncome": "-9943000", "interestIncome": "None", "interestExpense": "9943000", "nonInterestIncome": "None", "otherNonOperatingIncome": "568000", "depreciation": "None", "depreciationAndAmortization": "6675000", "incomeBeforeTax": "91824000", "incomeTaxExpense": "23150000", "interestAndDebtExpense": "None", "netIncomeFromContinuingOperations": "68674000", "comprehensiveIncomeNetOfTax": "None", "ebit": "105772000", "ebitda": "112447000", "netIncome": "68674000"}, {"fiscalDateEnding": "2020-12-31", "reportedCurrency": "USD", "grossProfit": "222886000", "totalRevenue": "312414000", "costOfRevenue": "89528000", "costofGoodsAndServicesSold": "89528000", "operatingIncome": "94721000", "sellingGeneralAndAdministrative": "93911000", "researchAndDevelopment": "40651000", "operatingExpenses": "135499000", "investmentIncomeNet": "None", "netInterestIncome": "-9641000", "interestIncome": "None", "interestExpense": "9641000", "nonInterestIncome": "None", "otherNonOperatingIncome": "2880000", "depreciation": "None", "depreciationAndAmortization": "7026000", "incomeBeforeTax": "87960000", "incomeTaxExpense": "1468000", "interestAndDebtExpense": "None", "netIncomeFromContinuingOperations": "86492000", "comprehensiveIncomeNetOfTax": "None", "ebit": "101601000", "ebitda": "108627000", "netIncome": "86492000"}, {"fiscalDateEnding": "2020-09-30", "reportedCurrency": "USD", "grossProfit": "280680000", "totalRevenue": "374356000", "costOfRevenue": "93676000", "costofGoodsAndServicesSold": "93676000", "operatingIncome": "85490000", "sellingGeneralAndAdministrative": "105612000", "researchAndDevelopment": "46706000", "operatingExpenses": "153265000", "investmentIncomeNet": "None", "netInterestIncome": "-9932000", "interestIncome": "None", "interestExpense": "9932000", "nonInterestIncome": "None", "otherNonOperatingIncome": "875000", "depreciation": "None", "depreciationAndAmortization": "947000", "incomeBeforeTax": "76433000", "incomeTaxExpense": "17307000", "interestAndDebtExpense": "None", "netIncomeFromContinuingOperations": "59126000", "comprehensiveIncomeNetOfTax": "None", "ebit": "97285000", "ebitda": "98232000", "netIncome": "59126000"}, {"fiscalDateEnding": "2020-06-30", "reportedCurrency": "USD", "grossProfit": "225162000", "totalRevenue": "313731000", "costOfRevenue": "88569000", "costofGoodsAndServicesSold": "88569000", "operatingIncome": "82871000", "sellingGeneralAndAdministrative": "99832000", "researchAndDevelopment": "41411000", "operatingExpenses": "142291000", "investmentIncomeNet": "None", "netInterestIncome": "-11223000", "interestIncome": "None", "interestExpense": "11223000", "nonInterestIncome": "None", "otherNonOperatingIncome": "4560000", "depreciation": "None", "depreciationAndAmortization": "8014000", "incomeBeforeTax": "76208000", "incomeTaxExpense": "12132000", "interestAndDebtExpense": "None", "netIncomeFromContinuingOperations": "64076000", "comprehensiveIncomeNetOfTax": "None", "ebit": "92393000", "ebitda": "100407000", "netIncome": "64076000"}, {"fiscalDateEnding": "2020-03-31", "reportedCurrency": "USD", "grossProfit": "219832000", "totalRevenue": "307971000", "costOfRevenue": "88139000", "costofGoodsAndServicesSold": "88139000", "operatingIncome": "75726000", "sellingGeneralAndAdministrative": "103465000", "researchAndDevelopment": "39439000", "operatingExpenses": "144106000", "investmentIncomeNet": "None", "netInterestIncome": "-11254000", "interestIncome": "11254000", "interestExpense": "11254000", "nonInterestIncome": "None", "otherNonOperatingIncome": "-2008000", "depreciation": "None", "depreciationAndAmortization": "3186000", "incomeBeforeTax": "62464000", "incomeTaxExpense": "4176000", "interestAndDebtExpense": "None", "netIncomeFromContinuingOperations": "58288000", "comprehensiveIncomeNetOfTax": "None", "ebit": "83718000", "ebitda": "86904000", "netIncome": "58288000"}, {"fiscalDateEnding": "2019-12-31", "reportedCurrency": "USD", "grossProfit": "207746000", "totalRevenue": "298504000", "costOfRevenue": "90758000", "costofGoodsAndServicesSold": "90758000", "operatingIncome": "51882000", "sellingGeneralAndAdministrative": "112021000", "researchAndDevelopment": "38943000", "operatingExpenses": "152760000", "investmentIncomeNet": "None", "netInterestIncome": "-9768000", "interestIncome": "8623000", "interestExpense": "9768000", "nonInterestIncome": "None", "otherNonOperatingIncome": "-219000", "depreciation": "None", "depreciationAndAmortization": "12349000", "incomeBeforeTax": "41895000", "incomeTaxExpense": "-13026000", "interestAndDebtExpense": "None", "netIncomeFromContinuingOperations": "54921000", "comprehensiveIncomeNetOfTax": "None", "ebit": "51663000", "ebitda": "64012000", "netIncome": "54921000"}, {"fiscalDateEnding": "2019-09-30", "reportedCurrency": "USD", "grossProfit": "217348000", "totalRevenue": "305344000", "costOfRevenue": "87996000", "costofGoodsAndServicesSold": "87996000", "operatingIncome": "70287000", "sellingGeneralAndAdministrative": "105992000", "researchAndDevelopment": "39396000", "operatingExpenses": "147061000", "investmentIncomeNet": "None", "netInterestIncome": "-9957000", "interestIncome": "9957000", "interestExpense": "9957000", "nonInterestIncome": "None", "otherNonOperatingIncome": "558000", "depreciation": "None", "depreciationAndAmortization": "1673000", "incomeBeforeTax": "60888000", "incomeTaxExpense": "6304000", "interestAndDebtExpense": "None", "netIncomeFromContinuingOperations": "54584000", "comprehensiveIncomeNetOfTax": "None", "ebit": "77050000", "ebitda": "78723000", "netIncome": "54584000"}, {"fiscalDateEnding": "2019-06-30", "reportedCurrency": "USD", "grossProfit": "227034000", "totalRevenue": "314249000", "costOfRevenue": "87215000", "costofGoodsAndServicesSold": "87215000", "operatingIncome": "85708000", "sellingGeneralAndAdministrative": "102906000", "researchAndDevelopment": "36972000", "operatingExpenses": "141326000", "investmentIncomeNet": "None", "netInterestIncome": "-10111000", "interestIncome": "11039000", "interestExpense": "10111000", "nonInterestIncome": "None", "otherNonOperatingIncome": "2457000", "depreciation": "None", "depreciationAndAmortization": "7948000", "incomeBeforeTax": "78054000", "incomeTaxExpense": "13902000", "interestAndDebtExpense": "None", "netIncomeFromContinuingOperations": "64152000", "comprehensiveIncomeNetOfTax": "None", "ebit": "88165000", "ebitda": "96113000", "netIncome": "64152000"}, {"fiscalDateEnding": "2019-03-31", "reportedCurrency": "USD", "grossProfit": "192666000", "totalRevenue": "278234000", "costOfRevenue": "85568000", "costofGoodsAndServicesSold": "85568000", "operatingIncome": "48549000", "sellingGeneralAndAdministrative": "104930000", "researchAndDevelopment": "37684000", "operatingExpenses": "144117000", "investmentIncomeNet": "None", "netInterestIncome": "-10008000", "interestIncome": "None", "interestExpense": "10008000", "nonInterestIncome": "None", "otherNonOperatingIncome": "1433000", "depreciation": "None", "depreciationAndAmortization": "1503000", "incomeBeforeTax": "39974000", "incomeTaxExpense": "6593000", "interestAndDebtExpense": "None", "netIncomeFromContinuingOperations": "33381000", "comprehensiveIncomeNetOfTax": "None", "ebit": "56298000", "ebitda": "57801000", "netIncome": "33381000"}, {"fiscalDateEnding": "2018-12-31", "reportedCurrency": "USD", "grossProfit": "186190000", "totalRevenue": "262256000", "costOfRevenue": "76066000", "costofGoodsAndServicesSold": "76066000", "operatingIncome": "49004000", "sellingGeneralAndAdministrative": "100258000", "researchAndDevelopment": "35426000", "operatingExpenses": "137186000", "investmentIncomeNet": "None", "netInterestIncome": "None", "interestIncome": "None", "interestExpense": "9676000", "nonInterestIncome": "None", "otherNonOperatingIncome": "-2172000", "depreciation": "None", "depreciationAndAmortization": "7967000", "incomeBeforeTax": "37156000", "incomeTaxExpense": "-2851000", "interestAndDebtExpense": "None", "netIncomeFromContinuingOperations": "40007000", "comprehensiveIncomeNetOfTax": "None", "ebit": "46832000", "ebitda": "54799000", "netIncome": "40007000"}, {"fiscalDateEnding": "2018-09-30", "reportedCurrency": "USD", "grossProfit": "200360000", "totalRevenue": "279791000", "costOfRevenue": "79431000", "costofGoodsAndServicesSold": "79431000", "operatingIncome": "70078000", "sellingGeneralAndAdministrative": "94324000", "researchAndDevelopment": "34407000", "operatingExpenses": "130282000", "investmentIncomeNet": "None", "netInterestIncome": "None", "interestIncome": "None", "interestExpense": "9512000", "nonInterestIncome": "None", "otherNonOperatingIncome": "10944000", "depreciation": "None", "depreciationAndAmortization": "1551000", "incomeBeforeTax": "71510000", "incomeTaxExpense": "21030000", "interestAndDebtExpense": "None", "netIncomeFromContinuingOperations": "50480000", "comprehensiveIncomeNetOfTax": "None", "ebit": "87324000", "ebitda": "88875000", "netIncome": "50480000"}, {"fiscalDateEnding": "2018-06-30", "reportedCurrency": "USD", "grossProfit": "181115000", "totalRevenue": "259505000", "costOfRevenue": "78390000", "costofGoodsAndServicesSold": "78390000", "operatingIncome": "48376000", "sellingGeneralAndAdministrative": "98685000", "researchAndDevelopment": "32483000", "operatingExpenses": "132739000", "investmentIncomeNet": "None", "netInterestIncome": "None", "interestIncome": "None", "interestExpense": "8223000", "nonInterestIncome": "None", "otherNonOperatingIncome": "1588000", "depreciation": "None", "depreciationAndAmortization": "7234000", "incomeBeforeTax": "41741000", "incomeTaxExpense": "9380000", "interestAndDebtExpense": "None", "netIncomeFromContinuingOperations": "32361000", "comprehensiveIncomeNetOfTax": "None", "ebit": "49964000", "ebitda": "57198000", "netIncome": "32361000"}, {"fiscalDateEnding": "2018-03-31", "reportedCurrency": "USD", "grossProfit": "179339000", "totalRevenue": "257858000", "costOfRevenue": "78519000", "costofGoodsAndServicesSold": "78519000", "operatingIncome": "48079000", "sellingGeneralAndAdministrative": "97057000", "researchAndDevelopment": "32519000", "operatingExpenses": "131260000", "investmentIncomeNet": "None", "netInterestIncome": "None", "interestIncome": "None", "interestExpense": "7116000", "nonInterestIncome": "None", "otherNonOperatingIncome": "-161000", "depreciation": "None", "depreciationAndAmortization": "1684000", "incomeBeforeTax": "40802000", "incomeTaxExpense": "8527000", "interestAndDebtExpense": "None", "netIncomeFromContinuingOperations": "32275000", "comprehensiveIncomeNetOfTax": "None", "ebit": "53598000", "ebitda": "55282000", "netIncome": "32275000"}, {"fiscalDateEnding": "2017-12-31", "reportedCurrency": "USD", "grossProfit": "160962000", "totalRevenue": "235321000", "costOfRevenue": "74359000", "costofGoodsAndServicesSold": "74359000", "operatingIncome": "39904000", "sellingGeneralAndAdministrative": "90296000", "researchAndDevelopment": "28974000", "operatingExpenses": "121058000", "investmentIncomeNet": "None", "netInterestIncome": "None", "interestIncome": "None", "interestExpense": "6460000", "nonInterestIncome": "None", "otherNonOperatingIncome": "513000", "depreciation": "None", "depreciationAndAmortization": "7731000", "incomeBeforeTax": "33957000", "incomeTaxExpense": "6658000", "interestAndDebtExpense": "None", "netIncomeFromContinuingOperations": "27299000", "comprehensiveIncomeNetOfTax": "None", "ebit": "40417000", "ebitda": "48148000", "netIncome": "27299000"}, {"fiscalDateEnding": "2017-09-30", "reportedCurrency": "USD", "grossProfit": "178003000", "totalRevenue": "253205000", "costOfRevenue": "75202000", "costofGoodsAndServicesSold": "75202000", "operatingIncome": "60803000", "sellingGeneralAndAdministrative": "84262000", "researchAndDevelopment": "30226000", "operatingExpenses": "117200000", "investmentIncomeNet": "None", "netInterestIncome": "None", "interestIncome": "None", "interestExpense": "6387000", "nonInterestIncome": "None", "otherNonOperatingIncome": "-214000", "depreciation": "None", "depreciationAndAmortization": "2712000", "incomeBeforeTax": "54202000", "incomeTaxExpense": "14158000", "interestAndDebtExpense": "None", "netIncomeFromContinuingOperations": "40044000", "comprehensiveIncomeNetOfTax": "None", "ebit": "67050000", "ebitda": "69762000", "netIncome": "40044000"}, {"fiscalDateEnding": "2017-06-30", "reportedCurrency": "USD", "grossProfit": "161193000", "totalRevenue": "230986000", "costOfRevenue": "69793000", "costofGoodsAndServicesSold": "69793000", "operatingIncome": "41429000", "sellingGeneralAndAdministrative": "84089000", "researchAndDevelopment": "27839000", "operatingExpenses": "115293000", "investmentIncomeNet": "None", "netInterestIncome": "None", "interestIncome": "None", "interestExpense": "6653000", "nonInterestIncome": "None", "otherNonOperatingIncome": "555000", "depreciation": "None", "depreciationAndAmortization": "9191000", "incomeBeforeTax": "35331000", "incomeTaxExpense": "10104000", "interestAndDebtExpense": "None", "netIncomeFromContinuingOperations": "25227000", "comprehensiveIncomeNetOfTax": "None", "ebit": "41855000", "ebitda": "51046000", "netIncome": "25227000"}, {"fiscalDateEnding": "2017-03-31", "reportedCurrency": "USD", "grossProfit": "156247000", "totalRevenue": "228378000", "costOfRevenue": "72131000", "costofGoodsAndServicesSold": "72131000", "operatingIncome": "40041000", "sellingGeneralAndAdministrative": "86231000", "researchAndDevelopment": "26663000", "operatingExpenses": "116206000", "investmentIncomeNet": "None", "netInterestIncome": "None", "interestIncome": "None", "interestExpense": "6578000", "nonInterestIncome": "None", "otherNonOperatingIncome": "-327000", "depreciation": "None", "depreciationAndAmortization": "9178000", "incomeBeforeTax": "33136000", "incomeTaxExpense": "8052000", "interestAndDebtExpense": "None", "netIncomeFromContinuingOperations": "25084000", "comprehensiveIncomeNetOfTax": "None", "ebit": "39714000", "ebitda": "48892000", "netIncome": "25084000"}, {"fiscalDateEnding": "2016-12-31", "reportedCurrency": "USD", "grossProfit": "149603000", "totalRevenue": "219600000", "costOfRevenue": "69997000", "costofGoodsAndServicesSold": "69997000", "operatingIncome": "34927000", "sellingGeneralAndAdministrative": "85214000", "researchAndDevelopment": "26142000", "operatingExpenses": "114676000", "investmentIncomeNet": "None", "netInterestIncome": "None", "interestIncome": "None", "interestExpense": "6172000", "nonInterestIncome": "None", "otherNonOperatingIncome": "-100000", "depreciation": "None", "depreciationAndAmortization": "9058000", "incomeBeforeTax": "28655000", "incomeTaxExpense": "-9246000", "interestAndDebtExpense": "None", "netIncomeFromContinuingOperations": "37901000", "comprehensiveIncomeNetOfTax": "None", "ebit": "34827000", "ebitda": "43885000", "netIncome": "37901000"}, {"fiscalDateEnding": "2016-09-30", "reportedCurrency": "USD", "grossProfit": "161526000", "totalRevenue": "235824000", "costOfRevenue": "74298000", "costofGoodsAndServicesSold": "74298000", "operatingIncome": "44915000", "sellingGeneralAndAdministrative": "85429000", "researchAndDevelopment": "27773000", "operatingExpenses": "116611000", "investmentIncomeNet": "None", "netInterestIncome": "None", "interestIncome": "None", "interestExpense": "6313000", "nonInterestIncome": "None", "otherNonOperatingIncome": "-243000", "depreciation": "None", "depreciationAndAmortization": "3409000", "incomeBeforeTax": "38359000", "incomeTaxExpense": "6255000", "interestAndDebtExpense": "None", "netIncomeFromContinuingOperations": "32104000", "comprehensiveIncomeNetOfTax": "None", "ebit": "49769000", "ebitda": "53178000", "netIncome": "32104000"}, {"fiscalDateEnding": "2016-06-30", "reportedCurrency": "USD", "grossProfit": "172394000", "totalRevenue": "238778000", "costOfRevenue": "66384000", "costofGoodsAndServicesSold": "66384000", "operatingIncome": "55319000", "sellingGeneralAndAdministrative": "87172000", "researchAndDevelopment": "26417000", "operatingExpenses": "117075000", "investmentIncomeNet": "None", "netInterestIncome": "None", "interestIncome": "None", "interestExpense": "6781000", "nonInterestIncome": "None", "otherNonOperatingIncome": "1752000", "depreciation": "None", "depreciationAndAmortization": "7959000", "incomeBeforeTax": "50290000", "incomeTaxExpense": "15303000", "interestAndDebtExpense": "None", "netIncomeFromContinuingOperations": "34987000", "comprehensiveIncomeNetOfTax": "None", "ebit": "57071000", "ebitda": "65030000", "netIncome": "34987000"}, {"fiscalDateEnding": "2016-03-31", "reportedCurrency": "USD", "grossProfit": "144380000", "totalRevenue": "206678000", "costOfRevenue": "62298000", "costofGoodsAndServicesSold": "62298000", "operatingIncome": "38524000", "sellingGeneralAndAdministrative": "77501000", "researchAndDevelopment": "24848000", "operatingExpenses": "105856000", "investmentIncomeNet": "None", "netInterestIncome": "None", "interestIncome": "None", "interestExpense": "6815000", "nonInterestIncome": "None", "otherNonOperatingIncome": "435000", "depreciation": "None", "depreciationAndAmortization": "7727000", "incomeBeforeTax": "32144000", "incomeTaxExpense": "9028000", "interestAndDebtExpense": "None", "netIncomeFromContinuingOperations": "23116000", "comprehensiveIncomeNetOfTax": "None", "ebit": "38959000", "ebitda": "46686000", "netIncome": "23116000"}, {"fiscalDateEnding": "2015-12-31", "reportedCurrency": "USD", "grossProfit": "137883000", "totalRevenue": "200076000", "costOfRevenue": "62193000", "costofGoodsAndServicesSold": "62193000", "operatingIncome": "30834000", "sellingGeneralAndAdministrative": "78838000", "researchAndDevelopment": "24631000", "operatingExpenses": "107049000", "investmentIncomeNet": "None", "netInterestIncome": "None", "interestIncome": "None", "interestExpense": "6724000", "nonInterestIncome": "None", "otherNonOperatingIncome": "-334000", "depreciation": "None", "depreciationAndAmortization": "7441000", "incomeBeforeTax": "23776000", "incomeTaxExpense": "4535000", "interestAndDebtExpense": "None", "netIncomeFromContinuingOperations": "19241000", "comprehensiveIncomeNetOfTax": "None", "ebit": "30500000", "ebitda": "37941000", "netIncome": "19241000"}, {"fiscalDateEnding": "2015-09-30", "reportedCurrency": "USD", "grossProfit": "165714000", "totalRevenue": "232756000", "costOfRevenue": "67042000", "costofGoodsAndServicesSold": "67042000", "operatingIncome": "41172000", "sellingGeneralAndAdministrative": "78693000", "researchAndDevelopment": "26236000", "operatingExpenses": "108556000", "investmentIncomeNet": "None", "netInterestIncome": "None", "interestIncome": "None", "interestExpense": "6867000", "nonInterestIncome": "None", "otherNonOperatingIncome": "112000", "depreciation": "None", "depreciationAndAmortization": "7796000", "incomeBeforeTax": "34417000", "incomeTaxExpense": "1098000", "interestAndDebtExpense": "None", "netIncomeFromContinuingOperations": "33319000", "comprehensiveIncomeNetOfTax": "None", "ebit": "41284000", "ebitda": "49080000", "netIncome": "33319000"}, {"fiscalDateEnding": "2015-06-30", "reportedCurrency": "USD", "grossProfit": "143164000", "totalRevenue": "209366000", "costOfRevenue": "66202000", "costofGoodsAndServicesSold": "66202000", "operatingIncome": "37054000", "sellingGeneralAndAdministrative": "74645000", "researchAndDevelopment": "25610000", "operatingExpenses": "103854000", "investmentIncomeNet": "None", "netInterestIncome": "None", "interestIncome": "None", "interestExpense": "7360000", "nonInterestIncome": "None", "otherNonOperatingIncome": "770000", "depreciation": "None", "depreciationAndAmortization": "9046000", "incomeBeforeTax": "30464000", "incomeTaxExpense": "10558000", "interestAndDebtExpense": "None", "netIncomeFromContinuingOperations": "19906000", "comprehensiveIncomeNetOfTax": "None", "ebit": "37824000", "ebitda": "46870000", "netIncome": "19906000"}, {"fiscalDateEnding": "2015-03-31", "reportedCurrency": "USD", "grossProfit": "136118000", "totalRevenue": "207109000", "costOfRevenue": "70991000", "costofGoodsAndServicesSold": "70991000", "operatingIncome": "34399000", "sellingGeneralAndAdministrative": "73863000", "researchAndDevelopment": "24341000", "operatingExpenses": "101719000", "investmentIncomeNet": "None", "netInterestIncome": "None", "interestIncome": "None", "interestExpense": "7718000", "nonInterestIncome": "None", "otherNonOperatingIncome": "-648000", "depreciation": "None", "depreciationAndAmortization": "3515000", "incomeBeforeTax": "26033000", "incomeTaxExpense": "7163000", "interestAndDebtExpense": "None", "netIncomeFromContinuingOperations": "18870000", "comprehensiveIncomeNetOfTax": "None", "ebit": "39176000", "ebitda": "42691000", "netIncome": "18870000"}, {"fiscalDateEnding": "2014-12-31", "reportedCurrency": "USD", "grossProfit": "123250000", "totalRevenue": "189550000", "costOfRevenue": "66300000", "costofGoodsAndServicesSold": "66300000", "operatingIncome": "24880000", "sellingGeneralAndAdministrative": "72801000", "researchAndDevelopment": "22637000", "operatingExpenses": "98370000", "investmentIncomeNet": "None", "netInterestIncome": "None", "interestIncome": "None", "interestExpense": "7205000", "nonInterestIncome": "None", "otherNonOperatingIncome": "649000", "depreciation": "None", "depreciationAndAmortization": "8107000", "incomeBeforeTax": "18324000", "incomeTaxExpense": "3917000", "interestAndDebtExpense": "None", "netIncomeFromContinuingOperations": "14407000", "comprehensiveIncomeNetOfTax": "None", "ebit": "25529000", "ebitda": "33636000", "netIncome": "14407000"}, {"fiscalDateEnding": "2014-09-30", "reportedCurrency": "USD", "grossProfit": "150543000", "totalRevenue": "221570000", "costOfRevenue": "71027000", "costofGoodsAndServicesSold": "71027000", "operatingIncome": "51440000", "sellingGeneralAndAdministrative": "73713000", "researchAndDevelopment": "22413000", "operatingExpenses": "99103000", "investmentIncomeNet": "None", "netInterestIncome": "None", "interestIncome": "None", "interestExpense": "7245000", "nonInterestIncome": "None", "otherNonOperatingIncome": "165000", "depreciation": "None", "depreciationAndAmortization": "8436000", "incomeBeforeTax": "44360000", "incomeTaxExpense": "7757000", "interestAndDebtExpense": "None", "netIncomeFromContinuingOperations": "36603000", "comprehensiveIncomeNetOfTax": "None", "ebit": "51605000", "ebitda": "60041000", "netIncome": "36603000"}, {"fiscalDateEnding": "2014-06-30", "reportedCurrency": "USD", "grossProfit": "134858000", "totalRevenue": "197610000", "costOfRevenue": "62752000", "costofGoodsAndServicesSold": "62752000", "operatingIncome": "36421000", "sellingGeneralAndAdministrative": "71557000", "researchAndDevelopment": "23240000", "operatingExpenses": "97816000", "investmentIncomeNet": "None", "netInterestIncome": "None", "interestIncome": "None", "interestExpense": "7064000", "nonInterestIncome": "None", "otherNonOperatingIncome": "944000", "depreciation": "None", "depreciationAndAmortization": "8184000", "incomeBeforeTax": "30301000", "incomeTaxExpense": "9753000", "interestAndDebtExpense": "None", "netIncomeFromContinuingOperations": "20548000", "comprehensiveIncomeNetOfTax": "None", "ebit": "37352000", "ebitda": "45536000", "netIncome": "20548000"}, {"fiscalDateEnding": "2014-03-31", "reportedCurrency": "USD", "grossProfit": "127279000", "totalRevenue": "185462000", "costOfRevenue": "58183000", "costofGoodsAndServicesSold": "58183000", "operatingIncome": "38737000", "sellingGeneralAndAdministrative": "65944000", "researchAndDevelopment": "19690000", "operatingExpenses": "88542000", "investmentIncomeNet": "None", "netInterestIncome": "None", "interestIncome": "None", "interestExpense": "7109000", "nonInterestIncome": "None", "otherNonOperatingIncome": "-341000", "depreciation": "None", "depreciationAndAmortization": "7845000", "incomeBeforeTax": "31287000", "incomeTaxExpense": "10536000", "interestAndDebtExpense": "None", "netIncomeFromContinuingOperations": "20751000", "comprehensiveIncomeNetOfTax": "None", "ebit": "38386000", "ebitda": "46231000", "netIncome": "20751000"}, {"fiscalDateEnding": "2013-12-31", "reportedCurrency": "USD", "grossProfit": "127024000", "totalRevenue": "184343000", "costOfRevenue": "57319000", "costofGoodsAndServicesSold": "57319000", "operatingIncome": "35270000", "sellingGeneralAndAdministrative": "66989000", "researchAndDevelopment": "18092000", "operatingExpenses": "88094000", "investmentIncomeNet": "None", "netInterestIncome": "None", "interestIncome": "None", "interestExpense": "7132000", "nonInterestIncome": "None", "otherNonOperatingIncome": "-955000", "depreciation": "None", "depreciationAndAmortization": "8167000", "incomeBeforeTax": "27183000", "incomeTaxExpense": "10206000", "interestAndDebtExpense": "None", "netIncomeFromContinuingOperations": "16977000", "comprehensiveIncomeNetOfTax": "None", "ebit": "34309000", "ebitda": "42476000", "netIncome": "16977000"}, {"fiscalDateEnding": "2013-09-30", "reportedCurrency": "USD", "grossProfit": "133518000", "totalRevenue": "190327000", "costOfRevenue": "56809000", "costofGoodsAndServicesSold": "56809000", "operatingIncome": "50185000", "sellingGeneralAndAdministrative": "62427000", "researchAndDevelopment": "17824000", "operatingExpenses": "83333000", "investmentIncomeNet": "None", "netInterestIncome": "None", "interestIncome": "None", "interestExpense": "7114000", "nonInterestIncome": "None", "otherNonOperatingIncome": "-138000", "depreciation": "None", "depreciationAndAmortization": "3082000", "incomeBeforeTax": "42933000", "incomeTaxExpense": "14376000", "interestAndDebtExpense": "None", "netIncomeFromContinuingOperations": "28557000", "comprehensiveIncomeNetOfTax": "None", "ebit": "55019000", "ebitda": "58101000", "netIncome": "28557000"}, {"fiscalDateEnding": "2013-06-30", "reportedCurrency": "USD", "grossProfit": "126117000", "totalRevenue": "183772000", "costOfRevenue": "57655000", "costofGoodsAndServicesSold": "57655000", "operatingIncome": "35208000", "sellingGeneralAndAdministrative": "68665000", "researchAndDevelopment": "18570000", "operatingExpenses": "90712000", "investmentIncomeNet": "None", "netInterestIncome": "None", "interestIncome": "None", "interestExpense": "7432000", "nonInterestIncome": "None", "otherNonOperatingIncome": "845000", "depreciation": "None", "depreciationAndAmortization": "8727000", "incomeBeforeTax": "28621000", "incomeTaxExpense": "8999000", "interestAndDebtExpense": "None", "netIncomeFromContinuingOperations": "19622000", "comprehensiveIncomeNetOfTax": "None", "ebit": "36053000", "ebitda": "44780000", "netIncome": "19622000"}, {"fiscalDateEnding": "2013-03-31", "reportedCurrency": "USD", "grossProfit": "120469000", "totalRevenue": "179325000", "costOfRevenue": "58856000", "costofGoodsAndServicesSold": "58856000", "operatingIncome": "33206000", "sellingGeneralAndAdministrative": "67638000", "researchAndDevelopment": "16021000", "operatingExpenses": "87263000", "investmentIncomeNet": "None", "netInterestIncome": "None", "interestIncome": "None", "interestExpense": "7855000", "nonInterestIncome": "None", "otherNonOperatingIncome": "36000", "depreciation": "None", "depreciationAndAmortization": "3604000", "incomeBeforeTax": "25387000", "incomeTaxExpense": "6892000", "interestAndDebtExpense": "None", "netIncomeFromContinuingOperations": "18495000", "comprehensiveIncomeNetOfTax": "None", "ebit": "38098000", "ebitda": "41702000", "netIncome": "18495000"}, {"fiscalDateEnding": "2012-12-31", "reportedCurrency": "USD", "grossProfit": "133872000", "totalRevenue": "190020000", "costOfRevenue": "56148000", "costofGoodsAndServicesSold": "56148000", "operatingIncome": "42994000", "sellingGeneralAndAdministrative": "69665000", "researchAndDevelopment": "14552000", "operatingExpenses": "87589000", "investmentIncomeNet": "None", "netInterestIncome": "None", "interestIncome": "None", "interestExpense": "7880000", "nonInterestIncome": "None", "otherNonOperatingIncome": "-71000", "depreciation": "None", "depreciationAndAmortization": "7973000", "incomeBeforeTax": "35043000", "incomeTaxExpense": "11622000", "interestAndDebtExpense": "None", "netIncomeFromContinuingOperations": "23421000", "comprehensiveIncomeNetOfTax": "None", "ebit": "42923000", "ebitda": "50896000", "netIncome": "23421000"}, {"fiscalDateEnding": "2012-09-30", "reportedCurrency": "USD", "grossProfit": "130748000", "totalRevenue": "186075000", "costOfRevenue": "55327000", "costofGoodsAndServicesSold": "55327000", "operatingIncome": "40922000", "sellingGeneralAndAdministrative": "65040000", "researchAndDevelopment": "17602000", "operatingExpenses": "84701000", "investmentIncomeNet": "None", "netInterestIncome": "None", "interestIncome": "None", "interestExpense": "7856000", "nonInterestIncome": "None", "otherNonOperatingIncome": "-386000", "depreciation": "None", "depreciationAndAmortization": "6994000", "incomeBeforeTax": "32680000", "incomeTaxExpense": "11434000", "interestAndDebtExpense": "None", "netIncomeFromContinuingOperations": "21246000", "comprehensiveIncomeNetOfTax": "None", "ebit": "40536000", "ebitda": "47530000", "netIncome": "21246000"}, {"fiscalDateEnding": "2012-06-30", "reportedCurrency": "USD", "grossProfit": "112646000", "totalRevenue": "160478000", "costOfRevenue": "47832000", "costofGoodsAndServicesSold": "47832000", "operatingIncome": "37168000", "sellingGeneralAndAdministrative": "59123000", "researchAndDevelopment": "14890000", "operatingExpenses": "75478000", "investmentIncomeNet": "None", "netInterestIncome": "None", "interestIncome": "None", "interestExpense": "7907000", "nonInterestIncome": "None", "otherNonOperatingIncome": "993000", "depreciation": "None", "depreciationAndAmortization": "4506000", "incomeBeforeTax": "30254000", "incomeTaxExpense": "9505000", "interestAndDebtExpense": "None", "netIncomeFromContinuingOperations": "20749000", "comprehensiveIncomeNetOfTax": "None", "ebit": "38161000", "ebitda": "42667000", "netIncome": "20749000"}, {"fiscalDateEnding": "2012-03-31", "reportedCurrency": "USD", "grossProfit": "110707000", "totalRevenue": "159521000", "costOfRevenue": "48814000", "costofGoodsAndServicesSold": "48814000", "operatingIncome": "38196000", "sellingGeneralAndAdministrative": "57035000", "researchAndDevelopment": "13986000", "operatingExpenses": "72511000", "investmentIncomeNet": "None", "netInterestIncome": "None", "interestIncome": "None", "interestExpense": "7984000", "nonInterestIncome": "None", "otherNonOperatingIncome": "-528000", "depreciation": "None", "depreciationAndAmortization": "4521000", "incomeBeforeTax": "29684000", "incomeTaxExpense": "9672000", "interestAndDebtExpense": "None", "netIncomeFromContinuingOperations": "20012000", "comprehensiveIncomeNetOfTax": "None", "ebit": "37668000", "ebitda": "42189000", "netIncome": "20012000"}, {"fiscalDateEnding": "2011-12-31", "reportedCurrency": "USD", "grossProfit": "124375000", "totalRevenue": "170349000", "costOfRevenue": "45974000", "costofGoodsAndServicesSold": "45974000", "operatingIncome": "52072000", "sellingGeneralAndAdministrative": "57324000", "researchAndDevelopment": "13049000", "operatingExpenses": "72303000", "investmentIncomeNet": "None", "netInterestIncome": "None", "interestIncome": "None", "interestExpense": "7987000", "nonInterestIncome": "None", "otherNonOperatingIncome": "-460000", "depreciation": "None", "depreciationAndAmortization": "5528000", "incomeBeforeTax": "43625000", "incomeTaxExpense": "13628000", "interestAndDebtExpense": "None", "netIncomeFromContinuingOperations": "29997000", "comprehensiveIncomeNetOfTax": "None", "ebit": "51612000", "ebitda": "57140000", "netIncome": "29997000"}, {"fiscalDateEnding": "2011-09-30", "reportedCurrency": "USD", "grossProfit": "111486000", "totalRevenue": "160249000", "costOfRevenue": "48763000", "costofGoodsAndServicesSold": "48763000", "operatingIncome": "41103000", "sellingGeneralAndAdministrative": "54890000", "researchAndDevelopment": "13556000", "operatingExpenses": "70383000", "investmentIncomeNet": "None", "netInterestIncome": "None", "interestIncome": "None", "interestExpense": "7963000", "nonInterestIncome": "None", "otherNonOperatingIncome": "-79000", "depreciation": "None", "depreciationAndAmortization": "5574000", "incomeBeforeTax": "33061000", "incomeTaxExpense": "8442000", "interestAndDebtExpense": "None", "netIncomeFromContinuingOperations": "24619000", "comprehensiveIncomeNetOfTax": "None", "ebit": "41024000", "ebitda": "46598000", "netIncome": "24619000"}, {"fiscalDateEnding": "2011-06-30", "reportedCurrency": "USD", "grossProfit": "107281000", "totalRevenue": "150679000", "costOfRevenue": "43398000", "costofGoodsAndServicesSold": "43398000", "operatingIncome": "37406000", "sellingGeneralAndAdministrative": "53643000", "researchAndDevelopment": "14290000", "operatingExpenses": "69875000", "investmentIncomeNet": "None", "netInterestIncome": "None", "interestIncome": "None", "interestExpense": "8023000", "nonInterestIncome": "None", "otherNonOperatingIncome": "2554000", "depreciation": "None", "depreciationAndAmortization": "5853000", "incomeBeforeTax": "31937000", "incomeTaxExpense": "8748000", "interestAndDebtExpense": "None", "netIncomeFromContinuingOperations": "23189000", "comprehensiveIncomeNetOfTax": "None", "ebit": "39960000", "ebitda": "45813000", "netIncome": "23189000"}, {"fiscalDateEnding": "2011-03-31", "reportedCurrency": "USD", "grossProfit": "104318000", "totalRevenue": "152824000", "costOfRevenue": "48506000", "costofGoodsAndServicesSold": "48506000", "operatingIncome": "19192000", "sellingGeneralAndAdministrative": "55449000", "researchAndDevelopment": "16222000", "operatingExpenses": "73604000", "investmentIncomeNet": "None", "netInterestIncome": "None", "interestIncome": "None", "interestExpense": "8137000", "nonInterestIncome": "None", "otherNonOperatingIncome": "-21000", "depreciation": "None", "depreciationAndAmortization": "6315000", "incomeBeforeTax": "11034000", "incomeTaxExpense": "3289000", "interestAndDebtExpense": "None", "netIncomeFromContinuingOperations": "7745000", "comprehensiveIncomeNetOfTax": "None", "ebit": "19171000", "ebitda": "25486000", "netIncome": "7745000"}, {"fiscalDateEnding": "2010-12-31", "reportedCurrency": "USD", "grossProfit": "110128000", "totalRevenue": "155931000", "costOfRevenue": "45803000", "costofGoodsAndServicesSold": "45803000", "operatingIncome": "29636000", "sellingGeneralAndAdministrative": "59633000", "researchAndDevelopment": "18061000", "operatingExpenses": "79623000", "investmentIncomeNet": "None", "netInterestIncome": "None", "interestIncome": "None", "interestExpense": "8241000", "nonInterestIncome": "None", "otherNonOperatingIncome": "28000", "depreciation": "None", "depreciationAndAmortization": "6455000", "incomeBeforeTax": "21423000", "incomeTaxExpense": "5414000", "interestAndDebtExpense": "None", "netIncomeFromContinuingOperations": "16009000", "comprehensiveIncomeNetOfTax": "None", "ebit": "29664000", "ebitda": "36119000", "netIncome": "16009000"}, {"fiscalDateEnding": "2010-09-30", "reportedCurrency": "USD", "grossProfit": "106642000", "totalRevenue": "155098000", "costOfRevenue": "48456000", "costofGoodsAndServicesSold": "48456000", "operatingIncome": "27578000", "sellingGeneralAndAdministrative": "59286000", "researchAndDevelopment": "16178000", "operatingExpenses": "77447000", "investmentIncomeNet": "None", "netInterestIncome": "None", "interestIncome": "None", "interestExpense": "7831000", "nonInterestIncome": "None", "otherNonOperatingIncome": "None", "depreciation": "None", "depreciationAndAmortization": "7156000", "incomeBeforeTax": "20040000", "incomeTaxExpense": "4199000", "interestAndDebtExpense": "None", "netIncomeFromContinuingOperations": "0", "comprehensiveIncomeNetOfTax": "None", "ebit": "27871000", "ebitda": "35027000", "netIncome": "15841000"}, {"fiscalDateEnding": "2010-06-30", "reportedCurrency": "USD", "grossProfit": "110013000", "totalRevenue": "155329000", "costOfRevenue": "45316000", "costofGoodsAndServicesSold": "45316000", "operatingIncome": "31077000", "sellingGeneralAndAdministrative": "57077000", "researchAndDevelopment": "19176000", "operatingExpenses": "78936000", "investmentIncomeNet": "None", "netInterestIncome": "None", "interestIncome": "None", "interestExpense": "5462000", "nonInterestIncome": "None", "otherNonOperatingIncome": "1094000", "depreciation": "None", "depreciationAndAmortization": "7634000", "incomeBeforeTax": "26709000", "incomeTaxExpense": "8771000", "interestAndDebtExpense": "None", "netIncomeFromContinuingOperations": "17938000", "comprehensiveIncomeNetOfTax": "None", "ebit": "32171000", "ebitda": "39805000", "netIncome": "17938000"}, {"fiscalDateEnding": "2010-03-31", "reportedCurrency": "USD", "grossProfit": "99079000", "totalRevenue": "143720000", "costOfRevenue": "44641000", "costofGoodsAndServicesSold": "44641000", "operatingIncome": "23061000", "sellingGeneralAndAdministrative": "53697000", "researchAndDevelopment": "19251000", "operatingExpenses": "76018000", "investmentIncomeNet": "None", "netInterestIncome": "None", "interestIncome": "None", "interestExpense": "5423000", "nonInterestIncome": "None", "otherNonOperatingIncome": "None", "depreciation": "None", "depreciationAndAmortization": "8041000", "incomeBeforeTax": "19172000", "incomeTaxExpense": "6180000", "interestAndDebtExpense": "None", "netIncomeFromContinuingOperations": "0", "comprehensiveIncomeNetOfTax": "None", "ebit": "24595000", "ebitda": "32636000", "netIncome": "12992000"}, {"fiscalDateEnding": "2009-12-31", "reportedCurrency": "USD", "grossProfit": "108977000", "totalRevenue": "151496000", "costOfRevenue": "42519000", "costofGoodsAndServicesSold": "42519000", "operatingIncome": "31633000", "sellingGeneralAndAdministrative": "55203000", "researchAndDevelopment": "18976000", "operatingExpenses": "77344000", "investmentIncomeNet": "None", "netInterestIncome": "None", "interestIncome": "None", "interestExpense": "5408000", "nonInterestIncome": "None", "otherNonOperatingIncome": "None", "depreciation": "None", "depreciationAndAmortization": "8087000", "incomeBeforeTax": "26383000", "incomeTaxExpense": "8697000", "interestAndDebtExpense": "None", "netIncomeFromContinuingOperations": "0", "comprehensiveIncomeNetOfTax": "None", "ebit": "31791000", "ebitda": "39878000", "netIncome": "17686000"}, {"fiscalDateEnding": "2009-09-30", "reportedCurrency": "USD", "grossProfit": "106129000", "totalRevenue": "151922000", "costOfRevenue": "45793000", "costofGoodsAndServicesSold": "45793000", "operatingIncome": "32843000", "sellingGeneralAndAdministrative": "51800000", "researchAndDevelopment": "18217000", "operatingExpenses": "73286000", "investmentIncomeNet": "None", "netInterestIncome": "None", "interestIncome": "None", "interestExpense": "5710000", "nonInterestIncome": "None", "otherNonOperatingIncome": "None", "depreciation": "None", "depreciationAndAmortization": "9367000", "incomeBeforeTax": "27950000", "incomeTaxExpense": "10842000", "interestAndDebtExpense": "None", "netIncomeFromContinuingOperations": "0", "comprehensiveIncomeNetOfTax": "None", "ebit": "33660000", "ebitda": "43027000", "netIncome": "17108000"}, {"fiscalDateEnding": "2009-06-30", "reportedCurrency": "USD", "grossProfit": "107858000", "totalRevenue": "156018000", "costOfRevenue": "48160000", "costofGoodsAndServicesSold": "48160000", "operatingIncome": "33229000", "sellingGeneralAndAdministrative": "50290000", "researchAndDevelopment": "18364000", "operatingExpenses": "74866000", "investmentIncomeNet": "None", "netInterestIncome": "None", "interestIncome": "None", "interestExpense": "6086000", "nonInterestIncome": "None", "otherNonOperatingIncome": "None", "depreciation": "None", "depreciationAndAmortization": "3219000", "incomeBeforeTax": "28582000", "incomeTaxExpense": "10443000", "interestAndDebtExpense": "None", "netIncomeFromContinuingOperations": "0", "comprehensiveIncomeNetOfTax": "None", "ebit": "32755000", "ebitda": "35974000", "netIncome": "18139000"}, {"fiscalDateEnding": "2009-03-31", "reportedCurrency": "USD", "grossProfit": "105859000", "totalRevenue": "159335000", "costOfRevenue": "53476000", "costofGoodsAndServicesSold": "53476000", "operatingIncome": "30449000", "sellingGeneralAndAdministrative": "52460000", "researchAndDevelopment": "18924000", "operatingExpenses": "74540000", "investmentIncomeNet": "None", "netInterestIncome": "None", "interestIncome": "None", "interestExpense": "6527000", "nonInterestIncome": "None", "otherNonOperatingIncome": "None", "depreciation": "None", "depreciationAndAmortization": "9626000", "incomeBeforeTax": "24869000", "incomeTaxExpense": "6761000", "interestAndDebtExpense": "None", "netIncomeFromContinuingOperations": "0", "comprehensiveIncomeNetOfTax": "None", "ebit": "31584000", "ebitda": "41210000", "netIncome": "17745000"}, {"fiscalDateEnding": "2008-12-31", "reportedCurrency": "USD", "grossProfit": "104441000", "totalRevenue": "163460000", "costOfRevenue": "59019000", "costofGoodsAndServicesSold": "59019000", "operatingIncome": "20226000", "sellingGeneralAndAdministrative": "54769000", "researchAndDevelopment": "18121000", "operatingExpenses": "76137000", "investmentIncomeNet": "None", "netInterestIncome": "None", "interestIncome": "None", "interestExpense": "7158000", "nonInterestIncome": "None", "otherNonOperatingIncome": "None", "depreciation": "None", "depreciationAndAmortization": "9771000", "incomeBeforeTax": "16169000", "incomeTaxExpense": "4059000", "interestAndDebtExpense": "None", "netIncomeFromContinuingOperations": "0", "comprehensiveIncomeNetOfTax": "None", "ebit": "23139000", "ebitda": "32910000", "netIncome": "12110000"}, {"fiscalDateEnding": "2008-09-30", "reportedCurrency": "USD", "grossProfit": "111897000", "totalRevenue": "178187000", "costOfRevenue": "66290000", "costofGoodsAndServicesSold": "66290000", "operatingIncome": "29359000", "sellingGeneralAndAdministrative": "57781000", "researchAndDevelopment": "18884000", "operatingExpenses": "80227000", "investmentIncomeNet": "None", "netInterestIncome": "None", "interestIncome": "None", "interestExpense": "20335000", "nonInterestIncome": "None", "otherNonOperatingIncome": "None", "depreciation": "None", "depreciationAndAmortization": "9371000", "incomeBeforeTax": "25495000", "incomeTaxExpense": "1717000", "interestAndDebtExpense": "None", "netIncomeFromContinuingOperations": "0", "comprehensiveIncomeNetOfTax": "None", "ebit": "31670000", "ebitda": "41041000", "netIncome": "23778000"}, {"fiscalDateEnding": "2008-06-30", "reportedCurrency": "USD", "grossProfit": "114606000", "totalRevenue": "183315000", "costOfRevenue": "68709000", "costofGoodsAndServicesSold": "68709000", "operatingIncome": "30120000", "sellingGeneralAndAdministrative": "59734000", "researchAndDevelopment": "18779000", "operatingExpenses": "82310000", "investmentIncomeNet": "None", "netInterestIncome": "None", "interestIncome": "None", "interestExpense": "5203000", "nonInterestIncome": "None", "otherNonOperatingIncome": "None", "depreciation": "None", "depreciationAndAmortization": "10083000", "incomeBeforeTax": "28102000", "incomeTaxExpense": "9304000", "interestAndDebtExpense": "None", "netIncomeFromContinuingOperations": "0", "comprehensiveIncomeNetOfTax": "None", "ebit": "32296000", "ebitda": "42379000", "netIncome": "26501000"}, {"fiscalDateEnding": "2008-03-31", "reportedCurrency": "USD", "grossProfit": "120288000", "totalRevenue": "193234000", "costOfRevenue": "72946000", "costofGoodsAndServicesSold": "72946000", "operatingIncome": "28516000", "sellingGeneralAndAdministrative": "61365000", "researchAndDevelopment": "20662000", "operatingExpenses": "85648000", "investmentIncomeNet": "None", "netInterestIncome": "None", "interestIncome": "None", "interestExpense": "3837000", "nonInterestIncome": "None", "otherNonOperatingIncome": "None", "depreciation": "None", "depreciationAndAmortization": "10283000", "incomeBeforeTax": "27238000", "incomeTaxExpense": "9464000", "interestAndDebtExpense": "None", "netIncomeFromContinuingOperations": "0", "comprehensiveIncomeNetOfTax": "None", "ebit": "34640000", "ebitda": "44923000", "netIncome": "13487000"}, {"fiscalDateEnding": "2007-12-31", "reportedCurrency": "USD", "grossProfit": "123445000", "totalRevenue": "199385000", "costOfRevenue": "75940000", "costofGoodsAndServicesSold": "75940000", "operatingIncome": "33218000", "sellingGeneralAndAdministrative": "67511000", "researchAndDevelopment": "19615000", "operatingExpenses": "90672000", "investmentIncomeNet": "None", "netInterestIncome": "None", "interestIncome": "None", "interestExpense": "4421000", "nonInterestIncome": "None", "otherNonOperatingIncome": "None", "depreciation": "None", "depreciationAndAmortization": "9757000", "incomeBeforeTax": "31090000", "incomeTaxExpense": "10904000", "interestAndDebtExpense": "None", "netIncomeFromContinuingOperations": "0", "comprehensiveIncomeNetOfTax": "None", "ebit": "33843000", "ebitda": "43600000", "netIncome": "20186000"}, {"fiscalDateEnding": "2007-09-30", "reportedCurrency": "USD", "grossProfit": "132217000", "totalRevenue": "207227000", "costOfRevenue": "75010000", "costofGoodsAndServicesSold": "75010000", "operatingIncome": "31088000", "sellingGeneralAndAdministrative": "76402000", "researchAndDevelopment": "17824000", "operatingExpenses": "98674000", "investmentIncomeNet": "None", "netInterestIncome": "None", "interestIncome": "None", "interestExpense": "12766000", "nonInterestIncome": "None", "otherNonOperatingIncome": "None", "depreciation": "None", "depreciationAndAmortization": "10906000", "incomeBeforeTax": "31055000", "incomeTaxExpense": "2836000", "interestAndDebtExpense": "None", "netIncomeFromContinuingOperations": "0", "comprehensiveIncomeNetOfTax": "None", "ebit": "33543000", "ebitda": "44449000", "netIncome": "28219000"}, {"fiscalDateEnding": "2007-06-30", "reportedCurrency": "USD", "grossProfit": "132051000", "totalRevenue": "205782000", "costOfRevenue": "73731000", "costofGoodsAndServicesSold": "73731000", "operatingIncome": "36264000", "sellingGeneralAndAdministrative": "72476000", "researchAndDevelopment": "17275000", "operatingExpenses": "95787000", "investmentIncomeNet": "None", "netInterestIncome": "None", "interestIncome": "None", "interestExpense": "3240000", "nonInterestIncome": "None", "otherNonOperatingIncome": "None", "depreciation": "None", "depreciationAndAmortization": "12175000", "incomeBeforeTax": "36448000", "incomeTaxExpense": "12680000", "interestAndDebtExpense": "None", "netIncomeFromContinuingOperations": "0", "comprehensiveIncomeNetOfTax": "None", "ebit": "40122000", "ebitda": "52297000", "netIncome": "23768000"}, {"fiscalDateEnding": "2007-03-31", "reportedCurrency": "USD", "grossProfit": "126828000", "totalRevenue": "201000000", "costOfRevenue": "74172000", "costofGoodsAndServicesSold": "74172000", "operatingIncome": "36221000", "sellingGeneralAndAdministrative": "68015000", "researchAndDevelopment": "17781000", "operatingExpenses": "90607000", "investmentIncomeNet": "None", "netInterestIncome": "None", "interestIncome": "None", "interestExpense": "3230000", "nonInterestIncome": "None", "otherNonOperatingIncome": "None", "depreciation": "None", "depreciationAndAmortization": "12861000", "incomeBeforeTax": "36823000", "incomeTaxExpense": "15385000", "interestAndDebtExpense": "None", "netIncomeFromContinuingOperations": "0", "comprehensiveIncomeNetOfTax": "None", "ebit": "36539000", "ebitda": "49400000", "netIncome": "21438000"}, {"fiscalDateEnding": "2006-12-31", "reportedCurrency": "USD", "grossProfit": "137658000", "totalRevenue": "208227000", "costOfRevenue": "70569000", "costofGoodsAndServicesSold": "70569000", "operatingIncome": "44901000", "sellingGeneralAndAdministrative": "68648000", "researchAndDevelopment": "17719000", "operatingExpenses": "92757000", "investmentIncomeNet": "None", "netInterestIncome": "None", "interestIncome": "None", "interestExpense": "2676000", "nonInterestIncome": "None", "otherNonOperatingIncome": "None", "depreciation": "None", "depreciationAndAmortization": "13184000", "incomeBeforeTax": "45336000", "incomeTaxExpense": "14111000", "interestAndDebtExpense": "None", "netIncomeFromContinuingOperations": "0", "comprehensiveIncomeNetOfTax": "None", "ebit": "31717000", "ebitda": "44901000", "netIncome": "31225000"}, {"fiscalDateEnding": "2006-09-30", "reportedCurrency": "USD", "grossProfit": "136998000", "totalRevenue": "207289000", "costOfRevenue": "70291000", "costofGoodsAndServicesSold": "70291000", "operatingIncome": "31630000", "sellingGeneralAndAdministrative": "66967000", "researchAndDevelopment": "19173000", "operatingExpenses": "92506000", "investmentIncomeNet": "None", "netInterestIncome": "None", "interestIncome": "None", "interestExpense": "8569000", "nonInterestIncome": "None", "otherNonOperatingIncome": "None", "depreciation": "None", "depreciationAndAmortization": "12090000", "incomeBeforeTax": "33046000", "incomeTaxExpense": "10993000", "interestAndDebtExpense": "None", "netIncomeFromContinuingOperations": "0", "comprehensiveIncomeNetOfTax": "None", "ebit": "44492000", "ebitda": "56582000", "netIncome": "22053000"}, {"fiscalDateEnding": "2006-06-30", "reportedCurrency": "USD", "grossProfit": "135632000", "totalRevenue": "207129000", "costOfRevenue": "71497000", "costofGoodsAndServicesSold": "71497000", "operatingIncome": "36332000", "sellingGeneralAndAdministrative": "66338000", "researchAndDevelopment": "21370000", "operatingExpenses": "94010000", "investmentIncomeNet": "None", "netInterestIncome": "None", "interestIncome": "None", "interestExpense": "2155000", "nonInterestIncome": "None", "otherNonOperatingIncome": "None", "depreciation": "None", "depreciationAndAmortization": "12318000", "incomeBeforeTax": "39045000", "incomeTaxExpense": "13042000", "interestAndDebtExpense": "None", "netIncomeFromContinuingOperations": "0", "comprehensiveIncomeNetOfTax": "None", "ebit": "41622000", "ebitda": "53940000", "netIncome": "26003000"}, {"fiscalDateEnding": "2006-03-31", "reportedCurrency": "USD", "grossProfit": "135013000", "totalRevenue": "208157000", "costOfRevenue": "73144000", "costofGoodsAndServicesSold": "73144000", "operatingIncome": "40718000", "sellingGeneralAndAdministrative": "64157000", "researchAndDevelopment": "21694000", "operatingExpenses": "92111000", "investmentIncomeNet": "None", "netInterestIncome": "None", "interestIncome": "None", "interestExpense": "2143000", "nonInterestIncome": "None", "otherNonOperatingIncome": "None", "depreciation": "None", "depreciationAndAmortization": "12228000", "incomeBeforeTax": "42213000", "incomeTaxExpense": "15240000", "interestAndDebtExpense": "None", "netIncomeFromContinuingOperations": "0", "comprehensiveIncomeNetOfTax": "None", "ebit": "42902000", "ebitda": "55130000", "netIncome": "26973000"}, {"fiscalDateEnding": "2005-12-31", "reportedCurrency": "USD", "grossProfit": "135745000", "totalRevenue": "202790000", "costOfRevenue": "67045000", "costofGoodsAndServicesSold": "67045000", "operatingIncome": "44043000", "sellingGeneralAndAdministrative": "63383000", "researchAndDevelopment": "22730000", "operatingExpenses": "92376000", "investmentIncomeNet": "None", "netInterestIncome": "None", "interestIncome": "None", "interestExpense": "2135000", "nonInterestIncome": "None", "otherNonOperatingIncome": "None", "depreciation": "None", "depreciationAndAmortization": "12059000", "incomeBeforeTax": "44888000", "incomeTaxExpense": "16431000", "interestAndDebtExpense": "None", "netIncomeFromContinuingOperations": "0", "comprehensiveIncomeNetOfTax": "None", "ebit": "43369000", "ebitda": "55428000", "netIncome": "28457000"}, {"fiscalDateEnding": "2005-09-30", "reportedCurrency": "USD", "grossProfit": "135989000", "totalRevenue": "203297000", "costOfRevenue": "67308000", "costofGoodsAndServicesSold": "67308000", "operatingIncome": "53110000", "sellingGeneralAndAdministrative": "55621000", "researchAndDevelopment": "20998000", "operatingExpenses": "82879000", "investmentIncomeNet": "None", "netInterestIncome": "None", "interestIncome": "None", "interestExpense": "8347000", "nonInterestIncome": "None", "otherNonOperatingIncome": "None", "depreciation": "None", "depreciationAndAmortization": "13751000", "incomeBeforeTax": "54186000", "incomeTaxExpense": "18438000", "interestAndDebtExpense": "None", "netIncomeFromContinuingOperations": "0", "comprehensiveIncomeNetOfTax": "None", "ebit": "53110000", "ebitda": "66861000", "netIncome": "35748000"}, {"fiscalDateEnding": "2005-06-30", "reportedCurrency": "USD", "grossProfit": "135468000", "totalRevenue": "203807000", "costOfRevenue": "68339000", "costofGoodsAndServicesSold": "68339000", "operatingIncome": "48846000", "sellingGeneralAndAdministrative": "59126000", "researchAndDevelopment": "21176000", "operatingExpenses": "86622000", "investmentIncomeNet": "None", "netInterestIncome": "None", "interestIncome": "None", "interestExpense": "2142000", "nonInterestIncome": "None", "otherNonOperatingIncome": "None", "depreciation": "None", "depreciationAndAmortization": "13287000", "incomeBeforeTax": "49007000", "incomeTaxExpense": "12395000", "interestAndDebtExpense": "None", "netIncomeFromContinuingOperations": "0", "comprehensiveIncomeNetOfTax": "None", "ebit": "35559000", "ebitda": "48846000", "netIncome": "36612000"}, {"fiscalDateEnding": "2005-03-31", "reportedCurrency": "USD", "grossProfit": "126373000", "totalRevenue": "196021000", "costOfRevenue": "69648000", "costofGoodsAndServicesSold": "69648000", "operatingIncome": "46629000", "sellingGeneralAndAdministrative": "55085000", "researchAndDevelopment": "18123000", "operatingExpenses": "79744000", "investmentIncomeNet": "None", "netInterestIncome": "None", "interestIncome": "None", "interestExpense": "2031000", "nonInterestIncome": "None", "otherNonOperatingIncome": "None", "depreciation": "None", "depreciationAndAmortization": "13493000", "incomeBeforeTax": "46139000", "incomeTaxExpense": "11812000", "interestAndDebtExpense": "None", "netIncomeFromContinuingOperations": "0", "comprehensiveIncomeNetOfTax": "None", "ebit": "33136000", "ebitda": "46629000", "netIncome": "34327000"}, {"fiscalDateEnding": "2004-12-31", "reportedCurrency": "USD", "grossProfit": "125776000", "totalRevenue": "195546000", "costOfRevenue": "69770000", "costofGoodsAndServicesSold": "69770000", "operatingIncome": "44426000", "sellingGeneralAndAdministrative": "53568000", "researchAndDevelopment": "20998000", "operatingExpenses": "81350000", "investmentIncomeNet": "None", "netInterestIncome": "None", "interestIncome": "None", "interestExpense": "2033000", "nonInterestIncome": "None", "otherNonOperatingIncome": "None", "depreciation": "None", "depreciationAndAmortization": "13913000", "incomeBeforeTax": "44756000", "incomeTaxExpense": "16895000", "interestAndDebtExpense": "None", "netIncomeFromContinuingOperations": "0", "comprehensiveIncomeNetOfTax": "None", "ebit": "30513000", "ebitda": "44426000", "netIncome": "27861000"}]}