{"symbol": "DG", "annualReports": [{"fiscalDateEnding": "2025-01-31", "reportedCurrency": "USD", "grossProfit": "12017497000", "totalRevenue": "40612308000", "costOfRevenue": "28594811000", "costofGoodsAndServicesSold": "28594811000", "operatingIncome": "1714074000", "sellingGeneralAndAdministrative": "10303423000", "researchAndDevelopment": "None", "operatingExpenses": "10303423000", "investmentIncomeNet": "None", "netInterestIncome": "-274320000", "interestIncome": "None", "interestExpense": "274320000", "nonInterestIncome": "None", "otherNonOperatingIncome": "None", "depreciation": "None", "depreciationAndAmortization": "971703000", "incomeBeforeTax": "1439754000", "incomeTaxExpense": "314501000", "interestAndDebtExpense": "None", "netIncomeFromContinuingOperations": "1125253000", "comprehensiveIncomeNetOfTax": "None", "ebit": "1714074000", "ebitda": "2685777000", "netIncome": "1125253000"}, {"fiscalDateEnding": "2024-01-31", "reportedCurrency": "USD", "grossProfit": "11719024000", "totalRevenue": "38691609000", "costOfRevenue": "26972585000", "costofGoodsAndServicesSold": "26972585000", "operatingIncome": "2446300000", "sellingGeneralAndAdministrative": "9135424000", "researchAndDevelopment": "None", "operatingExpenses": "9272724000", "investmentIncomeNet": "None", "netInterestIncome": "-326781000", "interestIncome": "None", "interestExpense": "326781000", "nonInterestIncome": "None", "otherNonOperatingIncome": "None", "depreciation": "None", "depreciationAndAmortization": "848793000", "incomeBeforeTax": "2119518999", "incomeTaxExpense": "458245000", "interestAndDebtExpense": "None", "netIncomeFromContinuingOperations": "1661274000", "comprehensiveIncomeNetOfTax": "None", "ebit": "2446300000", "ebitda": "3295093000", "netIncome": "1661274000"}, {"fiscalDateEnding": "2023-01-31", "reportedCurrency": "USD", "grossProfit": "11820098000", "totalRevenue": "37844863000", "costOfRevenue": "26024765000", "costofGoodsAndServicesSold": "26024765000", "operatingIncome": "3328302000", "sellingGeneralAndAdministrative": "8365796000", "researchAndDevelopment": "None", "operatingExpenses": "8491796000", "investmentIncomeNet": "None", "netInterestIncome": "-211273000", "interestIncome": "211273000", "interestExpense": "211273000", "nonInterestIncome": "None", "otherNonOperatingIncome": "-415000", "depreciation": "None", "depreciationAndAmortization": "724877000", "incomeBeforeTax": "3116614000", "incomeTaxExpense": "700625000", "interestAndDebtExpense": "None", "netIncomeFromContinuingOperations": "2415989000", "comprehensiveIncomeNetOfTax": "None", "ebit": "3327887000", "ebitda": "4052764000", "netIncome": "2415989000"}, {"fiscalDateEnding": "2022-01-31", "reportedCurrency": "USD", "grossProfit": "10813006000", "totalRevenue": "34220449000", "costOfRevenue": "23407443000", "costofGoodsAndServicesSold": "23407443000", "operatingIncome": "3220675000", "sellingGeneralAndAdministrative": "7475131000", "researchAndDevelopment": "None", "operatingExpenses": "7592331000", "investmentIncomeNet": "None", "netInterestIncome": "-157526000", "interestIncome": "157526000", "interestExpense": "157526000", "nonInterestIncome": "None", "otherNonOperatingIncome": "None", "depreciation": "None", "depreciationAndAmortization": "641316000", "incomeBeforeTax": "3063149000", "incomeTaxExpense": "663917000", "interestAndDebtExpense": "None", "netIncomeFromContinuingOperations": "2399232000", "comprehensiveIncomeNetOfTax": "None", "ebit": "3220675000", "ebitda": "3861991000", "netIncome": "2399232000"}, {"fiscalDateEnding": "2021-01-31", "reportedCurrency": "USD", "grossProfit": "10718862000", "totalRevenue": "33746839000", "costOfRevenue": "23027977000", "costofGoodsAndServicesSold": "23027977000", "operatingIncome": "3554765000", "sellingGeneralAndAdministrative": "7056697000", "researchAndDevelopment": "None", "operatingExpenses": "7164097000", "investmentIncomeNet": "None", "netInterestIncome": "-150385000", "interestIncome": "150385000", "interestExpense": "150385000", "nonInterestIncome": "None", "otherNonOperatingIncome": "None", "depreciation": "None", "depreciationAndAmortization": "574237000", "incomeBeforeTax": "3404380000", "incomeTaxExpense": "749330000", "interestAndDebtExpense": "None", "netIncomeFromContinuingOperations": "2655050000", "comprehensiveIncomeNetOfTax": "None", "ebit": "3554765000", "ebitda": "4129002000", "netIncome": "2655050000"}, {"fiscalDateEnding": "2020-01-31", "reportedCurrency": "USD", "grossProfit": "8489061000", "totalRevenue": "27753973000", "costOfRevenue": "19264912000", "costofGoodsAndServicesSold": "19264912000", "operatingIncome": "2302304000", "sellingGeneralAndAdministrative": "6095757000", "researchAndDevelopment": "None", "operatingExpenses": "6186757000", "investmentIncomeNet": "None", "netInterestIncome": "-100574000", "interestIncome": "100574000", "interestExpense": "100574000", "nonInterestIncome": "None", "otherNonOperatingIncome": "None", "depreciation": "None", "depreciationAndAmortization": "504804000", "incomeBeforeTax": "2201730000", "incomeTaxExpense": "489175000", "interestAndDebtExpense": "None", "netIncomeFromContinuingOperations": "1712555000", "comprehensiveIncomeNetOfTax": "None", "ebit": "2302304000", "ebitda": "2807108000", "netIncome": "1712555000"}, {"fiscalDateEnding": "2019-01-31", "reportedCurrency": "USD", "grossProfit": "7803870000", "totalRevenue": "25625043000", "costOfRevenue": "17821173000", "costofGoodsAndServicesSold": "17821173000", "operatingIncome": "2116306000", "sellingGeneralAndAdministrative": "5617064000", "researchAndDevelopment": "0", "operatingExpenses": "5687564000", "investmentIncomeNet": "None", "netInterestIncome": "-99871000", "interestIncome": "99871000", "interestExpense": "99871000", "nonInterestIncome": "None", "otherNonOperatingIncome": "-1019000", "depreciation": "None", "depreciationAndAmortization": "454134000", "incomeBeforeTax": "2015416000", "incomeTaxExpense": "425944000", "interestAndDebtExpense": "None", "netIncomeFromContinuingOperations": "1589472000", "comprehensiveIncomeNetOfTax": "None", "ebit": "2115287000", "ebitda": "2569421000", "netIncome": "1589472000"}, {"fiscalDateEnding": "2018-01-31", "reportedCurrency": "USD", "grossProfit": "7221359000", "totalRevenue": "23470967000", "costOfRevenue": "16249608000", "costofGoodsAndServicesSold": "16249608000", "operatingIncome": "2007818000", "sellingGeneralAndAdministrative": "5144741000", "researchAndDevelopment": "0", "operatingExpenses": "5213541000", "investmentIncomeNet": "None", "netInterestIncome": "-97036000", "interestIncome": "97036000", "interestExpense": "97036000", "nonInterestIncome": "None", "otherNonOperatingIncome": "-3502000", "depreciation": "None", "depreciationAndAmortization": "404231000", "incomeBeforeTax": "1907280000", "incomeTaxExpense": "368320000", "interestAndDebtExpense": "None", "netIncomeFromContinuingOperations": "1538960000", "comprehensiveIncomeNetOfTax": "None", "ebit": "2004316000", "ebitda": "2408547000", "netIncome": "1538960000"}, {"fiscalDateEnding": "2017-01-31", "reportedCurrency": "USD", "grossProfit": "6782638000", "totalRevenue": "21986598000", "costOfRevenue": "15203960000", "costofGoodsAndServicesSold": "15203960000", "operatingIncome": "2063449000", "sellingGeneralAndAdministrative": "4636489000", "researchAndDevelopment": "0", "operatingExpenses": "4719189000", "investmentIncomeNet": "None", "netInterestIncome": "-97821000", "interestIncome": "97821000", "interestExpense": "97821000", "nonInterestIncome": "None", "otherNonOperatingIncome": "None", "depreciation": "None", "depreciationAndAmortization": "379931000", "incomeBeforeTax": "1965628000", "incomeTaxExpense": "714495000", "interestAndDebtExpense": "None", "netIncomeFromContinuingOperations": "1251133000", "comprehensiveIncomeNetOfTax": "None", "ebit": "2063449000", "ebitda": "2443380000", "netIncome": "1251133000"}, {"fiscalDateEnding": "2016-01-31", "reportedCurrency": "USD", "grossProfit": "6306091000", "totalRevenue": "20368562000", "costOfRevenue": "14062471000", "costofGoodsAndServicesSold": "14062471000", "operatingIncome": "1940294000", "sellingGeneralAndAdministrative": "4276497000", "researchAndDevelopment": "0", "operatingExpenses": "4365797000", "investmentIncomeNet": "None", "netInterestIncome": "None", "interestIncome": "86944000", "interestExpense": "86944000", "nonInterestIncome": "None", "otherNonOperatingIncome": "-326000", "depreciation": "None", "depreciationAndAmortization": "352431000", "incomeBeforeTax": "1853024000", "incomeTaxExpense": "687944000", "interestAndDebtExpense": "None", "netIncomeFromContinuingOperations": "1165080000", "comprehensiveIncomeNetOfTax": "None", "ebit": "1946194000", "ebitda": "2298625000", "netIncome": "1165080000"}, {"fiscalDateEnding": "2015-01-31", "reportedCurrency": "USD", "grossProfit": "5802507000", "totalRevenue": "18909588000", "costOfRevenue": "13107081000", "costofGoodsAndServicesSold": "13107081000", "operatingIncome": "1769093000", "sellingGeneralAndAdministrative": "3956114000", "researchAndDevelopment": "0", "operatingExpenses": "4033414000", "investmentIncomeNet": "None", "netInterestIncome": "None", "interestIncome": "None", "interestExpense": "88232000", "nonInterestIncome": "None", "otherNonOperatingIncome": "None", "depreciation": "None", "depreciationAndAmortization": "342353000", "incomeBeforeTax": "1680861000", "incomeTaxExpense": "615516000", "interestAndDebtExpense": "None", "netIncomeFromContinuingOperations": "1065345000", "comprehensiveIncomeNetOfTax": "None", "ebit": "1769093000", "ebitda": "2111446000", "netIncome": "1065345000"}, {"fiscalDateEnding": "2014-01-31", "reportedCurrency": "USD", "grossProfit": "5435742000", "totalRevenue": "17504167000", "costOfRevenue": "12068425000", "costofGoodsAndServicesSold": "12068425000", "operatingIncome": "1736185000", "sellingGeneralAndAdministrative": "3617545000", "researchAndDevelopment": "0", "operatingExpenses": "3699557000", "investmentIncomeNet": "None", "netInterestIncome": "None", "interestIncome": "None", "interestExpense": "88984000", "nonInterestIncome": "None", "otherNonOperatingIncome": "-18871000", "depreciation": "None", "depreciationAndAmortization": "332837000", "incomeBeforeTax": "1628330000", "incomeTaxExpense": "603214000", "interestAndDebtExpense": "None", "netIncomeFromContinuingOperations": "1025116000", "comprehensiveIncomeNetOfTax": "None", "ebit": "1745185000", "ebitda": "2078022000", "netIncome": "1025116000"}, {"fiscalDateEnding": "2013-01-31", "reportedCurrency": "USD", "grossProfit": "5085401000", "totalRevenue": "16022128000", "costOfRevenue": "10936727000", "costofGoodsAndServicesSold": "10936727000", "operatingIncome": "1655276000", "sellingGeneralAndAdministrative": "3368425000", "researchAndDevelopment": "0", "operatingExpenses": "3430125000", "investmentIncomeNet": "None", "netInterestIncome": "None", "interestIncome": "None", "interestExpense": "127926000", "nonInterestIncome": "None", "otherNonOperatingIncome": "-29956000", "depreciation": "None", "depreciationAndAmortization": "302911000", "incomeBeforeTax": "1497394000", "incomeTaxExpense": "544732000", "interestAndDebtExpense": "None", "netIncomeFromContinuingOperations": "1497394000", "comprehensiveIncomeNetOfTax": "None", "ebit": "1611993000", "ebitda": "1914904000", "netIncome": "952662000"}, {"fiscalDateEnding": "2012-01-31", "reportedCurrency": "USD", "grossProfit": "4697910000", "totalRevenue": "14807188000", "costOfRevenue": "10109278000", "costofGoodsAndServicesSold": "10109278000", "operatingIncome": "1490804000", "sellingGeneralAndAdministrative": "3207000000", "researchAndDevelopment": "0", "operatingExpenses": "3207106000", "investmentIncomeNet": "None", "netInterestIncome": "None", "interestIncome": "None", "interestExpense": "204991000", "nonInterestIncome": "None", "otherNonOperatingIncome": "-60524000", "depreciation": "None", "depreciationAndAmortization": "275408000", "incomeBeforeTax": "1225289000", "incomeTaxExpense": "458604000", "interestAndDebtExpense": "None", "netIncomeFromContinuingOperations": "1225289000", "comprehensiveIncomeNetOfTax": "None", "ebit": "1401647000", "ebitda": "1677055000", "netIncome": "766685000"}, {"fiscalDateEnding": "2011-01-31", "reportedCurrency": "USD", "grossProfit": "4176556000", "totalRevenue": "13035000000", "costOfRevenue": "8858444000", "costofGoodsAndServicesSold": "8858444000", "operatingIncome": "1274065000", "sellingGeneralAndAdministrative": "2835397000", "researchAndDevelopment": "None", "operatingExpenses": "2902491000", "investmentIncomeNet": "None", "netInterestIncome": "None", "interestIncome": "None", "interestExpense": "274212000", "nonInterestIncome": "None", "otherNonOperatingIncome": "None", "depreciation": "None", "depreciationAndAmortization": "254927000", "incomeBeforeTax": "984972000", "incomeTaxExpense": "357115000", "interestAndDebtExpense": "None", "netIncomeFromContinuingOperations": "None", "comprehensiveIncomeNetOfTax": "None", "ebit": "1216190000", "ebitda": "1471117000", "netIncome": "627857000"}, {"fiscalDateEnding": "2010-01-31", "reportedCurrency": "USD", "grossProfit": "3689871000", "totalRevenue": "11796380000", "costOfRevenue": "8106509000", "costofGoodsAndServicesSold": "8106509000", "operatingIncome": "953258000", "sellingGeneralAndAdministrative": "2674119000", "researchAndDevelopment": "None", "operatingExpenses": "2736613000", "investmentIncomeNet": "None", "netInterestIncome": "None", "interestIncome": "None", "interestExpense": "345744000", "nonInterestIncome": "None", "otherNonOperatingIncome": "None", "depreciation": "None", "depreciationAndAmortization": "256771000", "incomeBeforeTax": "552116000", "incomeTaxExpense": "212674000", "interestAndDebtExpense": "None", "netIncomeFromContinuingOperations": "None", "comprehensiveIncomeNetOfTax": "None", "ebit": "847720000", "ebitda": "1104491000", "netIncome": "339442000"}, {"fiscalDateEnding": "2009-01-31", "reportedCurrency": "USD", "grossProfit": "3061097000", "totalRevenue": "10457668000", "costOfRevenue": "7396571000", "costofGoodsAndServicesSold": "7396571000", "operatingIncome": "580486000", "sellingGeneralAndAdministrative": "2391312000", "researchAndDevelopment": "None", "operatingExpenses": "2448611000", "investmentIncomeNet": "None", "netInterestIncome": "None", "interestIncome": "None", "interestExpense": "391932000", "nonInterestIncome": "None", "otherNonOperatingIncome": "None", "depreciation": "None", "depreciationAndAmortization": "247899000", "incomeBeforeTax": "194403000", "incomeTaxExpense": "86221000", "interestAndDebtExpense": "None", "netIncomeFromContinuingOperations": "None", "comprehensiveIncomeNetOfTax": "None", "ebit": "586335000", "ebitda": "834234000", "netIncome": "108182000"}, {"fiscalDateEnding": "2008-01-31", "reportedCurrency": "USD", "grossProfit": "2643469000", "totalRevenue": "9495246000", "costOfRevenue": "6851777000", "costofGoodsAndServicesSold": "6851777000", "operatingIncome": "255392000", "sellingGeneralAndAdministrative": "2330778000", "researchAndDevelopment": "None", "operatingExpenses": "2388077000", "investmentIncomeNet": "None", "netInterestIncome": "None", "interestIncome": "None", "interestExpense": "263196000", "nonInterestIncome": "None", "otherNonOperatingIncome": "None", "depreciation": "None", "depreciationAndAmortization": "234130000", "incomeBeforeTax": "-2598000", "incomeTaxExpense": "10218000", "interestAndDebtExpense": "None", "netIncomeFromContinuingOperations": "None", "comprehensiveIncomeNetOfTax": "None", "ebit": "260598000", "ebitda": "494728000", "netIncome": "-12816000"}, {"fiscalDateEnding": "2007-01-31", "reportedCurrency": "USD", "grossProfit": "2368205000", "totalRevenue": "9169822000", "costOfRevenue": "6801617000", "costofGoodsAndServicesSold": "6801617000", "operatingIncome": "248276000", "sellingGeneralAndAdministrative": "43234071000", "researchAndDevelopment": "None", "operatingExpenses": "2119929000", "investmentIncomeNet": "None", "netInterestIncome": "None", "interestIncome": "None", "interestExpense": "34915000", "nonInterestIncome": "None", "otherNonOperatingIncome": "None", "depreciation": "None", "depreciationAndAmortization": "200608000", "incomeBeforeTax": "220363000", "incomeTaxExpense": "82420000", "interestAndDebtExpense": "None", "netIncomeFromContinuingOperations": "None", "comprehensiveIncomeNetOfTax": "None", "ebit": "255278000", "ebitda": "455886000", "netIncome": "137943000"}, {"fiscalDateEnding": "2006-01-31", "reportedCurrency": "USD", "grossProfit": "2464824000", "totalRevenue": "8582237000", "costOfRevenue": "6117413000", "costofGoodsAndServicesSold": "6117413000", "operatingIncome": "561867000", "sellingGeneralAndAdministrative": "43451043000", "researchAndDevelopment": "None", "operatingExpenses": "1902957000", "investmentIncomeNet": "None", "netInterestIncome": "None", "interestIncome": "None", "interestExpense": "26226000", "nonInterestIncome": "None", "otherNonOperatingIncome": "None", "depreciation": "None", "depreciationAndAmortization": "186824000", "incomeBeforeTax": "544642000", "incomeTaxExpense": "194487000", "interestAndDebtExpense": "None", "netIncomeFromContinuingOperations": "None", "comprehensiveIncomeNetOfTax": "None", "ebit": "570868000", "ebitda": "757692000", "netIncome": "350155000"}], "quarterlyReports": [{"fiscalDateEnding": "2025-01-31", "reportedCurrency": "USD", "grossProfit": "3029569000", "totalRevenue": "10304498000", "costOfRevenue": "7274929000", "costofGoodsAndServicesSold": "7274929000", "operatingIncome": "294206000", "sellingGeneralAndAdministrative": "2735363000", "researchAndDevelopment": "None", "operatingExpenses": "2735363000", "investmentIncomeNet": "None", "netInterestIncome": "-65908000", "interestIncome": "None", "interestExpense": "65908000", "nonInterestIncome": "None", "otherNonOperatingIncome": "None", "depreciation": "None", "depreciationAndAmortization": "253610000", "incomeBeforeTax": "228298000", "incomeTaxExpense": "37081000", "interestAndDebtExpense": "None", "netIncomeFromContinuingOperations": "191217000", "comprehensiveIncomeNetOfTax": "None", "ebit": "294206000", "ebitda": "547816000", "netIncome": "191217000"}, {"fiscalDateEnding": "2024-10-31", "reportedCurrency": "USD", "grossProfit": "2936300000", "totalRevenue": "10183428000", "costOfRevenue": "7247128000", "costofGoodsAndServicesSold": "7247128000", "operatingIncome": "323802000", "sellingGeneralAndAdministrative": "2612498000", "researchAndDevelopment": "None", "operatingExpenses": "2612498000", "investmentIncomeNet": "None", "netInterestIncome": "-67849000", "interestIncome": "None", "interestExpense": "67849000", "nonInterestIncome": "None", "otherNonOperatingIncome": "None", "depreciation": "None", "depreciationAndAmortization": "None", "incomeBeforeTax": "255953000", "incomeTaxExpense": "59424000", "interestAndDebtExpense": "None", "netIncomeFromContinuingOperations": "196529000", "comprehensiveIncomeNetOfTax": "None", "ebit": "None", "ebitda": "323802000", "netIncome": "196529000"}, {"fiscalDateEnding": "2024-07-31", "reportedCurrency": "USD", "grossProfit": "3059479000", "totalRevenue": "10210361000", "costOfRevenue": "7150882000", "costofGoodsAndServicesSold": "7150882000", "operatingIncome": "549962000", "sellingGeneralAndAdministrative": "2509517000", "researchAndDevelopment": "None", "operatingExpenses": "2509517000", "investmentIncomeNet": "None", "netInterestIncome": "-68130000", "interestIncome": "None", "interestExpense": "68130000", "nonInterestIncome": "None", "otherNonOperatingIncome": "None", "depreciation": "None", "depreciationAndAmortization": "238793000", "incomeBeforeTax": "481832000", "incomeTaxExpense": "107642000", "interestAndDebtExpense": "None", "netIncomeFromContinuingOperations": "374190000", "comprehensiveIncomeNetOfTax": "None", "ebit": "549962000", "ebitda": "788755000", "netIncome": "374190000"}, {"fiscalDateEnding": "2024-04-30", "reportedCurrency": "USD", "grossProfit": "2759863000", "totalRevenue": "9914021000", "costOfRevenue": "7154158000", "costofGoodsAndServicesSold": "7154158000", "operatingIncome": "546104000", "sellingGeneralAndAdministrative": "2446045000", "researchAndDevelopment": "None", "operatingExpenses": "2213759000", "investmentIncomeNet": "None", "netInterestIncome": "-72433000", "interestIncome": "None", "interestExpense": "72433000", "nonInterestIncome": "None", "otherNonOperatingIncome": "None", "depreciation": "None", "depreciationAndAmortization": "232286000", "incomeBeforeTax": "473671000", "incomeTaxExpense": "110354000", "interestAndDebtExpense": "None", "netIncomeFromContinuingOperations": "363317000", "comprehensiveIncomeNetOfTax": "None", "ebit": "546104000", "ebitda": "778390000", "netIncome": "363317000"}, {"fiscalDateEnding": "2024-01-31", "reportedCurrency": "USD", "grossProfit": "2683360000", "totalRevenue": "9858514000", "costOfRevenue": "7175154000", "costofGoodsAndServicesSold": "7175154000", "operatingIncome": "579654000", "sellingGeneralAndAdministrative": "1973106000", "researchAndDevelopment": "None", "operatingExpenses": "2103706000", "investmentIncomeNet": "None", "netInterestIncome": "-77117000", "interestIncome": "None", "interestExpense": "77117000", "nonInterestIncome": "None", "otherNonOperatingIncome": "None", "depreciation": "None", "depreciationAndAmortization": "222976000", "incomeBeforeTax": "502537000", "incomeTaxExpense": "100724000", "interestAndDebtExpense": "None", "netIncomeFromContinuingOperations": "401813000", "comprehensiveIncomeNetOfTax": "None", "ebit": "579654000", "ebitda": "802630000", "netIncome": "401813000"}, {"fiscalDateEnding": "2023-10-31", "reportedCurrency": "USD", "grossProfit": "2812528000", "totalRevenue": "9694082000", "costOfRevenue": "6881554000", "costofGoodsAndServicesSold": "6881554000", "operatingIncome": "433474000", "sellingGeneralAndAdministrative": "2379054000", "researchAndDevelopment": "None", "operatingExpenses": "2379054000", "investmentIncomeNet": "None", "netInterestIncome": "-82289000", "interestIncome": "None", "interestExpense": "82289000", "nonInterestIncome": "None", "otherNonOperatingIncome": "None", "depreciation": "None", "depreciationAndAmortization": "215530000", "incomeBeforeTax": "351185000", "incomeTaxExpense": "74939000", "interestAndDebtExpense": "None", "netIncomeFromContinuingOperations": "276246000", "comprehensiveIncomeNetOfTax": "None", "ebit": "433474000", "ebitda": "649004000", "netIncome": "276246000"}, {"fiscalDateEnding": "2023-07-31", "reportedCurrency": "USD", "grossProfit": "3044686000", "totalRevenue": "9796181000", "costOfRevenue": "6751495000", "costofGoodsAndServicesSold": "6751495000", "operatingIncome": "692314000", "sellingGeneralAndAdministrative": "2352372000", "researchAndDevelopment": "None", "operatingExpenses": "2352372000", "investmentIncomeNet": "None", "netInterestIncome": "-84337000", "interestIncome": "84337000", "interestExpense": "84337000", "nonInterestIncome": "None", "otherNonOperatingIncome": "None", "depreciation": "None", "depreciationAndAmortization": "208380000", "incomeBeforeTax": "607977000", "incomeTaxExpense": "139142000", "interestAndDebtExpense": "None", "netIncomeFromContinuingOperations": "468835000", "comprehensiveIncomeNetOfTax": "None", "ebit": "692314000", "ebitda": "900694000", "netIncome": "468835000"}, {"fiscalDateEnding": "2023-04-30", "reportedCurrency": "USD", "grossProfit": "2955474000", "totalRevenue": "9342832000", "costOfRevenue": "6387358000", "costofGoodsAndServicesSold": "6387358000", "operatingIncome": "740858000", "sellingGeneralAndAdministrative": "2214616000", "researchAndDevelopment": "None", "operatingExpenses": "2214616000", "investmentIncomeNet": "None", "netInterestIncome": "-83038000", "interestIncome": "83038000", "interestExpense": "83038000", "nonInterestIncome": "None", "otherNonOperatingIncome": "None", "depreciation": "None", "depreciationAndAmortization": "201907000", "incomeBeforeTax": "657820000", "incomeTaxExpense": "143440000", "interestAndDebtExpense": "None", "netIncomeFromContinuingOperations": "514380000", "comprehensiveIncomeNetOfTax": "None", "ebit": "740858000", "ebitda": "942765000", "netIncome": "514380000"}, {"fiscalDateEnding": "2023-01-31", "reportedCurrency": "USD", "grossProfit": "3148317000", "totalRevenue": "10202907000", "costOfRevenue": "7054590000", "costofGoodsAndServicesSold": "7054590000", "operatingIncome": "933174000", "sellingGeneralAndAdministrative": "2089143000", "researchAndDevelopment": "None", "operatingExpenses": "2215143000", "investmentIncomeNet": "None", "netInterestIncome": "-74818000", "interestIncome": "74818000", "interestExpense": "74818000", "nonInterestIncome": "None", "otherNonOperatingIncome": "None", "depreciation": "None", "depreciationAndAmortization": "192363000", "incomeBeforeTax": "858356000", "incomeTaxExpense": "199221000", "interestAndDebtExpense": "None", "netIncomeFromContinuingOperations": "659135000", "comprehensiveIncomeNetOfTax": "None", "ebit": "933174000", "ebitda": "1125537000", "netIncome": "659135000"}, {"fiscalDateEnding": "2022-10-31", "reportedCurrency": "USD", "grossProfit": "2885195000", "totalRevenue": "9464891000", "costOfRevenue": "6579696000", "costofGoodsAndServicesSold": "6579696000", "operatingIncome": "735545000", "sellingGeneralAndAdministrative": "2149650000", "researchAndDevelopment": "None", "operatingExpenses": "2149650000", "investmentIncomeNet": "None", "netInterestIncome": "-53681000", "interestIncome": "53681000", "interestExpense": "53681000", "nonInterestIncome": "None", "otherNonOperatingIncome": "-415000", "depreciation": "None", "depreciationAndAmortization": "182792000", "incomeBeforeTax": "681449000", "incomeTaxExpense": "155282000", "interestAndDebtExpense": "None", "netIncomeFromContinuingOperations": "526167000", "comprehensiveIncomeNetOfTax": "None", "ebit": "735130000", "ebitda": "917922000", "netIncome": "526167000"}, {"fiscalDateEnding": "2022-07-31", "reportedCurrency": "USD", "grossProfit": "3048223000", "totalRevenue": "9425713000", "costOfRevenue": "6377490000", "costofGoodsAndServicesSold": "6377490000", "operatingIncome": "913426000", "sellingGeneralAndAdministrative": "2134797000", "researchAndDevelopment": "None", "operatingExpenses": "2134797000", "investmentIncomeNet": "None", "netInterestIncome": "-43098000", "interestIncome": "43098000", "interestExpense": "43098000", "nonInterestIncome": "None", "otherNonOperatingIncome": "None", "depreciation": "None", "depreciationAndAmortization": "177159000", "incomeBeforeTax": "870328000", "incomeTaxExpense": "192298000", "interestAndDebtExpense": "None", "netIncomeFromContinuingOperations": "678030000", "comprehensiveIncomeNetOfTax": "None", "ebit": "913426000", "ebitda": "1090585000", "netIncome": "678030000"}, {"fiscalDateEnding": "2022-04-30", "reportedCurrency": "USD", "grossProfit": "2738363000", "totalRevenue": "8751352000", "costOfRevenue": "6012989000", "costofGoodsAndServicesSold": "6012989000", "operatingIncome": "746157000", "sellingGeneralAndAdministrative": "1992206000", "researchAndDevelopment": "None", "operatingExpenses": "1992206000", "investmentIncomeNet": "None", "netInterestIncome": "-39676000", "interestIncome": "39676000", "interestExpense": "39676000", "nonInterestIncome": "None", "otherNonOperatingIncome": "None", "depreciation": "None", "depreciationAndAmortization": "172563000", "incomeBeforeTax": "706481000", "incomeTaxExpense": "153824000", "interestAndDebtExpense": "None", "netIncomeFromContinuingOperations": "552657000", "comprehensiveIncomeNetOfTax": "None", "ebit": "746157000", "ebitda": "918720000", "netIncome": "552657000"}, {"fiscalDateEnding": "2022-01-31", "reportedCurrency": "USD", "grossProfit": "2700240000", "totalRevenue": "8651448000", "costOfRevenue": "5951208000", "costofGoodsAndServicesSold": "5951208000", "operatingIncome": "796669000", "sellingGeneralAndAdministrative": "1786371000", "researchAndDevelopment": "None", "operatingExpenses": "1903571000", "investmentIncomeNet": "None", "netInterestIncome": "-38506000", "interestIncome": "38506000", "interestExpense": "38506000", "nonInterestIncome": "None", "otherNonOperatingIncome": "None", "depreciation": "None", "depreciationAndAmortization": "166371000", "incomeBeforeTax": "758163000", "incomeTaxExpense": "160730000", "interestAndDebtExpense": "None", "netIncomeFromContinuingOperations": "597433000", "comprehensiveIncomeNetOfTax": "None", "ebit": "796669000", "ebitda": "963040000", "netIncome": "597433000"}, {"fiscalDateEnding": "2021-10-31", "reportedCurrency": "USD", "grossProfit": "2619439000", "totalRevenue": "8517839000", "costOfRevenue": "5898400000", "costofGoodsAndServicesSold": "5898400000", "operatingIncome": "665588000", "sellingGeneralAndAdministrative": "1953851000", "researchAndDevelopment": "None", "operatingExpenses": "1953851000", "investmentIncomeNet": "None", "netInterestIncome": "-39198000", "interestIncome": "39198000", "interestExpense": "39198000", "nonInterestIncome": "None", "otherNonOperatingIncome": "None", "depreciation": "None", "depreciationAndAmortization": "162263000", "incomeBeforeTax": "626390000", "incomeTaxExpense": "139359000", "interestAndDebtExpense": "None", "netIncomeFromContinuingOperations": "487031000", "comprehensiveIncomeNetOfTax": "None", "ebit": "665588000", "ebitda": "827851000", "netIncome": "487031000"}, {"fiscalDateEnding": "2021-07-31", "reportedCurrency": "USD", "grossProfit": "2737659000", "totalRevenue": "8650198000", "costOfRevenue": "5912539000", "costofGoodsAndServicesSold": "5912539000", "operatingIncome": "849568000", "sellingGeneralAndAdministrative": "1888091000", "researchAndDevelopment": "None", "operatingExpenses": "1888091000", "investmentIncomeNet": "None", "netInterestIncome": "-39430000", "interestIncome": "39430000", "interestExpense": "39430000", "nonInterestIncome": "None", "otherNonOperatingIncome": "None", "depreciation": "None", "depreciationAndAmortization": "158536000", "incomeBeforeTax": "810138000", "incomeTaxExpense": "173119000", "interestAndDebtExpense": "None", "netIncomeFromContinuingOperations": "637019000", "comprehensiveIncomeNetOfTax": "None", "ebit": "849568000", "ebitda": "1008104000", "netIncome": "637019000"}, {"fiscalDateEnding": "2021-04-30", "reportedCurrency": "USD", "grossProfit": "2755668000", "totalRevenue": "8400964000", "costOfRevenue": "5645296000", "costofGoodsAndServicesSold": "5645296000", "operatingIncome": "908850000", "sellingGeneralAndAdministrative": "1846818000", "researchAndDevelopment": "None", "operatingExpenses": "1846818000", "investmentIncomeNet": "None", "netInterestIncome": "-40392000", "interestIncome": "40392000", "interestExpense": "40392000", "nonInterestIncome": "None", "otherNonOperatingIncome": "None", "depreciation": "None", "depreciationAndAmortization": "154146000", "incomeBeforeTax": "868458000", "incomeTaxExpense": "190709000", "interestAndDebtExpense": "None", "netIncomeFromContinuingOperations": "677749000", "comprehensiveIncomeNetOfTax": "None", "ebit": "908850000", "ebitda": "1062996000", "netIncome": "677749000"}, {"fiscalDateEnding": "2021-01-31", "reportedCurrency": "USD", "grossProfit": "2736695000", "totalRevenue": "8414524000", "costOfRevenue": "5677829000", "costofGoodsAndServicesSold": "5677829000", "operatingIncome": "872224000", "sellingGeneralAndAdministrative": "1757071000", "researchAndDevelopment": "None", "operatingExpenses": "1864471000", "investmentIncomeNet": "None", "netInterestIncome": "-40268000", "interestIncome": "40268000", "interestExpense": "40268000", "nonInterestIncome": "None", "otherNonOperatingIncome": "None", "depreciation": "None", "depreciationAndAmortization": "149771000", "incomeBeforeTax": "831956000", "incomeTaxExpense": "189213000", "interestAndDebtExpense": "None", "netIncomeFromContinuingOperations": "642743000", "comprehensiveIncomeNetOfTax": "None", "ebit": "872224000", "ebitda": "1021995000", "netIncome": "642743000"}, {"fiscalDateEnding": "2020-10-31", "reportedCurrency": "USD", "grossProfit": "2568240000", "totalRevenue": "8199625000", "costOfRevenue": "5631385000", "costofGoodsAndServicesSold": "5631385000", "operatingIncome": "773130000", "sellingGeneralAndAdministrative": "1795110000", "researchAndDevelopment": "None", "operatingExpenses": "1795110000", "investmentIncomeNet": "None", "netInterestIncome": "-40298000", "interestIncome": "40298000", "interestExpense": "40298000", "nonInterestIncome": "None", "otherNonOperatingIncome": "None", "depreciation": "None", "depreciationAndAmortization": "145849000", "incomeBeforeTax": "732832000", "incomeTaxExpense": "158572000", "interestAndDebtExpense": "None", "netIncomeFromContinuingOperations": "574260000", "comprehensiveIncomeNetOfTax": "None", "ebit": "773130000", "ebitda": "918979000", "netIncome": "574260000"}, {"fiscalDateEnding": "2020-07-31", "reportedCurrency": "USD", "grossProfit": "2818235000", "totalRevenue": "8684241000", "costOfRevenue": "5866006000", "costofGoodsAndServicesSold": "5866006000", "operatingIncome": "1042627000", "sellingGeneralAndAdministrative": "1775608000", "researchAndDevelopment": "None", "operatingExpenses": "1775608000", "investmentIncomeNet": "None", "netInterestIncome": "-39326000", "interestIncome": "39326000", "interestExpense": "39326000", "nonInterestIncome": "None", "otherNonOperatingIncome": "None", "depreciation": "None", "depreciationAndAmortization": "140962000", "incomeBeforeTax": "1003301000", "incomeTaxExpense": "215700000", "interestAndDebtExpense": "None", "netIncomeFromContinuingOperations": "787601000", "comprehensiveIncomeNetOfTax": "None", "ebit": "1042627000", "ebitda": "1183589000", "netIncome": "787601000"}, {"fiscalDateEnding": "2020-04-30", "reportedCurrency": "USD", "grossProfit": "2595692000", "totalRevenue": "8448449000", "costOfRevenue": "5852757000", "costofGoodsAndServicesSold": "5852757000", "operatingIncome": "866784000", "sellingGeneralAndAdministrative": "1728908000", "researchAndDevelopment": "None", "operatingExpenses": "1728908000", "investmentIncomeNet": "None", "netInterestIncome": "-30493000", "interestIncome": "30493000", "interestExpense": "30493000", "nonInterestIncome": "None", "otherNonOperatingIncome": "None", "depreciation": "None", "depreciationAndAmortization": "137655000", "incomeBeforeTax": "836291000", "incomeTaxExpense": "185845000", "interestAndDebtExpense": "None", "netIncomeFromContinuingOperations": "650446000", "comprehensiveIncomeNetOfTax": "None", "ebit": "866784000", "ebitda": "1004439000", "netIncome": "650446000"}, {"fiscalDateEnding": "2020-01-31", "reportedCurrency": "USD", "grossProfit": "2272763000", "totalRevenue": "7157642000", "costOfRevenue": "4884879000", "costofGoodsAndServicesSold": "4884879000", "operatingIncome": "720875000", "sellingGeneralAndAdministrative": "1460888000", "researchAndDevelopment": "None", "operatingExpenses": "1551888000", "investmentIncomeNet": "None", "netInterestIncome": "-25567000", "interestIncome": "25567000", "interestExpense": "25567000", "nonInterestIncome": "None", "otherNonOperatingIncome": "None", "depreciation": "None", "depreciationAndAmortization": "132426000", "incomeBeforeTax": "695308000", "incomeTaxExpense": "159871000", "interestAndDebtExpense": "None", "netIncomeFromContinuingOperations": "535437000", "comprehensiveIncomeNetOfTax": "None", "ebit": "720875000", "ebitda": "853301000", "netIncome": "535437000"}, {"fiscalDateEnding": "2019-10-31", "reportedCurrency": "USD", "grossProfit": "2065086000", "totalRevenue": "6991393000", "costOfRevenue": "4926307000", "costofGoodsAndServicesSold": "4926307000", "operatingIncome": "491417000", "sellingGeneralAndAdministrative": "1573669000", "researchAndDevelopment": "None", "operatingExpenses": "1573669000", "investmentIncomeNet": "None", "netInterestIncome": "-24264000", "interestIncome": "24264000", "interestExpense": "24264000", "nonInterestIncome": "None", "otherNonOperatingIncome": "None", "depreciation": "None", "depreciationAndAmortization": "126470000", "incomeBeforeTax": "467153000", "incomeTaxExpense": "101603000", "interestAndDebtExpense": "None", "netIncomeFromContinuingOperations": "365550000", "comprehensiveIncomeNetOfTax": "None", "ebit": "491417000", "ebitda": "617887000", "netIncome": "365550000"}, {"fiscalDateEnding": "2019-07-31", "reportedCurrency": "USD", "grossProfit": "2148936000", "totalRevenue": "6981753000", "costOfRevenue": "4832817000", "costofGoodsAndServicesSold": "4832817000", "operatingIncome": "577775000", "sellingGeneralAndAdministrative": "1540161000", "researchAndDevelopment": "None", "operatingExpenses": "1571161000", "investmentIncomeNet": "None", "netInterestIncome": "-24810000", "interestIncome": "24810000", "interestExpense": "24810000", "nonInterestIncome": "None", "otherNonOperatingIncome": "None", "depreciation": "None", "depreciationAndAmortization": "123423000", "incomeBeforeTax": "552965000", "incomeTaxExpense": "126410000", "interestAndDebtExpense": "None", "netIncomeFromContinuingOperations": "426555000", "comprehensiveIncomeNetOfTax": "None", "ebit": "577775000", "ebitda": "701198000", "netIncome": "426555000"}, {"fiscalDateEnding": "2019-04-30", "reportedCurrency": "USD", "grossProfit": "2002276000", "totalRevenue": "6623185000", "costOfRevenue": "4620909000", "costofGoodsAndServicesSold": "4620909000", "operatingIncome": "512237000", "sellingGeneralAndAdministrative": "1490039000", "researchAndDevelopment": "None", "operatingExpenses": "1490039000", "investmentIncomeNet": "None", "netInterestIncome": "-25933000", "interestIncome": "None", "interestExpense": "25933000", "nonInterestIncome": "None", "otherNonOperatingIncome": "None", "depreciation": "None", "depreciationAndAmortization": "122485000", "incomeBeforeTax": "486304000", "incomeTaxExpense": "101291000", "interestAndDebtExpense": "None", "netIncomeFromContinuingOperations": "385013000", "comprehensiveIncomeNetOfTax": "None", "ebit": "512237000", "ebitda": "634722000", "netIncome": "385013000"}, {"fiscalDateEnding": "2019-01-31", "reportedCurrency": "USD", "grossProfit": "2071689000", "totalRevenue": "6649809000", "costOfRevenue": "4578120000", "costofGoodsAndServicesSold": "4578120000", "operatingIncome": "638503000", "sellingGeneralAndAdministrative": "1362686000", "researchAndDevelopment": "0", "operatingExpenses": "1433186000", "investmentIncomeNet": "None", "netInterestIncome": "None", "interestIncome": "None", "interestExpense": "25061000", "nonInterestIncome": "None", "otherNonOperatingIncome": "None", "depreciation": "None", "depreciationAndAmortization": "117771000", "incomeBeforeTax": "613442000", "incomeTaxExpense": "130201000", "interestAndDebtExpense": "None", "netIncomeFromContinuingOperations": "483241000", "comprehensiveIncomeNetOfTax": "None", "ebit": "638503000", "ebitda": "756274000", "netIncome": "483241000"}, {"fiscalDateEnding": "2018-10-31", "reportedCurrency": "USD", "grossProfit": "1895059000", "totalRevenue": "6417462000", "costOfRevenue": "4522403000", "costofGoodsAndServicesSold": "4522403000", "operatingIncome": "442143000", "sellingGeneralAndAdministrative": "1452916000", "researchAndDevelopment": "0", "operatingExpenses": "1452916000", "investmentIncomeNet": "None", "netInterestIncome": "None", "interestIncome": "None", "interestExpense": "24586000", "nonInterestIncome": "None", "otherNonOperatingIncome": "None", "depreciation": "None", "depreciationAndAmortization": "114852000", "incomeBeforeTax": "417557000", "incomeTaxExpense": "83415000", "interestAndDebtExpense": "None", "netIncomeFromContinuingOperations": "334142000", "comprehensiveIncomeNetOfTax": "None", "ebit": "442143000", "ebitda": "556995000", "netIncome": "334142000"}, {"fiscalDateEnding": "2018-07-31", "reportedCurrency": "USD", "grossProfit": "1974873000", "totalRevenue": "6443309000", "costOfRevenue": "4468436000", "costofGoodsAndServicesSold": "4468436000", "operatingIncome": "545476000", "sellingGeneralAndAdministrative": "1429400000", "researchAndDevelopment": "0", "operatingExpenses": "1429397000", "investmentIncomeNet": "None", "netInterestIncome": "None", "interestIncome": "None", "interestExpense": "25451000", "nonInterestIncome": "None", "otherNonOperatingIncome": "-1019000", "depreciation": "None", "depreciationAndAmortization": "112176000", "incomeBeforeTax": "519006000", "incomeTaxExpense": "111769000", "interestAndDebtExpense": "None", "netIncomeFromContinuingOperations": "407237000", "comprehensiveIncomeNetOfTax": "None", "ebit": "544457000", "ebitda": "656633000", "netIncome": "407237000"}, {"fiscalDateEnding": "2018-04-30", "reportedCurrency": "USD", "grossProfit": "1862249000", "totalRevenue": "6114463000", "costOfRevenue": "4252214000", "costofGoodsAndServicesSold": "4252214000", "operatingIncome": "490184000", "sellingGeneralAndAdministrative": "1372100000", "researchAndDevelopment": "0", "operatingExpenses": "1372065000", "investmentIncomeNet": "None", "netInterestIncome": "None", "interestIncome": "None", "interestExpense": "24773000", "nonInterestIncome": "None", "otherNonOperatingIncome": "None", "depreciation": "None", "depreciationAndAmortization": "109335000", "incomeBeforeTax": "465411000", "incomeTaxExpense": "100559000", "interestAndDebtExpense": "None", "netIncomeFromContinuingOperations": "364852000", "comprehensiveIncomeNetOfTax": "None", "ebit": "490184000", "ebitda": "599519000", "netIncome": "364852000"}, {"fiscalDateEnding": "2018-01-31", "reportedCurrency": "USD", "grossProfit": "1965398000", "totalRevenue": "6129431000", "costOfRevenue": "4164033000", "costofGoodsAndServicesSold": "4164033000", "operatingIncome": "623446000", "sellingGeneralAndAdministrative": "1273152000", "researchAndDevelopment": "0", "operatingExpenses": "1341952000", "investmentIncomeNet": "None", "netInterestIncome": "None", "interestIncome": "None", "interestExpense": "24289000", "nonInterestIncome": "None", "otherNonOperatingIncome": "None", "depreciation": "None", "depreciationAndAmortization": "105660000", "incomeBeforeTax": "599157000", "incomeTaxExpense": "-112998000", "interestAndDebtExpense": "None", "netIncomeFromContinuingOperations": "712155000", "comprehensiveIncomeNetOfTax": "None", "ebit": "623446000", "ebitda": "729106000", "netIncome": "712155000"}, {"fiscalDateEnding": "2017-10-31", "reportedCurrency": "USD", "grossProfit": "1766456000", "totalRevenue": "5903606000", "costOfRevenue": "4137150000", "costofGoodsAndServicesSold": "4137150000", "operatingIncome": "417431000", "sellingGeneralAndAdministrative": "1349000000", "researchAndDevelopment": "0", "operatingExpenses": "1349025000", "investmentIncomeNet": "None", "netInterestIncome": "None", "interestIncome": "None", "interestExpense": "23995000", "nonInterestIncome": "None", "otherNonOperatingIncome": "None", "depreciation": "None", "depreciationAndAmortization": "100955000", "incomeBeforeTax": "393436000", "incomeTaxExpense": "140903000", "interestAndDebtExpense": "None", "netIncomeFromContinuingOperations": "252533000", "comprehensiveIncomeNetOfTax": "None", "ebit": "417431000", "ebitda": "518386000", "netIncome": "252533000"}, {"fiscalDateEnding": "2017-07-31", "reportedCurrency": "USD", "grossProfit": "1790522000", "totalRevenue": "5828305000", "costOfRevenue": "4037783000", "costofGoodsAndServicesSold": "4037783000", "operatingIncome": "493146000", "sellingGeneralAndAdministrative": "1297400000", "researchAndDevelopment": "0", "operatingExpenses": "1297376000", "investmentIncomeNet": "None", "netInterestIncome": "None", "interestIncome": "None", "interestExpense": "23748000", "nonInterestIncome": "None", "otherNonOperatingIncome": "None", "depreciation": "None", "depreciationAndAmortization": "99030000", "incomeBeforeTax": "469398000", "incomeTaxExpense": "174615000", "interestAndDebtExpense": "None", "netIncomeFromContinuingOperations": "294783000", "comprehensiveIncomeNetOfTax": "None", "ebit": "493146000", "ebitda": "592176000", "netIncome": "294783000"}, {"fiscalDateEnding": "2017-04-30", "reportedCurrency": "USD", "grossProfit": "1698983000", "totalRevenue": "5609625000", "costOfRevenue": "3910642000", "costofGoodsAndServicesSold": "3910642000", "operatingIncome": "473795000", "sellingGeneralAndAdministrative": "1225200000", "researchAndDevelopment": "0", "operatingExpenses": "1225188000", "investmentIncomeNet": "None", "netInterestIncome": "None", "interestIncome": "None", "interestExpense": "25004000", "nonInterestIncome": "None", "otherNonOperatingIncome": "-3502000", "depreciation": "None", "depreciationAndAmortization": "98586000", "incomeBeforeTax": "445289000", "incomeTaxExpense": "165800000", "interestAndDebtExpense": "None", "netIncomeFromContinuingOperations": "279489000", "comprehensiveIncomeNetOfTax": "None", "ebit": "470293000", "ebitda": "568879000", "netIncome": "279489000"}, {"fiscalDateEnding": "2017-01-31", "reportedCurrency": "USD", "grossProfit": "1900747000", "totalRevenue": "6009246000", "costOfRevenue": "4108499000", "costofGoodsAndServicesSold": "4108499000", "operatingIncome": "680618000", "sellingGeneralAndAdministrative": "1137429000", "researchAndDevelopment": "0", "operatingExpenses": "1220129000", "investmentIncomeNet": "None", "netInterestIncome": "None", "interestIncome": "None", "interestExpense": "25511000", "nonInterestIncome": "None", "otherNonOperatingIncome": "None", "depreciation": "None", "depreciationAndAmortization": "97545000", "incomeBeforeTax": "655107000", "incomeTaxExpense": "240931000", "interestAndDebtExpense": "None", "netIncomeFromContinuingOperations": "414176000", "comprehensiveIncomeNetOfTax": "None", "ebit": "680618000", "ebitda": "778163000", "netIncome": "414176000"}, {"fiscalDateEnding": "2016-10-31", "reportedCurrency": "USD", "grossProfit": "1587510000", "totalRevenue": "5320029000", "costOfRevenue": "3732519000", "costofGoodsAndServicesSold": "3732519000", "operatingIncome": "392991000", "sellingGeneralAndAdministrative": "1194500000", "researchAndDevelopment": "0", "operatingExpenses": "1194519000", "investmentIncomeNet": "None", "netInterestIncome": "None", "interestIncome": "None", "interestExpense": "23877000", "nonInterestIncome": "None", "otherNonOperatingIncome": "None", "depreciation": "None", "depreciationAndAmortization": "95444000", "incomeBeforeTax": "369114000", "incomeTaxExpense": "133799000", "interestAndDebtExpense": "None", "netIncomeFromContinuingOperations": "235315000", "comprehensiveIncomeNetOfTax": "None", "ebit": "392991000", "ebitda": "488435000", "netIncome": "235315000"}, {"fiscalDateEnding": "2016-07-31", "reportedCurrency": "USD", "grossProfit": "1681767000", "totalRevenue": "5391891000", "costOfRevenue": "3710124000", "costofGoodsAndServicesSold": "3710124000", "operatingIncome": "509097000", "sellingGeneralAndAdministrative": "1172700000", "researchAndDevelopment": "0", "operatingExpenses": "1172670000", "investmentIncomeNet": "None", "netInterestIncome": "None", "interestIncome": "None", "interestExpense": "24352000", "nonInterestIncome": "None", "otherNonOperatingIncome": "None", "depreciation": "None", "depreciationAndAmortization": "94618000", "incomeBeforeTax": "484745000", "incomeTaxExpense": "178227000", "interestAndDebtExpense": "None", "netIncomeFromContinuingOperations": "306518000", "comprehensiveIncomeNetOfTax": "None", "ebit": "509097000", "ebitda": "603715000", "netIncome": "306518000"}, {"fiscalDateEnding": "2016-04-30", "reportedCurrency": "USD", "grossProfit": "1612614000", "totalRevenue": "5265432000", "costOfRevenue": "3652818000", "costofGoodsAndServicesSold": "3652818000", "operatingIncome": "480743000", "sellingGeneralAndAdministrative": "1131900000", "researchAndDevelopment": "0", "operatingExpenses": "1131871000", "investmentIncomeNet": "None", "netInterestIncome": "None", "interestIncome": "None", "interestExpense": "24081000", "nonInterestIncome": "None", "otherNonOperatingIncome": "None", "depreciation": "None", "depreciationAndAmortization": "92324000", "incomeBeforeTax": "456662000", "incomeTaxExpense": "161538000", "interestAndDebtExpense": "None", "netIncomeFromContinuingOperations": "295124000", "comprehensiveIncomeNetOfTax": "None", "ebit": "480743000", "ebitda": "573067000", "netIncome": "295124000"}, {"fiscalDateEnding": "2016-01-31", "reportedCurrency": "USD", "grossProfit": "1682269000", "totalRevenue": "5286938000", "costOfRevenue": "3604669000", "costofGoodsAndServicesSold": "3604669000", "operatingIncome": "612429000", "sellingGeneralAndAdministrative": "980540000", "researchAndDevelopment": "0", "operatingExpenses": "1069840000", "investmentIncomeNet": "None", "netInterestIncome": "None", "interestIncome": "None", "interestExpense": "23275000", "nonInterestIncome": "None", "otherNonOperatingIncome": "None", "depreciation": "None", "depreciationAndAmortization": "89144000", "incomeBeforeTax": "589154000", "incomeTaxExpense": "212979000", "interestAndDebtExpense": "None", "netIncomeFromContinuingOperations": "376175000", "comprehensiveIncomeNetOfTax": "None", "ebit": "612429000", "ebitda": "701573000", "netIncome": "376175000"}, {"fiscalDateEnding": "2015-10-31", "reportedCurrency": "USD", "grossProfit": "1536962000", "totalRevenue": "5067048000", "costOfRevenue": "3530086000", "costofGoodsAndServicesSold": "3530086000", "operatingIncome": "423859000", "sellingGeneralAndAdministrative": "1107000000", "researchAndDevelopment": "0", "operatingExpenses": "1113103000", "investmentIncomeNet": "None", "netInterestIncome": "None", "interestIncome": "None", "interestExpense": "21394000", "nonInterestIncome": "None", "otherNonOperatingIncome": "-326000", "depreciation": "None", "depreciationAndAmortization": "88553000", "incomeBeforeTax": "402139000", "incomeTaxExpense": "148818000", "interestAndDebtExpense": "None", "netIncomeFromContinuingOperations": "253321000", "comprehensiveIncomeNetOfTax": "None", "ebit": "423533000", "ebitda": "512086000", "netIncome": "253321000"}, {"fiscalDateEnding": "2015-07-31", "reportedCurrency": "USD", "grossProfit": "1588155000", "totalRevenue": "5095904000", "costOfRevenue": "3507749000", "costofGoodsAndServicesSold": "3507749000", "operatingIncome": "475812000", "sellingGeneralAndAdministrative": "1112343000", "researchAndDevelopment": "0", "operatingExpenses": "1112343000", "investmentIncomeNet": "None", "netInterestIncome": "None", "interestIncome": "None", "interestExpense": "20699000", "nonInterestIncome": "None", "otherNonOperatingIncome": "None", "depreciation": "None", "depreciationAndAmortization": "87582000", "incomeBeforeTax": "455113000", "incomeTaxExpense": "172764000", "interestAndDebtExpense": "None", "netIncomeFromContinuingOperations": "282349000", "comprehensiveIncomeNetOfTax": "None", "ebit": "475812000", "ebitda": "563394000", "netIncome": "282349000"}, {"fiscalDateEnding": "2015-04-30", "reportedCurrency": "USD", "grossProfit": "1498705000", "totalRevenue": "4918672000", "costOfRevenue": "3419967000", "costofGoodsAndServicesSold": "3419967000", "operatingIncome": "428194000", "sellingGeneralAndAdministrative": "1070500000", "researchAndDevelopment": "0", "operatingExpenses": "1070511000", "investmentIncomeNet": "None", "netInterestIncome": "None", "interestIncome": "None", "interestExpense": "21576000", "nonInterestIncome": "None", "otherNonOperatingIncome": "None", "depreciation": "None", "depreciationAndAmortization": "87152000", "incomeBeforeTax": "406618000", "incomeTaxExpense": "153383000", "interestAndDebtExpense": "None", "netIncomeFromContinuingOperations": "253235000", "comprehensiveIncomeNetOfTax": "None", "ebit": "428194000", "ebitda": "515346000", "netIncome": "253235000"}, {"fiscalDateEnding": "2015-01-31", "reportedCurrency": "USD", "grossProfit": "1565439000", "totalRevenue": "4939059000", "costOfRevenue": "3373620000", "costofGoodsAndServicesSold": "3373620000", "operatingIncome": "566716000", "sellingGeneralAndAdministrative": "921423000", "researchAndDevelopment": "0", "operatingExpenses": "998723000", "investmentIncomeNet": "None", "netInterestIncome": "None", "interestIncome": "None", "interestExpense": "21532000", "nonInterestIncome": "None", "otherNonOperatingIncome": "None", "depreciation": "None", "depreciationAndAmortization": "86594000", "incomeBeforeTax": "545184000", "incomeTaxExpense": "189813000", "interestAndDebtExpense": "None", "netIncomeFromContinuingOperations": "355371000", "comprehensiveIncomeNetOfTax": "None", "ebit": "566716000", "ebitda": "653310000", "netIncome": "355371000"}, {"fiscalDateEnding": "2014-10-31", "reportedCurrency": "USD", "grossProfit": "1423748000", "totalRevenue": "4724409000", "costOfRevenue": "3300661000", "costofGoodsAndServicesSold": "3300661000", "operatingIncome": "394143000", "sellingGeneralAndAdministrative": "1029605000", "researchAndDevelopment": "0", "operatingExpenses": "1029605000", "investmentIncomeNet": "None", "netInterestIncome": "None", "interestIncome": "None", "interestExpense": "21835000", "nonInterestIncome": "None", "otherNonOperatingIncome": "None", "depreciation": "None", "depreciationAndAmortization": "86261000", "incomeBeforeTax": "372308000", "incomeTaxExpense": "135992000", "interestAndDebtExpense": "None", "netIncomeFromContinuingOperations": "236316000", "comprehensiveIncomeNetOfTax": "None", "ebit": "394143000", "ebitda": "480404000", "netIncome": "236316000"}, {"fiscalDateEnding": "2014-07-31", "reportedCurrency": "USD", "grossProfit": "1455574000", "totalRevenue": "4724039000", "costOfRevenue": "3268465000", "costofGoodsAndServicesSold": "3268465000", "operatingIncome": "428526000", "sellingGeneralAndAdministrative": "1027000000", "researchAndDevelopment": "0", "operatingExpenses": "1027048000", "investmentIncomeNet": "None", "netInterestIncome": "None", "interestIncome": "None", "interestExpense": "22598000", "nonInterestIncome": "None", "otherNonOperatingIncome": "None", "depreciation": "None", "depreciationAndAmortization": "85340000", "incomeBeforeTax": "405928000", "incomeTaxExpense": "154668000", "interestAndDebtExpense": "None", "netIncomeFromContinuingOperations": "251260000", "comprehensiveIncomeNetOfTax": "None", "ebit": "428526000", "ebitda": "513866000", "netIncome": "251260000"}, {"fiscalDateEnding": "2014-04-30", "reportedCurrency": "USD", "grossProfit": "1357746000", "totalRevenue": "4522081000", "costOfRevenue": "3164335000", "costofGoodsAndServicesSold": "3164335000", "operatingIncome": "379708000", "sellingGeneralAndAdministrative": "978000000", "researchAndDevelopment": "0", "operatingExpenses": "978038000", "investmentIncomeNet": "None", "netInterestIncome": "None", "interestIncome": "None", "interestExpense": "22267000", "nonInterestIncome": "None", "otherNonOperatingIncome": "None", "depreciation": "None", "depreciationAndAmortization": "84158000", "incomeBeforeTax": "357441000", "incomeTaxExpense": "135043000", "interestAndDebtExpense": "None", "netIncomeFromContinuingOperations": "222398000", "comprehensiveIncomeNetOfTax": "None", "ebit": "379708000", "ebitda": "463866000", "netIncome": "222398000"}, {"fiscalDateEnding": "2014-01-31", "reportedCurrency": "USD", "grossProfit": "1434811000", "totalRevenue": "4493945000", "costOfRevenue": "3059134000", "costofGoodsAndServicesSold": "3059134000", "operatingIncome": "538122000", "sellingGeneralAndAdministrative": "814677000", "researchAndDevelopment": "0", "operatingExpenses": "896689000", "investmentIncomeNet": "None", "netInterestIncome": "None", "interestIncome": "None", "interestExpense": "22313000", "nonInterestIncome": "None", "otherNonOperatingIncome": "None", "depreciation": "None", "depreciationAndAmortization": "85165000", "incomeBeforeTax": "515809000", "incomeTaxExpense": "193636000", "interestAndDebtExpense": "None", "netIncomeFromContinuingOperations": "190643000", "comprehensiveIncomeNetOfTax": "None", "ebit": "538122000", "ebitda": "623287000", "netIncome": "322173000"}, {"fiscalDateEnding": "2013-10-31", "reportedCurrency": "USD", "grossProfit": "1328493000", "totalRevenue": "4381838000", "costOfRevenue": "3053345000", "costofGoodsAndServicesSold": "3053345000", "operatingIncome": "390241000", "sellingGeneralAndAdministrative": "938300000", "researchAndDevelopment": "0", "operatingExpenses": "938252000", "investmentIncomeNet": "None", "netInterestIncome": "None", "interestIncome": "None", "interestExpense": "21524000", "nonInterestIncome": "None", "otherNonOperatingIncome": "None", "depreciation": "None", "depreciationAndAmortization": "84435000", "incomeBeforeTax": "368717000", "incomeTaxExpense": "131332000", "interestAndDebtExpense": "None", "netIncomeFromContinuingOperations": "237385000", "comprehensiveIncomeNetOfTax": "None", "ebit": "390241000", "ebitda": "474676000", "netIncome": "237385000"}, {"fiscalDateEnding": "2013-07-31", "reportedCurrency": "USD", "grossProfit": "1377290000", "totalRevenue": "4394651000", "costOfRevenue": "3017361000", "costofGoodsAndServicesSold": "3017361000", "operatingIncome": "412822000", "sellingGeneralAndAdministrative": "964500000", "researchAndDevelopment": "0", "operatingExpenses": "964468000", "investmentIncomeNet": "None", "netInterestIncome": "None", "interestIncome": "None", "interestExpense": "20631000", "nonInterestIncome": "None", "otherNonOperatingIncome": "None", "depreciation": "None", "depreciationAndAmortization": "82744000", "incomeBeforeTax": "392191000", "incomeTaxExpense": "146716000", "interestAndDebtExpense": "None", "netIncomeFromContinuingOperations": "245475000", "comprehensiveIncomeNetOfTax": "None", "ebit": "412822000", "ebitda": "495566000", "netIncome": "245475000"}, {"fiscalDateEnding": "2013-04-30", "reportedCurrency": "USD", "grossProfit": "1295148000", "totalRevenue": "4233733000", "costOfRevenue": "2938585000", "costofGoodsAndServicesSold": "2938585000", "operatingIncome": "395000000", "sellingGeneralAndAdministrative": "900100000", "researchAndDevelopment": "0", "operatingExpenses": "900148000", "investmentIncomeNet": "None", "netInterestIncome": "None", "interestIncome": "None", "interestExpense": "24516000", "nonInterestIncome": "None", "otherNonOperatingIncome": "-18871000", "depreciation": "None", "depreciationAndAmortization": "80493000", "incomeBeforeTax": "351613000", "incomeTaxExpense": "131530000", "interestAndDebtExpense": "None", "netIncomeFromContinuingOperations": "351613000", "comprehensiveIncomeNetOfTax": "None", "ebit": "376129000", "ebitda": "456622000", "netIncome": "220083000"}, {"fiscalDateEnding": "2013-01-31", "reportedCurrency": "USD", "grossProfit": "1367799000", "totalRevenue": "4207621000", "costOfRevenue": "2839822000", "costofGoodsAndServicesSold": "2839822000", "operatingIncome": "522349000", "sellingGeneralAndAdministrative": "783750000", "researchAndDevelopment": "0", "operatingExpenses": "845450000", "investmentIncomeNet": "None", "netInterestIncome": "None", "interestIncome": "None", "interestExpense": "27460000", "nonInterestIncome": "None", "otherNonOperatingIncome": "None", "depreciation": "None", "depreciationAndAmortization": "80513000", "incomeBeforeTax": "494889000", "incomeTaxExpense": "177467000", "interestAndDebtExpense": "None", "netIncomeFromContinuingOperations": "494889000", "comprehensiveIncomeNetOfTax": "None", "ebit": "522349000", "ebitda": "602862000", "netIncome": "317422000"}, {"fiscalDateEnding": "2012-10-31", "reportedCurrency": "USD", "grossProfit": "1226123000", "totalRevenue": "3964647000", "costOfRevenue": "2738524000", "costofGoodsAndServicesSold": "2738524000", "operatingIncome": "361389000", "sellingGeneralAndAdministrative": "864700000", "researchAndDevelopment": "0", "operatingExpenses": "864734000", "investmentIncomeNet": "None", "netInterestIncome": "None", "interestIncome": "None", "interestExpense": "27726000", "nonInterestIncome": "None", "otherNonOperatingIncome": "-1728000", "depreciation": "None", "depreciationAndAmortization": "76138000", "incomeBeforeTax": "331935000", "incomeTaxExpense": "124250000", "interestAndDebtExpense": "None", "netIncomeFromContinuingOperations": "331935000", "comprehensiveIncomeNetOfTax": "None", "ebit": "359661000", "ebitda": "435799000", "netIncome": "207685000"}, {"fiscalDateEnding": "2012-07-31", "reportedCurrency": "USD", "grossProfit": "1263223000", "totalRevenue": "3948655000", "costOfRevenue": "2685432000", "costofGoodsAndServicesSold": "2685432000", "operatingIncome": "387214000", "sellingGeneralAndAdministrative": "876000000", "researchAndDevelopment": "0", "operatingExpenses": "876009000", "investmentIncomeNet": "None", "netInterestIncome": "None", "interestIncome": "None", "interestExpense": "35666000", "nonInterestIncome": "None", "otherNonOperatingIncome": "-26557000", "depreciation": "None", "depreciationAndAmortization": "73989000", "incomeBeforeTax": "324991000", "incomeTaxExpense": "110851000", "interestAndDebtExpense": "None", "netIncomeFromContinuingOperations": "324991000", "comprehensiveIncomeNetOfTax": "None", "ebit": "360657000", "ebitda": "434646000", "netIncome": "214140000"}, {"fiscalDateEnding": "2012-04-30", "reportedCurrency": "USD", "grossProfit": "1228256000", "totalRevenue": "3901205000", "costOfRevenue": "2672949000", "costofGoodsAndServicesSold": "2672949000", "operatingIncome": "384324000", "sellingGeneralAndAdministrative": "843900000", "researchAndDevelopment": "0", "operatingExpenses": "843932000", "investmentIncomeNet": "None", "netInterestIncome": "None", "interestIncome": "None", "interestExpense": "37074000", "nonInterestIncome": "None", "otherNonOperatingIncome": "-1671000", "depreciation": "None", "depreciationAndAmortization": "72271000", "incomeBeforeTax": "345579000", "incomeTaxExpense": "132164000", "interestAndDebtExpense": "None", "netIncomeFromContinuingOperations": "345579000", "comprehensiveIncomeNetOfTax": "None", "ebit": "382653000", "ebitda": "454924000", "netIncome": "213415000"}, {"fiscalDateEnding": "2012-01-31", "reportedCurrency": "USD", "grossProfit": "1346369000", "totalRevenue": "4185073000", "costOfRevenue": "2838704000", "costofGoodsAndServicesSold": "2838704000", "operatingIncome": "508240000", "sellingGeneralAndAdministrative": "838100000", "researchAndDevelopment": "0", "operatingExpenses": "838129000", "investmentIncomeNet": "None", "netInterestIncome": "None", "interestIncome": "None", "interestExpense": "40105000", "nonInterestIncome": "None", "otherNonOperatingIncome": "-15000", "depreciation": "None", "depreciationAndAmortization": "70637000", "incomeBeforeTax": "468120000", "incomeTaxExpense": "175610000", "interestAndDebtExpense": "None", "netIncomeFromContinuingOperations": "468120000", "comprehensiveIncomeNetOfTax": "None", "ebit": "293326000", "ebitda": "363963000", "netIncome": "292510000"}, {"fiscalDateEnding": "2011-10-31", "reportedCurrency": "USD", "grossProfit": "1115802000", "totalRevenue": "3595224000", "costOfRevenue": "2479422000", "costofGoodsAndServicesSold": "2479422000", "operatingIncome": "310917000", "sellingGeneralAndAdministrative": "804900000", "researchAndDevelopment": "0", "operatingExpenses": "804885000", "investmentIncomeNet": "None", "netInterestIncome": "None", "interestIncome": "None", "interestExpense": "38642000", "nonInterestIncome": "None", "otherNonOperatingIncome": "-43000", "depreciation": "None", "depreciationAndAmortization": "68900000", "incomeBeforeTax": "272232000", "incomeTaxExpense": "101068000", "interestAndDebtExpense": "None", "netIncomeFromContinuingOperations": "272232000", "comprehensiveIncomeNetOfTax": "None", "ebit": "310864000", "ebitda": "379764000", "netIncome": "171164000"}, {"fiscalDateEnding": "2011-07-31", "reportedCurrency": "USD", "grossProfit": "1148342000", "totalRevenue": "3575194000", "costOfRevenue": "2426852000", "costofGoodsAndServicesSold": "2426852000", "operatingIncome": "350029000", "sellingGeneralAndAdministrative": "798300000", "researchAndDevelopment": "0", "operatingExpenses": "798313000", "investmentIncomeNet": "None", "netInterestIncome": "None", "interestIncome": "None", "interestExpense": "60653000", "nonInterestIncome": "None", "otherNonOperatingIncome": "-58213000", "depreciation": "None", "depreciationAndAmortization": "68385000", "incomeBeforeTax": "231163000", "incomeTaxExpense": "85121000", "interestAndDebtExpense": "None", "netIncomeFromContinuingOperations": "231163000", "comprehensiveIncomeNetOfTax": "None", "ebit": "350055000", "ebitda": "418440000", "netIncome": "146042000"}, {"fiscalDateEnding": "2011-04-30", "reportedCurrency": "USD", "grossProfit": "1087397000", "totalRevenue": "3451697000", "costOfRevenue": "2364300000", "costofGoodsAndServicesSold": "2364300000", "operatingIncome": "321618000", "sellingGeneralAndAdministrative": "765800000", "researchAndDevelopment": "0", "operatingExpenses": "765779000", "investmentIncomeNet": "None", "netInterestIncome": "None", "interestIncome": "None", "interestExpense": "65591000", "nonInterestIncome": "None", "otherNonOperatingIncome": "-2253000", "depreciation": "None", "depreciationAndAmortization": "67486000", "incomeBeforeTax": "253774000", "incomeTaxExpense": "96805000", "interestAndDebtExpense": "None", "netIncomeFromContinuingOperations": "253774000", "comprehensiveIncomeNetOfTax": "None", "ebit": "319346000", "ebitda": "386832000", "netIncome": "156969000"}, {"fiscalDateEnding": "2011-01-31", "reportedCurrency": "USD", "grossProfit": "1130153000", "totalRevenue": "3486104000", "costOfRevenue": "2355951000", "costofGoodsAndServicesSold": "2355951000", "operatingIncome": "408251000", "sellingGeneralAndAdministrative": "654808000", "researchAndDevelopment": "0", "operatingExpenses": "721902000", "investmentIncomeNet": "None", "netInterestIncome": "None", "interestIncome": "None", "interestExpense": "65629000", "nonInterestIncome": "None", "otherNonOperatingIncome": "None", "depreciation": "None", "depreciationAndAmortization": "65188000", "incomeBeforeTax": "342596000", "incomeTaxExpense": "120050000", "interestAndDebtExpense": "None", "netIncomeFromContinuingOperations": "0", "comprehensiveIncomeNetOfTax": "None", "ebit": "408225000", "ebitda": "473413000", "netIncome": "222546000"}, {"fiscalDateEnding": "2010-10-31", "reportedCurrency": "USD", "grossProfit": "1010668000", "totalRevenue": "3223427000", "costOfRevenue": "2212759000", "costofGoodsAndServicesSold": "2212759000", "operatingIncome": "274334000", "sellingGeneralAndAdministrative": "736300000", "researchAndDevelopment": "0", "operatingExpenses": "736334000", "investmentIncomeNet": "None", "netInterestIncome": "None", "interestIncome": "None", "interestExpense": "67235000", "nonInterestIncome": "None", "otherNonOperatingIncome": "None", "depreciation": "None", "depreciationAndAmortization": "63583000", "incomeBeforeTax": "198877000", "incomeTaxExpense": "70757000", "interestAndDebtExpense": "None", "netIncomeFromContinuingOperations": "0", "comprehensiveIncomeNetOfTax": "None", "ebit": "266112000", "ebitda": "329695000", "netIncome": "128120000"}, {"fiscalDateEnding": "2010-07-31", "reportedCurrency": "USD", "grossProfit": "1035979000", "totalRevenue": "3214155000", "costOfRevenue": "2178176000", "costofGoodsAndServicesSold": "2178176000", "operatingIncome": "300757000", "sellingGeneralAndAdministrative": "735200000", "researchAndDevelopment": "0", "operatingExpenses": "735222000", "investmentIncomeNet": "None", "netInterestIncome": "None", "interestIncome": "None", "interestExpense": "69330000", "nonInterestIncome": "None", "otherNonOperatingIncome": "None", "depreciation": "None", "depreciationAndAmortization": "62904000", "incomeBeforeTax": "224933000", "incomeTaxExpense": "83738000", "interestAndDebtExpense": "None", "netIncomeFromContinuingOperations": "0", "comprehensiveIncomeNetOfTax": "None", "ebit": "294263000", "ebitda": "357167000", "netIncome": "141195000"}, {"fiscalDateEnding": "2010-04-30", "reportedCurrency": "USD", "grossProfit": "999756000", "totalRevenue": "3111314000", "costOfRevenue": "2111558000", "costofGoodsAndServicesSold": "2111558000", "operatingIncome": "290723000", "sellingGeneralAndAdministrative": "709033000", "researchAndDevelopment": "0", "operatingExpenses": "709033000", "investmentIncomeNet": "None", "netInterestIncome": "None", "interestIncome": "None", "interestExpense": "72018000", "nonInterestIncome": "None", "otherNonOperatingIncome": "None", "depreciation": "None", "depreciationAndAmortization": "63252000", "incomeBeforeTax": "218566000", "incomeTaxExpense": "82570000", "interestAndDebtExpense": "None", "netIncomeFromContinuingOperations": "0", "comprehensiveIncomeNetOfTax": "None", "ebit": "290584000", "ebitda": "353836000", "netIncome": "135996000"}, {"fiscalDateEnding": "2010-01-31", "reportedCurrency": "USD", "grossProfit": "1025389000", "totalRevenue": "3185785000", "costOfRevenue": "2160396000", "costofGoodsAndServicesSold": "2160396000", "operatingIncome": "278933000", "sellingGeneralAndAdministrative": "683962000", "researchAndDevelopment": "0", "operatingExpenses": "746456000", "investmentIncomeNet": "None", "netInterestIncome": "None", "interestIncome": "None", "interestExpense": "78952000", "nonInterestIncome": "None", "otherNonOperatingIncome": "None", "depreciation": "None", "depreciationAndAmortization": "62726000", "incomeBeforeTax": "144233000", "incomeTaxExpense": "57036000", "interestAndDebtExpense": "None", "netIncomeFromContinuingOperations": "0", "comprehensiveIncomeNetOfTax": "None", "ebit": "223185000", "ebitda": "285911000", "netIncome": "87197000"}, {"fiscalDateEnding": "2009-10-31", "reportedCurrency": "USD", "grossProfit": "903082000", "totalRevenue": "2928751000", "costOfRevenue": "2025669000", "costofGoodsAndServicesSold": "2025669000", "operatingIncome": "216239000", "sellingGeneralAndAdministrative": "686800000", "researchAndDevelopment": "0", "operatingExpenses": "686843000", "investmentIncomeNet": "None", "netInterestIncome": "None", "interestIncome": "None", "interestExpense": "87612000", "nonInterestIncome": "None", "otherNonOperatingIncome": "None", "depreciation": "None", "depreciationAndAmortization": "62977000", "incomeBeforeTax": "128140000", "incomeTaxExpense": "52491000", "interestAndDebtExpense": "None", "netIncomeFromContinuingOperations": "0", "comprehensiveIncomeNetOfTax": "None", "ebit": "215752000", "ebitda": "278729000", "netIncome": "75649000"}, {"fiscalDateEnding": "2009-07-31", "reportedCurrency": "USD", "grossProfit": "906042000", "totalRevenue": "2901907000", "costOfRevenue": "1995865000", "costofGoodsAndServicesSold": "1995865000", "operatingIncome": "233217000", "sellingGeneralAndAdministrative": "672825000", "researchAndDevelopment": "0", "operatingExpenses": "672825000", "investmentIncomeNet": "None", "netInterestIncome": "None", "interestIncome": "None", "interestExpense": "89945000", "nonInterestIncome": "None", "otherNonOperatingIncome": "None", "depreciation": "None", "depreciationAndAmortization": "66537000", "incomeBeforeTax": "145682000", "incomeTaxExpense": "52092000", "interestAndDebtExpense": "None", "netIncomeFromContinuingOperations": "0", "comprehensiveIncomeNetOfTax": "None", "ebit": "235627000", "ebitda": "302164000", "netIncome": "93590000"}, {"fiscalDateEnding": "2009-04-30", "reportedCurrency": "USD", "grossProfit": "855358000", "totalRevenue": "2779937000", "costOfRevenue": "1924579000", "costofGoodsAndServicesSold": "1924579000", "operatingIncome": "224869000", "sellingGeneralAndAdministrative": "630500000", "researchAndDevelopment": "0", "operatingExpenses": "630489000", "investmentIncomeNet": "None", "netInterestIncome": "None", "interestIncome": "None", "interestExpense": "89235000", "nonInterestIncome": "None", "otherNonOperatingIncome": "None", "depreciation": "None", "depreciationAndAmortization": "64531000", "incomeBeforeTax": "134061000", "incomeTaxExpense": "51055000", "interestAndDebtExpense": "None", "netIncomeFromContinuingOperations": "0", "comprehensiveIncomeNetOfTax": "None", "ebit": "223296000", "ebitda": "287827000", "netIncome": "83006000"}, {"fiscalDateEnding": "2009-01-31", "reportedCurrency": "USD", "grossProfit": "837698000", "totalRevenue": "2845848000", "costOfRevenue": "2008150000", "costofGoodsAndServicesSold": "2008150000", "operatingIncome": "222828000", "sellingGeneralAndAdministrative": "558567000", "researchAndDevelopment": "0", "operatingExpenses": "617370000", "investmentIncomeNet": "None", "netInterestIncome": "None", "interestIncome": "None", "interestExpense": "93234000", "nonInterestIncome": "None", "otherNonOperatingIncome": "None", "depreciation": "None", "depreciationAndAmortization": "63744000", "incomeBeforeTax": "133506000", "incomeTaxExpense": "51652000", "interestAndDebtExpense": "None", "netIncomeFromContinuingOperations": "0", "comprehensiveIncomeNetOfTax": "None", "ebit": "226740000", "ebitda": "290484000", "netIncome": "81854000"}, {"fiscalDateEnding": "2008-10-31", "reportedCurrency": "USD", "grossProfit": "772287000", "totalRevenue": "2598938000", "costOfRevenue": "1826651000", "costofGoodsAndServicesSold": "1826651000", "operatingIncome": "103732000", "sellingGeneralAndAdministrative": "634055000", "researchAndDevelopment": "0", "operatingExpenses": "634055000", "investmentIncomeNet": "None", "netInterestIncome": "None", "interestIncome": "None", "interestExpense": "98393000", "nonInterestIncome": "None", "otherNonOperatingIncome": "None", "depreciation": "None", "depreciationAndAmortization": "62132000", "incomeBeforeTax": "5692000", "incomeTaxExpense": "12998000", "interestAndDebtExpense": "None", "netIncomeFromContinuingOperations": "0", "comprehensiveIncomeNetOfTax": "None", "ebit": "104085000", "ebitda": "166217000", "netIncome": "-7306000"}, {"fiscalDateEnding": "2008-07-31", "reportedCurrency": "USD", "grossProfit": "758035000", "totalRevenue": "2609384000", "costOfRevenue": "1851349000", "costofGoodsAndServicesSold": "1851349000", "operatingIncome": "143055000", "sellingGeneralAndAdministrative": "615000000", "researchAndDevelopment": "0", "operatingExpenses": "614980000", "investmentIncomeNet": "None", "netInterestIncome": "None", "interestIncome": "None", "interestExpense": "99434000", "nonInterestIncome": "None", "otherNonOperatingIncome": "None", "depreciation": "None", "depreciationAndAmortization": "60617000", "incomeBeforeTax": "44546000", "incomeTaxExpense": "16828000", "interestAndDebtExpense": "None", "netIncomeFromContinuingOperations": "0", "comprehensiveIncomeNetOfTax": "None", "ebit": "143980000", "ebitda": "204597000", "netIncome": "27718000"}, {"fiscalDateEnding": "2008-04-30", "reportedCurrency": "USD", "grossProfit": "693077000", "totalRevenue": "2403498000", "costOfRevenue": "1710421000", "costofGoodsAndServicesSold": "1710421000", "operatingIncome": "110573000", "sellingGeneralAndAdministrative": "582200000", "researchAndDevelopment": "0", "operatingExpenses": "582504000", "investmentIncomeNet": "None", "netInterestIncome": "None", "interestIncome": "None", "interestExpense": "100871000", "nonInterestIncome": "None", "otherNonOperatingIncome": "None", "depreciation": "None", "depreciationAndAmortization": "61406000", "incomeBeforeTax": "10659000", "incomeTaxExpense": "4743000", "interestAndDebtExpense": "None", "netIncomeFromContinuingOperations": "0", "comprehensiveIncomeNetOfTax": "None", "ebit": "111530000", "ebitda": "172936000", "netIncome": "5916000"}, {"fiscalDateEnding": "2008-01-31", "reportedCurrency": "USD", "grossProfit": "740371000", "totalRevenue": "2559573000", "costOfRevenue": "1819202000", "costofGoodsAndServicesSold": "1819202000", "operatingIncome": "186466000", "sellingGeneralAndAdministrative": "496606000", "researchAndDevelopment": "0", "operatingExpenses": "553905000", "investmentIncomeNet": "None", "netInterestIncome": "None", "interestIncome": "None", "interestExpense": "104420000", "nonInterestIncome": "None", "otherNonOperatingIncome": "None", "depreciation": "None", "depreciationAndAmortization": "59306000", "incomeBeforeTax": "88017000", "incomeTaxExpense": "32628000", "interestAndDebtExpense": "None", "netIncomeFromContinuingOperations": "0", "comprehensiveIncomeNetOfTax": "None", "ebit": "192437000", "ebitda": "251743000", "netIncome": "55389000"}, {"fiscalDateEnding": "2007-10-31", "reportedCurrency": "USD", "grossProfit": "646800000", "totalRevenue": "2312842000", "costOfRevenue": "1666042000", "costofGoodsAndServicesSold": "1666042000", "operatingIncome": "65703000", "sellingGeneralAndAdministrative": "580200000", "researchAndDevelopment": "0", "operatingExpenses": "581097000", "investmentIncomeNet": "None", "netInterestIncome": "None", "interestIncome": "None", "interestExpense": "111957000", "nonInterestIncome": "None", "otherNonOperatingIncome": "None", "depreciation": "None", "depreciationAndAmortization": "65332000", "incomeBeforeTax": "-51650000", "incomeTaxExpense": "-18618000", "interestAndDebtExpense": "None", "netIncomeFromContinuingOperations": "0", "comprehensiveIncomeNetOfTax": "None", "ebit": "67091000", "ebitda": "132423000", "netIncome": "-33032000"}, {"fiscalDateEnding": "2007-07-31", "reportedCurrency": "USD", "grossProfit": "623238000", "totalRevenue": "2347564000", "costOfRevenue": "1724326000", "costofGoodsAndServicesSold": "1724326000", "operatingIncome": "-52140000", "sellingGeneralAndAdministrative": "579300000", "researchAndDevelopment": "0", "operatingExpenses": "675378000", "investmentIncomeNet": "None", "netInterestIncome": "None", "interestIncome": "None", "interestExpense": "40652000", "nonInterestIncome": "None", "otherNonOperatingIncome": "None", "depreciation": "None", "depreciationAndAmortization": "59041000", "incomeBeforeTax": "-88719000", "incomeTaxExpense": "-19901000", "interestAndDebtExpense": "None", "netIncomeFromContinuingOperations": "0", "comprehensiveIncomeNetOfTax": "None", "ebit": "-48067000", "ebitda": "10974000", "netIncome": "-68818000"}, {"fiscalDateEnding": "2007-04-30", "reportedCurrency": "USD", "grossProfit": "633060000", "totalRevenue": "2275267000", "costOfRevenue": "1642207000", "costofGoodsAndServicesSold": "1642207000", "operatingIncome": "55368000", "sellingGeneralAndAdministrative": "572100000", "researchAndDevelopment": "0", "operatingExpenses": "577692000", "investmentIncomeNet": "None", "netInterestIncome": "None", "interestIncome": "None", "interestExpense": "6167000", "nonInterestIncome": "None", "otherNonOperatingIncome": "None", "depreciation": "None", "depreciationAndAmortization": "50451000", "incomeBeforeTax": "51774000", "incomeTaxExpense": "16899000", "interestAndDebtExpense": "None", "netIncomeFromContinuingOperations": "0", "comprehensiveIncomeNetOfTax": "None", "ebit": "57941000", "ebitda": "108392000", "netIncome": "34875000"}, {"fiscalDateEnding": "2007-01-31", "reportedCurrency": "USD", "grossProfit": "645950000", "totalRevenue": "2553986000", "costOfRevenue": "1908036000", "costofGoodsAndServicesSold": "1908036000", "operatingIncome": "83075000", "sellingGeneralAndAdministrative": "44791125000", "researchAndDevelopment": "0", "operatingExpenses": "562875000", "investmentIncomeNet": "None", "netInterestIncome": "None", "interestIncome": "None", "interestExpense": "7891000", "nonInterestIncome": "None", "otherNonOperatingIncome": "None", "depreciation": "None", "depreciationAndAmortization": "51697000", "incomeBeforeTax": "77394000", "incomeTaxExpense": "27304000", "interestAndDebtExpense": "None", "netIncomeFromContinuingOperations": "0", "comprehensiveIncomeNetOfTax": "None", "ebit": "85285000", "ebitda": "136982000", "netIncome": "50090000"}, {"fiscalDateEnding": "2006-10-31", "reportedCurrency": "USD", "grossProfit": "526447000", "totalRevenue": "2213396000", "costOfRevenue": "1686949000", "costofGoodsAndServicesSold": "1686949000", "operatingIncome": "3339000", "sellingGeneralAndAdministrative": "523100000", "researchAndDevelopment": "0", "operatingExpenses": "523108000", "investmentIncomeNet": "None", "netInterestIncome": "None", "interestIncome": "None", "interestExpense": "10904000", "nonInterestIncome": "None", "otherNonOperatingIncome": "None", "depreciation": "None", "depreciationAndAmortization": "51431000", "incomeBeforeTax": "-6680000", "incomeTaxExpense": "-1395000", "interestAndDebtExpense": "None", "netIncomeFromContinuingOperations": "0", "comprehensiveIncomeNetOfTax": "None", "ebit": "4224000", "ebitda": "55655000", "netIncome": "-5285000"}, {"fiscalDateEnding": "2006-07-31", "reportedCurrency": "USD", "grossProfit": "611534000", "totalRevenue": "2251053000", "costOfRevenue": "1639519000", "costofGoodsAndServicesSold": "1639519000", "operatingIncome": "80577000", "sellingGeneralAndAdministrative": "531000000", "researchAndDevelopment": "0", "operatingExpenses": "530957000", "investmentIncomeNet": "None", "netInterestIncome": "None", "interestIncome": "None", "interestExpense": "8873000", "nonInterestIncome": "None", "otherNonOperatingIncome": "None", "depreciation": "None", "depreciationAndAmortization": "48702000", "incomeBeforeTax": "73161000", "incomeTaxExpense": "27693000", "interestAndDebtExpense": "None", "netIncomeFromContinuingOperations": "0", "comprehensiveIncomeNetOfTax": "None", "ebit": "82034000", "ebitda": "130736000", "netIncome": "45468000"}, {"fiscalDateEnding": "2006-04-30", "reportedCurrency": "USD", "grossProfit": "584274000", "totalRevenue": "2151387000", "costOfRevenue": "1567113000", "costofGoodsAndServicesSold": "1567113000", "operatingIncome": "81285000", "sellingGeneralAndAdministrative": "503000000", "researchAndDevelopment": "0", "operatingExpenses": "502989000", "investmentIncomeNet": "None", "netInterestIncome": "None", "interestIncome": "None", "interestExpense": "7247000", "nonInterestIncome": "None", "otherNonOperatingIncome": "None", "depreciation": "None", "depreciationAndAmortization": "48778000", "incomeBeforeTax": "76488000", "incomeTaxExpense": "28818000", "interestAndDebtExpense": "None", "netIncomeFromContinuingOperations": "0", "comprehensiveIncomeNetOfTax": "None", "ebit": "83735000", "ebitda": "132513000", "netIncome": "47670000"}, {"fiscalDateEnding": "2006-01-31", "reportedCurrency": "USD", "grossProfit": "730929000", "totalRevenue": "2480504000", "costOfRevenue": "1749575000", "costofGoodsAndServicesSold": "1749575000", "operatingIncome": "232264000", "sellingGeneralAndAdministrative": "44855335000", "researchAndDevelopment": "0", "operatingExpenses": "498665000", "investmentIncomeNet": "None", "netInterestIncome": "None", "interestIncome": "None", "interestExpense": "7593000", "nonInterestIncome": "None", "otherNonOperatingIncome": "None", "depreciation": "None", "depreciationAndAmortization": "49007000", "incomeBeforeTax": "227230000", "incomeTaxExpense": "81958000", "interestAndDebtExpense": "None", "netIncomeFromContinuingOperations": "0", "comprehensiveIncomeNetOfTax": "None", "ebit": "234823000", "ebitda": "283830000", "netIncome": "145272000"}, {"fiscalDateEnding": "2005-10-31", "reportedCurrency": "USD", "grossProfit": "579016000", "totalRevenue": "2057888000", "costOfRevenue": "1478872000", "costofGoodsAndServicesSold": "1478872000", "operatingIncome": "101612000", "sellingGeneralAndAdministrative": "477400000", "researchAndDevelopment": "0", "operatingExpenses": "477404000", "investmentIncomeNet": "None", "netInterestIncome": "None", "interestIncome": "None", "interestExpense": "5321000", "nonInterestIncome": "None", "otherNonOperatingIncome": "None", "depreciation": "None", "depreciationAndAmortization": "47501000", "incomeBeforeTax": "97961000", "incomeTaxExpense": "33536000", "interestAndDebtExpense": "None", "netIncomeFromContinuingOperations": "0", "comprehensiveIncomeNetOfTax": "None", "ebit": "103282000", "ebitda": "150783000", "netIncome": "64425000"}, {"fiscalDateEnding": "2005-07-31", "reportedCurrency": "USD", "grossProfit": "591530000", "totalRevenue": "2066016000", "costOfRevenue": "1474486000", "costofGoodsAndServicesSold": "1474486000", "operatingIncome": "121070000", "sellingGeneralAndAdministrative": "470500000", "researchAndDevelopment": "0", "operatingExpenses": "470460000", "investmentIncomeNet": "None", "netInterestIncome": "None", "interestIncome": "None", "interestExpense": "7344000", "nonInterestIncome": "None", "otherNonOperatingIncome": "None", "depreciation": "None", "depreciationAndAmortization": "46310000", "incomeBeforeTax": "115882000", "incomeTaxExpense": "40324000", "interestAndDebtExpense": "None", "netIncomeFromContinuingOperations": "0", "comprehensiveIncomeNetOfTax": "None", "ebit": "123226000", "ebitda": "169536000", "netIncome": "75558000"}, {"fiscalDateEnding": "2005-04-30", "reportedCurrency": "USD", "grossProfit": "563349000", "totalRevenue": "1977829000", "costOfRevenue": "1414480000", "costofGoodsAndServicesSold": "1414480000", "operatingIncome": "106921000", "sellingGeneralAndAdministrative": "456400000", "researchAndDevelopment": "0", "operatingExpenses": "456428000", "investmentIncomeNet": "None", "netInterestIncome": "None", "interestIncome": "None", "interestExpense": "5968000", "nonInterestIncome": "None", "otherNonOperatingIncome": "None", "depreciation": "None", "depreciationAndAmortization": "44006000", "incomeBeforeTax": "103569000", "incomeTaxExpense": "38669000", "interestAndDebtExpense": "None", "netIncomeFromContinuingOperations": "0", "comprehensiveIncomeNetOfTax": "None", "ebit": "109537000", "ebitda": "153543000", "netIncome": "64900000"}, {"fiscalDateEnding": "2005-01-31", "reportedCurrency": "USD", "grossProfit": "659977000", "totalRevenue": "2197538000", "costOfRevenue": "1537561000", "costofGoodsAndServicesSold": "1537561000", "operatingIncome": "220344000", "sellingGeneralAndAdministrative": "439600000", "researchAndDevelopment": "0", "operatingExpenses": "439633000", "investmentIncomeNet": "None", "netInterestIncome": "None", "interestIncome": "None", "interestExpense": "5372000", "nonInterestIncome": "None", "otherNonOperatingIncome": "None", "depreciation": "None", "depreciationAndAmortization": "41596000", "incomeBeforeTax": "214972000", "incomeTaxExpense": "81079000", "interestAndDebtExpense": "None", "netIncomeFromContinuingOperations": "0", "comprehensiveIncomeNetOfTax": "None", "ebit": "226919000", "ebitda": "268515000", "netIncome": "133893000"}]}