{"symbol": "TEL", "annualReports": [{"fiscalDateEnding": "2024-09-30", "reportedCurrency": "USD", "grossProfit": "5456000000", "totalRevenue": "15845000000", "costOfRevenue": "10389000000", "costofGoodsAndServicesSold": "10389000000", "operatingIncome": "2983000000", "sellingGeneralAndAdministrative": "1732000000", "researchAndDevelopment": "741000000", "operatingExpenses": "2473000000", "investmentIncomeNet": "None", "netInterestIncome": "17000000", "interestIncome": "87000000", "interestExpense": "70000000", "nonInterestIncome": "None", "otherNonOperatingIncome": "None", "depreciation": "None", "depreciationAndAmortization": "826000000", "incomeBeforeTax": "2797000000", "incomeTaxExpense": "-397000000", "interestAndDebtExpense": "None", "netIncomeFromContinuingOperations": "3194000000", "comprehensiveIncomeNetOfTax": "None", "ebit": "3022000000", "ebitda": "3848000000", "netIncome": "3193000000"}, {"fiscalDateEnding": "2023-09-30", "reportedCurrency": "USD", "grossProfit": "5055000000", "totalRevenue": "16034000000", "costOfRevenue": "10979000000", "costofGoodsAndServicesSold": "10979000000", "operatingIncome": "2304000000", "sellingGeneralAndAdministrative": "1670000000", "researchAndDevelopment": "708000000", "operatingExpenses": "2378000000", "investmentIncomeNet": "None", "netInterestIncome": "-20000000", "interestIncome": "60000000", "interestExpense": "80000000", "nonInterestIncome": "None", "otherNonOperatingIncome": "None", "depreciation": "None", "depreciationAndAmortization": "794000000", "incomeBeforeTax": "2268000000", "incomeTaxExpense": "364000000", "interestAndDebtExpense": "None", "netIncomeFromContinuingOperations": "1904000000", "comprehensiveIncomeNetOfTax": "None", "ebit": "2348000000", "ebitda": "3142000000", "netIncome": "1910000000"}, {"fiscalDateEnding": "2022-09-30", "reportedCurrency": "USD", "grossProfit": "5244000000", "totalRevenue": "16281000000", "costOfRevenue": "11037000000", "costofGoodsAndServicesSold": "11037000000", "operatingIncome": "2756000000", "sellingGeneralAndAdministrative": "1584000000", "researchAndDevelopment": "718000000", "operatingExpenses": "2302000000", "investmentIncomeNet": "None", "netInterestIncome": "-51000000", "interestIncome": "51000000", "interestExpense": "66000000", "nonInterestIncome": "None", "otherNonOperatingIncome": "43000000", "depreciation": "None", "depreciationAndAmortization": "785000000", "incomeBeforeTax": "2733000000", "incomeTaxExpense": "306000000", "interestAndDebtExpense": "None", "netIncomeFromContinuingOperations": "2427000000", "comprehensiveIncomeNetOfTax": "None", "ebit": "2799000000", "ebitda": "3584000000", "netIncome": "2428000000"}, {"fiscalDateEnding": "2021-09-30", "reportedCurrency": "USD", "grossProfit": "4887000000", "totalRevenue": "14923000000", "costOfRevenue": "10036000000", "costofGoodsAndServicesSold": "10036000000", "operatingIncome": "2434000000", "sellingGeneralAndAdministrative": "1512000000", "researchAndDevelopment": "677000000", "operatingExpenses": "2189000000", "investmentIncomeNet": "None", "netInterestIncome": "-39000000", "interestIncome": "17000000", "interestExpense": "56000000", "nonInterestIncome": "None", "otherNonOperatingIncome": "None", "depreciation": "None", "depreciationAndAmortization": "769000000", "incomeBeforeTax": "2378000000", "incomeTaxExpense": "123000000", "interestAndDebtExpense": "None", "netIncomeFromContinuingOperations": "2255000000", "comprehensiveIncomeNetOfTax": "None", "ebit": "2710000000", "ebitda": "3479000000", "netIncome": "2261000000"}, {"fiscalDateEnding": "2020-09-30", "reportedCurrency": "USD", "grossProfit": "3735000000", "totalRevenue": "12172000000", "costOfRevenue": "8437000000", "costofGoodsAndServicesSold": "8437000000", "operatingIncome": "1765000000", "sellingGeneralAndAdministrative": "1392000000", "researchAndDevelopment": "613000000", "operatingExpenses": "2005000000", "investmentIncomeNet": "None", "netInterestIncome": "-33000000", "interestIncome": "33000000", "interestExpense": "48000000", "nonInterestIncome": "None", "otherNonOperatingIncome": "35000000", "depreciation": "None", "depreciationAndAmortization": "711000000", "incomeBeforeTax": "524000000", "incomeTaxExpense": "783000000", "interestAndDebtExpense": "None", "netIncomeFromContinuingOperations": "-259000000", "comprehensiveIncomeNetOfTax": "None", "ebit": "572000000", "ebitda": "1283000000", "netIncome": "-259000000"}, {"fiscalDateEnding": "2019-09-30", "reportedCurrency": "USD", "grossProfit": "4394000000", "totalRevenue": "13448000000", "costOfRevenue": "9054000000", "costofGoodsAndServicesSold": "9054000000", "operatingIncome": "1978000000", "sellingGeneralAndAdministrative": "1490000000", "researchAndDevelopment": "644000000", "operatingExpenses": "2134000000", "investmentIncomeNet": "None", "netInterestIncome": "-49000000", "interestIncome": "19000000", "interestExpense": "68000000", "nonInterestIncome": "None", "otherNonOperatingIncome": "19000000", "depreciation": "None", "depreciationAndAmortization": "690000000", "incomeBeforeTax": "1931000000", "incomeTaxExpense": "-15000000", "interestAndDebtExpense": "None", "netIncomeFromContinuingOperations": "1946000000", "comprehensiveIncomeNetOfTax": "None", "ebit": "1999000000", "ebitda": "2689000000", "netIncome": "1844000000"}, {"fiscalDateEnding": "2018-09-30", "reportedCurrency": "USD", "grossProfit": "4745000000", "totalRevenue": "13988000000", "costOfRevenue": "9243000000", "costofGoodsAndServicesSold": "9243000000", "operatingIncome": "2331000000", "sellingGeneralAndAdministrative": "1594000000", "researchAndDevelopment": "680000000", "operatingExpenses": "2274000000", "investmentIncomeNet": "None", "netInterestIncome": "-92000000", "interestIncome": "92000000", "interestExpense": "107000000", "nonInterestIncome": "None", "otherNonOperatingIncome": "None", "depreciation": "None", "depreciationAndAmortization": "667000000", "incomeBeforeTax": "2240000000", "incomeTaxExpense": "-344000000", "interestAndDebtExpense": "None", "netIncomeFromContinuingOperations": "2584000000", "comprehensiveIncomeNetOfTax": "None", "ebit": "2347000000", "ebitda": "3014000000", "netIncome": "2565000000"}, {"fiscalDateEnding": "2017-09-30", "reportedCurrency": "USD", "grossProfit": "4450000000", "totalRevenue": "13113000000", "costOfRevenue": "8663000000", "costofGoodsAndServicesSold": "8663000000", "operatingIncome": "2047000000", "sellingGeneralAndAdministrative": "1543000000", "researchAndDevelopment": "658000000", "operatingExpenses": "2249000000", "investmentIncomeNet": "None", "netInterestIncome": "-110000000", "interestIncome": "20000000", "interestExpense": "130000000", "nonInterestIncome": "None", "otherNonOperatingIncome": "20000000", "depreciation": "None", "depreciationAndAmortization": "611000000", "incomeBeforeTax": "1928000000", "incomeTaxExpense": "255000000", "interestAndDebtExpense": "None", "netIncomeFromContinuingOperations": "1673000000", "comprehensiveIncomeNetOfTax": "None", "ebit": "1850000000", "ebitda": "2461000000", "netIncome": "1683000000"}, {"fiscalDateEnding": "2016-09-30", "reportedCurrency": "USD", "grossProfit": "4033000000", "totalRevenue": "12238000000", "costOfRevenue": "8205000000", "costofGoodsAndServicesSold": "8205000000", "operatingIncome": "1902000000", "sellingGeneralAndAdministrative": "1396000000", "researchAndDevelopment": "644000000", "operatingExpenses": "2107000000", "investmentIncomeNet": "None", "netInterestIncome": "-108000000", "interestIncome": "110000000", "interestExpense": "127000000", "nonInterestIncome": "None", "otherNonOperatingIncome": "-613000000", "depreciation": "None", "depreciationAndAmortization": "585000000", "incomeBeforeTax": "1162000000", "incomeTaxExpense": "-779000000", "interestAndDebtExpense": "None", "netIncomeFromContinuingOperations": "1941000000", "comprehensiveIncomeNetOfTax": "None", "ebit": "1289000000", "ebitda": "1874000000", "netIncome": "2009000000"}, {"fiscalDateEnding": "2015-09-30", "reportedCurrency": "USD", "grossProfit": "4087000000", "totalRevenue": "12233000000", "costOfRevenue": "8146000000", "costofGoodsAndServicesSold": "8146000000", "operatingIncome": "1749000000", "sellingGeneralAndAdministrative": "1504000000", "researchAndDevelopment": "627000000", "operatingExpenses": "2131000000", "investmentIncomeNet": "None", "netInterestIncome": "None", "interestIncome": "119000000", "interestExpense": "136000000", "nonInterestIncome": "None", "otherNonOperatingIncome": "17000000", "depreciation": "None", "depreciationAndAmortization": "616000000", "incomeBeforeTax": "1575000000", "incomeTaxExpense": "337000000", "interestAndDebtExpense": "None", "netIncomeFromContinuingOperations": "1238000000", "comprehensiveIncomeNetOfTax": "None", "ebit": "1711000000", "ebitda": "2327000000", "netIncome": "2420000000"}, {"fiscalDateEnding": "2014-09-30", "reportedCurrency": "USD", "grossProfit": "4692000000", "totalRevenue": "13912000000", "costOfRevenue": "9220000000", "costofGoodsAndServicesSold": "9220000000", "operatingIncome": "2045000000", "sellingGeneralAndAdministrative": "1882000000", "researchAndDevelopment": "675000000", "operatingExpenses": "2557000000", "investmentIncomeNet": "None", "netInterestIncome": "None", "interestIncome": "None", "interestExpense": "131000000", "nonInterestIncome": "None", "otherNonOperatingIncome": "19000000", "depreciation": "None", "depreciationAndAmortization": "617000000", "incomeBeforeTax": "1996000000", "incomeTaxExpense": "207000000", "interestAndDebtExpense": "None", "netIncomeFromContinuingOperations": "1789000000", "comprehensiveIncomeNetOfTax": "None", "ebit": "1821000000", "ebitda": "2438000000", "netIncome": "1781000000"}, {"fiscalDateEnding": "2013-09-30", "reportedCurrency": "USD", "grossProfit": "4329000000", "totalRevenue": "13280000000", "costOfRevenue": "8951000000", "costofGoodsAndServicesSold": "8951000000", "operatingIncome": "1556000000", "sellingGeneralAndAdministrative": "1777000000", "researchAndDevelopment": "675000000", "operatingExpenses": "2448000000", "investmentIncomeNet": "None", "netInterestIncome": "None", "interestIncome": "None", "interestExpense": "142000000", "nonInterestIncome": "None", "otherNonOperatingIncome": "17000000", "depreciation": "None", "depreciationAndAmortization": "607000000", "incomeBeforeTax": "1248000000", "incomeTaxExpense": "-29000000", "interestAndDebtExpense": "None", "netIncomeFromContinuingOperations": "1277000000", "comprehensiveIncomeNetOfTax": "None", "ebit": "1148000000", "ebitda": "1755000000", "netIncome": "1276000000"}, {"fiscalDateEnding": "2012-09-30", "reportedCurrency": "USD", "grossProfit": "4046000000", "totalRevenue": "13282000000", "costOfRevenue": "9236000000", "costofGoodsAndServicesSold": "9236000000", "operatingIncome": "1518000000", "sellingGeneralAndAdministrative": "1685000000", "researchAndDevelopment": "688000000", "operatingExpenses": "2373000000", "investmentIncomeNet": "None", "netInterestIncome": "None", "interestIncome": "None", "interestExpense": "176000000", "nonInterestIncome": "None", "otherNonOperatingIncome": "73000000", "depreciation": "None", "depreciationAndAmortization": "609000000", "incomeBeforeTax": "1415000000", "incomeTaxExpense": "249000000", "interestAndDebtExpense": "None", "netIncomeFromContinuingOperations": "1166000000", "comprehensiveIncomeNetOfTax": "None", "ebit": "1588000000", "ebitda": "2197000000", "netIncome": "1112000000"}, {"fiscalDateEnding": "2011-09-30", "reportedCurrency": "USD", "grossProfit": "4422000000", "totalRevenue": "14312000000", "costOfRevenue": "9890000000", "costofGoodsAndServicesSold": "9890000000", "operatingIncome": "1741000000", "sellingGeneralAndAdministrative": "1780000000", "researchAndDevelopment": "733000000", "operatingExpenses": "2513000000", "investmentIncomeNet": "None", "netInterestIncome": "None", "interestIncome": "None", "interestExpense": "161000000", "nonInterestIncome": "None", "otherNonOperatingIncome": "49000000", "depreciation": "None", "depreciationAndAmortization": "574000000", "incomeBeforeTax": "1629000000", "incomeTaxExpense": "376000000", "interestAndDebtExpense": "None", "netIncomeFromContinuingOperations": "1253000000", "comprehensiveIncomeNetOfTax": "None", "ebit": "1790000000", "ebitda": "2364000000", "netIncome": "1245000000"}, {"fiscalDateEnding": "2010-09-30", "reportedCurrency": "USD", "grossProfit": "3777000000", "totalRevenue": "12070000000", "costOfRevenue": "8293000000", "costofGoodsAndServicesSold": "8293000000", "operatingIncome": "1516000000", "sellingGeneralAndAdministrative": "1538000000", "researchAndDevelopment": "585000000", "operatingExpenses": "2123000000", "investmentIncomeNet": "None", "netInterestIncome": "None", "interestIncome": "None", "interestExpense": "155000000", "nonInterestIncome": "None", "otherNonOperatingIncome": "197000000", "depreciation": "None", "depreciationAndAmortization": "520000000", "incomeBeforeTax": "1558000000", "incomeTaxExpense": "493000000", "interestAndDebtExpense": "None", "netIncomeFromContinuingOperations": "1065000000", "comprehensiveIncomeNetOfTax": "None", "ebit": "1709000000", "ebitda": "2229000000", "netIncome": "1103000000"}, {"fiscalDateEnding": "2009-09-30", "reportedCurrency": "USD", "grossProfit": "2536000000", "totalRevenue": "10256000000", "costOfRevenue": "7720000000", "costofGoodsAndServicesSold": "7720000000", "operatingIncome": "-3474000000", "sellingGeneralAndAdministrative": "1408000000", "researchAndDevelopment": "536000000", "operatingExpenses": "1944000000", "investmentIncomeNet": "None", "netInterestIncome": "None", "interestIncome": "None", "interestExpense": "165000000", "nonInterestIncome": "None", "otherNonOperatingIncome": "-31000000", "depreciation": "None", "depreciationAndAmortization": "515000000", "incomeBeforeTax": "-3670000000", "incomeTaxExpense": "-576000000", "interestAndDebtExpense": "None", "netIncomeFromContinuingOperations": "-3094000000", "comprehensiveIncomeNetOfTax": "None", "ebit": "-3506000000", "ebitda": "-2991000000", "netIncome": "-3256000000"}, {"fiscalDateEnding": "2008-09-30", "reportedCurrency": "USD", "grossProfit": "3770000000", "totalRevenue": "14834000000", "costOfRevenue": "11064000000", "costofGoodsAndServicesSold": "11064000000", "operatingIncome": "1746000000", "sellingGeneralAndAdministrative": "1680000000", "researchAndDevelopment": "530000000", "operatingExpenses": "1839000000", "investmentIncomeNet": "None", "netInterestIncome": "None", "interestIncome": "None", "interestExpense": "190000000", "nonInterestIncome": "None", "otherNonOperatingIncome": "None", "depreciation": "None", "depreciationAndAmortization": "559000000", "incomeBeforeTax": "2157000000", "incomeTaxExpense": "558000000", "interestAndDebtExpense": "None", "netIncomeFromContinuingOperations": "None", "comprehensiveIncomeNetOfTax": "None", "ebit": "2339000000", "ebitda": "2898000000", "netIncome": "1782000000"}, {"fiscalDateEnding": "2007-09-30", "reportedCurrency": "USD", "grossProfit": "3448000000", "totalRevenue": "13460000000", "costOfRevenue": "10012000000", "costofGoodsAndServicesSold": "10012000000", "operatingIncome": "753000000", "sellingGeneralAndAdministrative": "1664000000", "researchAndDevelopment": "520000000", "operatingExpenses": "2596000000", "investmentIncomeNet": "None", "netInterestIncome": "None", "interestIncome": "None", "interestExpense": "2162000000", "nonInterestIncome": "None", "otherNonOperatingIncome": "None", "depreciation": "None", "depreciationAndAmortization": "535000000", "incomeBeforeTax": "356000000", "incomeTaxExpense": "494000000", "interestAndDebtExpense": "None", "netIncomeFromContinuingOperations": "None", "comprehensiveIncomeNetOfTax": "None", "ebit": "586000000", "ebitda": "1121000000", "netIncome": "-554000000"}, {"fiscalDateEnding": "2006-09-30", "reportedCurrency": "USD", "grossProfit": "3365000000", "totalRevenue": "12812000000", "costOfRevenue": "9447000000", "costofGoodsAndServicesSold": "9447000000", "operatingIncome": "1409000000", "sellingGeneralAndAdministrative": "1627000000", "researchAndDevelopment": "504000000", "operatingExpenses": "1956000000", "investmentIncomeNet": "None", "netInterestIncome": "None", "interestIncome": "None", "interestExpense": "184000000", "nonInterestIncome": "None", "otherNonOperatingIncome": "None", "depreciation": "None", "depreciationAndAmortization": "531000000", "incomeBeforeTax": "1201000000", "incomeTaxExpense": "32000000", "interestAndDebtExpense": "None", "netIncomeFromContinuingOperations": "None", "comprehensiveIncomeNetOfTax": "None", "ebit": "1409000000", "ebitda": "1940000000", "netIncome": "1193000000"}, {"fiscalDateEnding": "2005-09-30", "reportedCurrency": "USD", "grossProfit": "2978000000", "totalRevenue": "10924000000", "costOfRevenue": "7946000000", "costofGoodsAndServicesSold": "7946000000", "operatingIncome": "1961000000", "sellingGeneralAndAdministrative": "None", "researchAndDevelopment": "None", "operatingExpenses": "-1017000000", "investmentIncomeNet": "None", "netInterestIncome": "None", "interestIncome": "None", "interestExpense": "0", "nonInterestIncome": "None", "otherNonOperatingIncome": "None", "depreciation": "None", "depreciationAndAmortization": "8963000000", "incomeBeforeTax": "None", "incomeTaxExpense": "817000000", "interestAndDebtExpense": "None", "netIncomeFromContinuingOperations": "None", "comprehensiveIncomeNetOfTax": "None", "ebit": "1961000000", "ebitda": "10924000000", "netIncome": "1144000000"}], "quarterlyReports": [{"fiscalDateEnding": "2024-12-31", "reportedCurrency": "USD", "grossProfit": "1360000000", "totalRevenue": "3836000000", "costOfRevenue": "2476000000", "costofGoodsAndServicesSold": "2476000000", "operatingIncome": "690000000", "sellingGeneralAndAdministrative": "427000000", "researchAndDevelopment": "188000000", "operatingExpenses": "670000000", "investmentIncomeNet": "None", "netInterestIncome": "17000000", "interestIncome": "23000000", "interestExpense": "6000000", "nonInterestIncome": "None", "otherNonOperatingIncome": "None", "depreciation": "None", "depreciationAndAmortization": "186000000", "incomeBeforeTax": "706000000", "incomeTaxExpense": "178000000", "interestAndDebtExpense": "None", "netIncomeFromContinuingOperations": "528000000", "comprehensiveIncomeNetOfTax": "None", "ebit": "712000000", "ebitda": "898000000", "netIncome": "528000000"}, {"fiscalDateEnding": "2024-09-30", "reportedCurrency": "USD", "grossProfit": "1383000000", "totalRevenue": "4068000000", "costOfRevenue": "2685000000", "costofGoodsAndServicesSold": "2685000000", "operatingIncome": "755000000", "sellingGeneralAndAdministrative": "433000000", "researchAndDevelopment": "195000000", "operatingExpenses": "628000000", "investmentIncomeNet": "None", "netInterestIncome": "11000000", "interestIncome": "26000000", "interestExpense": "15000000", "nonInterestIncome": "None", "otherNonOperatingIncome": "None", "depreciation": "None", "depreciationAndAmortization": "232000000", "incomeBeforeTax": "657000000", "incomeTaxExpense": "381000000", "interestAndDebtExpense": "None", "netIncomeFromContinuingOperations": "276000000", "comprehensiveIncomeNetOfTax": "None", "ebit": "711000000", "ebitda": "943000000", "netIncome": "276000000"}, {"fiscalDateEnding": "2024-06-30", "reportedCurrency": "USD", "grossProfit": "1394000000", "totalRevenue": "3979000000", "costOfRevenue": "2585000000", "costofGoodsAndServicesSold": "2585000000", "operatingIncome": "774000000", "sellingGeneralAndAdministrative": "431000000", "researchAndDevelopment": "189000000", "operatingExpenses": "620000000", "investmentIncomeNet": "None", "netInterestIncome": "2000000", "interestIncome": "20000000", "interestExpense": "18000000", "nonInterestIncome": "None", "otherNonOperatingIncome": "None", "depreciation": "None", "depreciationAndAmortization": "208000000", "incomeBeforeTax": "754000000", "incomeTaxExpense": "181000000", "interestAndDebtExpense": "None", "netIncomeFromContinuingOperations": "573000000", "comprehensiveIncomeNetOfTax": "None", "ebit": "772000000", "ebitda": "980000000", "netIncome": "573000000"}, {"fiscalDateEnding": "2024-03-31", "reportedCurrency": "USD", "grossProfit": "1363000000", "totalRevenue": "3967000000", "costOfRevenue": "2604000000", "costofGoodsAndServicesSold": "2604000000", "operatingIncome": "735000000", "sellingGeneralAndAdministrative": "444000000", "researchAndDevelopment": "184000000", "operatingExpenses": "628000000", "investmentIncomeNet": "None", "netInterestIncome": "0", "interestIncome": "19000000", "interestExpense": "19000000", "nonInterestIncome": "None", "otherNonOperatingIncome": "None", "depreciation": "None", "depreciationAndAmortization": "192000000", "incomeBeforeTax": "687000000", "incomeTaxExpense": "146000000", "interestAndDebtExpense": "None", "netIncomeFromContinuingOperations": "541000000", "comprehensiveIncomeNetOfTax": "None", "ebit": "706000000", "ebitda": "898000000", "netIncome": "541000000"}, {"fiscalDateEnding": "2023-12-31", "reportedCurrency": "USD", "grossProfit": "1324000000", "totalRevenue": "3831000000", "costOfRevenue": "2507000000", "costofGoodsAndServicesSold": "2507000000", "operatingIncome": "698000000", "sellingGeneralAndAdministrative": "424000000", "researchAndDevelopment": "173000000", "operatingExpenses": "597000000", "investmentIncomeNet": "None", "netInterestIncome": "4000000", "interestIncome": "22000000", "interestExpense": "18000000", "nonInterestIncome": "None", "otherNonOperatingIncome": "None", "depreciation": "None", "depreciationAndAmortization": "194000000", "incomeBeforeTax": "699000000", "incomeTaxExpense": "-1105000000", "interestAndDebtExpense": "None", "netIncomeFromContinuingOperations": "1804000000", "comprehensiveIncomeNetOfTax": "None", "ebit": "717000000", "ebitda": "911000000", "netIncome": "1803000000"}, {"fiscalDateEnding": "2023-09-30", "reportedCurrency": "USD", "grossProfit": "1285000000", "totalRevenue": "4035000000", "costOfRevenue": "2750000000", "costofGoodsAndServicesSold": "2750000000", "operatingIncome": "635000000", "sellingGeneralAndAdministrative": "412000000", "researchAndDevelopment": "174000000", "operatingExpenses": "586000000", "investmentIncomeNet": "None", "netInterestIncome": "2000000", "interestIncome": "21000000", "interestExpense": "19000000", "nonInterestIncome": "None", "otherNonOperatingIncome": "None", "depreciation": "None", "depreciationAndAmortization": "223000000", "incomeBeforeTax": "634000000", "incomeTaxExpense": "81000000", "interestAndDebtExpense": "None", "netIncomeFromContinuingOperations": "553000000", "comprehensiveIncomeNetOfTax": "None", "ebit": "653000000", "ebitda": "876000000", "netIncome": "552000000"}, {"fiscalDateEnding": "2023-06-30", "reportedCurrency": "USD", "grossProfit": "1299000000", "totalRevenue": "3998000000", "costOfRevenue": "2699000000", "costofGoodsAndServicesSold": "2699000000", "operatingIncome": "630000000", "sellingGeneralAndAdministrative": "431000000", "researchAndDevelopment": "176000000", "operatingExpenses": "607000000", "investmentIncomeNet": "None", "netInterestIncome": "-2000000", "interestIncome": "18000000", "interestExpense": "20000000", "nonInterestIncome": "None", "otherNonOperatingIncome": "14000000", "depreciation": "None", "depreciationAndAmortization": "200000000", "incomeBeforeTax": "624000000", "incomeTaxExpense": "96000000", "interestAndDebtExpense": "None", "netIncomeFromContinuingOperations": "528000000", "comprehensiveIncomeNetOfTax": "None", "ebit": "644000000", "ebitda": "844000000", "netIncome": "528000000"}, {"fiscalDateEnding": "2023-03-31", "reportedCurrency": "USD", "grossProfit": "1284000000", "totalRevenue": "4160000000", "costOfRevenue": "2876000000", "costofGoodsAndServicesSold": "2876000000", "operatingIncome": "537000000", "sellingGeneralAndAdministrative": "435000000", "researchAndDevelopment": "185000000", "operatingExpenses": "620000000", "investmentIncomeNet": "None", "netInterestIncome": "-8000000", "interestIncome": "12000000", "interestExpense": "20000000", "nonInterestIncome": "None", "otherNonOperatingIncome": "8000000", "depreciation": "None", "depreciationAndAmortization": "207000000", "incomeBeforeTax": "525000000", "incomeTaxExpense": "100000000", "interestAndDebtExpense": "None", "netIncomeFromContinuingOperations": "425000000", "comprehensiveIncomeNetOfTax": "None", "ebit": "545000000", "ebitda": "752000000", "netIncome": "433000000"}, {"fiscalDateEnding": "2022-12-31", "reportedCurrency": "USD", "grossProfit": "1187000000", "totalRevenue": "3841000000", "costOfRevenue": "2654000000", "costofGoodsAndServicesSold": "2654000000", "operatingIncome": "502000000", "sellingGeneralAndAdministrative": "392000000", "researchAndDevelopment": "173000000", "operatingExpenses": "565000000", "investmentIncomeNet": "None", "netInterestIncome": "-12000000", "interestIncome": "12000000", "interestExpense": "21000000", "nonInterestIncome": "None", "otherNonOperatingIncome": "4000000", "depreciation": "None", "depreciationAndAmortization": "187000000", "incomeBeforeTax": "485000000", "incomeTaxExpense": "87000000", "interestAndDebtExpense": "None", "netIncomeFromContinuingOperations": "398000000", "comprehensiveIncomeNetOfTax": "None", "ebit": "506000000", "ebitda": "693000000", "netIncome": "397000000"}, {"fiscalDateEnding": "2022-09-30", "reportedCurrency": "USD", "grossProfit": "1349000000", "totalRevenue": "4359000000", "costOfRevenue": "3010000000", "costofGoodsAndServicesSold": "3010000000", "operatingIncome": "660000000", "sellingGeneralAndAdministrative": "412000000", "researchAndDevelopment": "179000000", "operatingExpenses": "591000000", "investmentIncomeNet": "None", "netInterestIncome": "-12000000", "interestIncome": "12000000", "interestExpense": "18000000", "nonInterestIncome": "None", "otherNonOperatingIncome": "10000000", "depreciation": "None", "depreciationAndAmortization": "221000000", "incomeBeforeTax": "652000000", "incomeTaxExpense": "-56000000", "interestAndDebtExpense": "None", "netIncomeFromContinuingOperations": "708000000", "comprehensiveIncomeNetOfTax": "None", "ebit": "670000000", "ebitda": "891000000", "netIncome": "708000000"}, {"fiscalDateEnding": "2022-06-30", "reportedCurrency": "USD", "grossProfit": "1317000000", "totalRevenue": "4097000000", "costOfRevenue": "2780000000", "costofGoodsAndServicesSold": "2780000000", "operatingIncome": "732000000", "sellingGeneralAndAdministrative": "393000000", "researchAndDevelopment": "179000000", "operatingExpenses": "585000000", "investmentIncomeNet": "None", "netInterestIncome": "-15000000", "interestIncome": "3000000", "interestExpense": "18000000", "nonInterestIncome": "None", "otherNonOperatingIncome": "7000000", "depreciation": "None", "depreciationAndAmortization": "205000000", "incomeBeforeTax": "708000000", "incomeTaxExpense": "116000000", "interestAndDebtExpense": "None", "netIncomeFromContinuingOperations": "592000000", "comprehensiveIncomeNetOfTax": "None", "ebit": "726000000", "ebitda": "931000000", "netIncome": "594000000"}, {"fiscalDateEnding": "2022-03-31", "reportedCurrency": "USD", "grossProfit": "1337000000", "totalRevenue": "4007000000", "costOfRevenue": "2670000000", "costofGoodsAndServicesSold": "2670000000", "operatingIncome": "705000000", "sellingGeneralAndAdministrative": "416000000", "researchAndDevelopment": "185000000", "operatingExpenses": "601000000", "investmentIncomeNet": "None", "netInterestIncome": "-14000000", "interestIncome": "4000000", "interestExpense": "18000000", "nonInterestIncome": "None", "otherNonOperatingIncome": "9000000", "depreciation": "None", "depreciationAndAmortization": "194000000", "incomeBeforeTax": "696000000", "incomeTaxExpense": "136000000", "interestAndDebtExpense": "None", "netIncomeFromContinuingOperations": "560000000", "comprehensiveIncomeNetOfTax": "None", "ebit": "714000000", "ebitda": "908000000", "netIncome": "560000000"}, {"fiscalDateEnding": "2021-12-31", "reportedCurrency": "USD", "grossProfit": "1230000000", "totalRevenue": "3818000000", "costOfRevenue": "2588000000", "costofGoodsAndServicesSold": "2588000000", "operatingIncome": "672000000", "sellingGeneralAndAdministrative": "363000000", "researchAndDevelopment": "175000000", "operatingExpenses": "538000000", "investmentIncomeNet": "None", "netInterestIncome": "-10000000", "interestIncome": "2000000", "interestExpense": "12000000", "nonInterestIncome": "None", "otherNonOperatingIncome": "17000000", "depreciation": "None", "depreciationAndAmortization": "198000000", "incomeBeforeTax": "677000000", "incomeTaxExpense": "110000000", "interestAndDebtExpense": "None", "netIncomeFromContinuingOperations": "567000000", "comprehensiveIncomeNetOfTax": "None", "ebit": "689000000", "ebitda": "887000000", "netIncome": "566000000"}, {"fiscalDateEnding": "2021-09-30", "reportedCurrency": "USD", "grossProfit": "1263000000", "totalRevenue": "3818000000", "costOfRevenue": "2555000000", "costofGoodsAndServicesSold": "2555000000", "operatingIncome": "660000000", "sellingGeneralAndAdministrative": "384000000", "researchAndDevelopment": "173000000", "operatingExpenses": "557000000", "investmentIncomeNet": "None", "netInterestIncome": "-11000000", "interestIncome": "3000000", "interestExpense": "14000000", "nonInterestIncome": "None", "otherNonOperatingIncome": "-19000000", "depreciation": "None", "depreciationAndAmortization": "209000000", "incomeBeforeTax": "627000000", "incomeTaxExpense": "-167000000", "interestAndDebtExpense": "None", "netIncomeFromContinuingOperations": "794000000", "comprehensiveIncomeNetOfTax": "None", "ebit": "641000000", "ebitda": "850000000", "netIncome": "794000000"}, {"fiscalDateEnding": "2021-06-30", "reportedCurrency": "USD", "grossProfit": "1268000000", "totalRevenue": "3845000000", "costOfRevenue": "2577000000", "costofGoodsAndServicesSold": "2577000000", "operatingIncome": "714000000", "sellingGeneralAndAdministrative": "366000000", "researchAndDevelopment": "168000000", "operatingExpenses": "534000000", "investmentIncomeNet": "None", "netInterestIncome": "-11000000", "interestIncome": "11000000", "interestExpense": "14000000", "nonInterestIncome": "None", "otherNonOperatingIncome": "5000000", "depreciation": "None", "depreciationAndAmortization": "210000000", "incomeBeforeTax": "705000000", "incomeTaxExpense": "124000000", "interestAndDebtExpense": "None", "netIncomeFromContinuingOperations": "581000000", "comprehensiveIncomeNetOfTax": "None", "ebit": "719000000", "ebitda": "929000000", "netIncome": "580000000"}, {"fiscalDateEnding": "2021-03-31", "reportedCurrency": "USD", "grossProfit": "1210000000", "totalRevenue": "3738000000", "costOfRevenue": "2528000000", "costofGoodsAndServicesSold": "2528000000", "operatingIncome": "612000000", "sellingGeneralAndAdministrative": "401000000", "researchAndDevelopment": "174000000", "operatingExpenses": "575000000", "investmentIncomeNet": "None", "netInterestIncome": "-5000000", "interestIncome": "8000000", "interestExpense": "13000000", "nonInterestIncome": "None", "otherNonOperatingIncome": "12000000", "depreciation": "None", "depreciationAndAmortization": "193000000", "incomeBeforeTax": "611000000", "incomeTaxExpense": "106000000", "interestAndDebtExpense": "None", "netIncomeFromContinuingOperations": "505000000", "comprehensiveIncomeNetOfTax": "None", "ebit": "624000000", "ebitda": "817000000", "netIncome": "506000000"}, {"fiscalDateEnding": "2020-12-31", "reportedCurrency": "USD", "grossProfit": "1146000000", "totalRevenue": "3522000000", "costOfRevenue": "2376000000", "costofGoodsAndServicesSold": "2376000000", "operatingIncome": "448000000", "sellingGeneralAndAdministrative": "361000000", "researchAndDevelopment": "162000000", "operatingExpenses": "523000000", "investmentIncomeNet": "None", "netInterestIncome": "-12000000", "interestIncome": "3000000", "interestExpense": "15000000", "nonInterestIncome": "None", "otherNonOperatingIncome": "2000000", "depreciation": "None", "depreciationAndAmortization": "187000000", "incomeBeforeTax": "435000000", "incomeTaxExpense": "60000000", "interestAndDebtExpense": "None", "netIncomeFromContinuingOperations": "375000000", "comprehensiveIncomeNetOfTax": "None", "ebit": "450000000", "ebitda": "637000000", "netIncome": "381000000"}, {"fiscalDateEnding": "2020-09-30", "reportedCurrency": "USD", "grossProfit": "969000000", "totalRevenue": "3261000000", "costOfRevenue": "2292000000", "costofGoodsAndServicesSold": "2292000000", "operatingIncome": "347000000", "sellingGeneralAndAdministrative": "1071000000", "researchAndDevelopment": "148000000", "operatingExpenses": "500000000", "investmentIncomeNet": "None", "netInterestIncome": "-10000000", "interestIncome": "10000000", "interestExpense": "12000000", "nonInterestIncome": "None", "otherNonOperatingIncome": "18000000", "depreciation": "None", "depreciationAndAmortization": "181000000", "incomeBeforeTax": "337000000", "incomeTaxExpense": "109000000", "interestAndDebtExpense": "None", "netIncomeFromContinuingOperations": "228000000", "comprehensiveIncomeNetOfTax": "None", "ebit": "471000000", "ebitda": "652000000", "netIncome": "230000000"}, {"fiscalDateEnding": "2020-06-30", "reportedCurrency": "USD", "grossProfit": "707000000", "totalRevenue": "2548000000", "costOfRevenue": "1841000000", "costofGoodsAndServicesSold": "1841000000", "operatingIncome": "134000000", "sellingGeneralAndAdministrative": "321000000", "researchAndDevelopment": "146000000", "operatingExpenses": "467000000", "investmentIncomeNet": "None", "netInterestIncome": "-11000000", "interestIncome": "2000000", "interestExpense": "13000000", "nonInterestIncome": "None", "otherNonOperatingIncome": "6000000", "depreciation": "None", "depreciationAndAmortization": "176000000", "incomeBeforeTax": "127000000", "incomeTaxExpense": "185000000", "interestAndDebtExpense": "None", "netIncomeFromContinuingOperations": "-58000000", "comprehensiveIncomeNetOfTax": "None", "ebit": "140000000", "ebitda": "316000000", "netIncome": "-41000000"}, {"fiscalDateEnding": "2020-03-31", "reportedCurrency": "USD", "grossProfit": "1029000000", "totalRevenue": "3195000000", "costOfRevenue": "2166000000", "costofGoodsAndServicesSold": "2166000000", "operatingIncome": "-415000000", "sellingGeneralAndAdministrative": "352000000", "researchAndDevelopment": "158000000", "operatingExpenses": "510000000", "investmentIncomeNet": "None", "netInterestIncome": "-6000000", "interestIncome": "5000000", "interestExpense": "11000000", "nonInterestIncome": "None", "otherNonOperatingIncome": "5000000", "depreciation": "None", "depreciationAndAmortization": "180000000", "incomeBeforeTax": "-410000000", "incomeTaxExpense": "42000000", "interestAndDebtExpense": "None", "netIncomeFromContinuingOperations": "-452000000", "comprehensiveIncomeNetOfTax": "None", "ebit": "-399000000", "ebitda": "-219000000", "netIncome": "-456000000"}, {"fiscalDateEnding": "2019-12-31", "reportedCurrency": "USD", "grossProfit": "1030000000", "totalRevenue": "3168000000", "costOfRevenue": "2138000000", "costofGoodsAndServicesSold": "2138000000", "operatingIncome": "471000000", "sellingGeneralAndAdministrative": "367000000", "researchAndDevelopment": "161000000", "operatingExpenses": "528000000", "investmentIncomeNet": "None", "netInterestIncome": "-6000000", "interestIncome": "6000000", "interestExpense": "12000000", "nonInterestIncome": "None", "otherNonOperatingIncome": "6000000", "depreciation": "None", "depreciationAndAmortization": "174000000", "incomeBeforeTax": "470000000", "incomeTaxExpense": "447000000", "interestAndDebtExpense": "None", "netIncomeFromContinuingOperations": "23000000", "comprehensiveIncomeNetOfTax": "None", "ebit": "513000000", "ebitda": "687000000", "netIncome": "26000000"}, {"fiscalDateEnding": "2019-09-30", "reportedCurrency": "USD", "grossProfit": "1052000000", "totalRevenue": "3300000000", "costOfRevenue": "2248000000", "costofGoodsAndServicesSold": "2248000000", "operatingIncome": "444000000", "sellingGeneralAndAdministrative": "372000000", "researchAndDevelopment": "159000000", "operatingExpenses": "531000000", "investmentIncomeNet": "None", "netInterestIncome": "-7000000", "interestIncome": "6000000", "interestExpense": "13000000", "nonInterestIncome": "None", "otherNonOperatingIncome": "6000000", "depreciation": "None", "depreciationAndAmortization": "175000000", "incomeBeforeTax": "437000000", "incomeTaxExpense": "61000000", "interestAndDebtExpense": "None", "netIncomeFromContinuingOperations": "376000000", "comprehensiveIncomeNetOfTax": "None", "ebit": "450000000", "ebitda": "625000000", "netIncome": "372000000"}, {"fiscalDateEnding": "2019-06-30", "reportedCurrency": "USD", "grossProfit": "1110000000", "totalRevenue": "3389000000", "costOfRevenue": "2279000000", "costofGoodsAndServicesSold": "2279000000", "operatingIncome": "520000000", "sellingGeneralAndAdministrative": "356000000", "researchAndDevelopment": "158000000", "operatingExpenses": "514000000", "investmentIncomeNet": "None", "netInterestIncome": "-9000000", "interestIncome": "4000000", "interestExpense": "13000000", "nonInterestIncome": "None", "otherNonOperatingIncome": "4000000", "depreciation": "None", "depreciationAndAmortization": "174000000", "incomeBeforeTax": "513000000", "incomeTaxExpense": "-245000000", "interestAndDebtExpense": "None", "netIncomeFromContinuingOperations": "758000000", "comprehensiveIncomeNetOfTax": "None", "ebit": "526000000", "ebitda": "700000000", "netIncome": "757000000"}, {"fiscalDateEnding": "2019-03-31", "reportedCurrency": "USD", "grossProfit": "1118000000", "totalRevenue": "3412000000", "costOfRevenue": "2294000000", "costofGoodsAndServicesSold": "2294000000", "operatingIncome": "530000000", "sellingGeneralAndAdministrative": "373000000", "researchAndDevelopment": "166000000", "operatingExpenses": "539000000", "investmentIncomeNet": "None", "netInterestIncome": "-11000000", "interestIncome": "4000000", "interestExpense": "15000000", "nonInterestIncome": "None", "otherNonOperatingIncome": "4000000", "depreciation": "None", "depreciationAndAmortization": "173000000", "incomeBeforeTax": "520000000", "incomeTaxExpense": "91000000", "interestAndDebtExpense": "None", "netIncomeFromContinuingOperations": "429000000", "comprehensiveIncomeNetOfTax": "None", "ebit": "535000000", "ebitda": "708000000", "netIncome": "439000000"}, {"fiscalDateEnding": "2018-12-31", "reportedCurrency": "USD", "grossProfit": "1114000000", "totalRevenue": "3347000000", "costOfRevenue": "2233000000", "costofGoodsAndServicesSold": "2233000000", "operatingIncome": "484000000", "sellingGeneralAndAdministrative": "389000000", "researchAndDevelopment": "161000000", "operatingExpenses": "550000000", "investmentIncomeNet": "None", "netInterestIncome": "None", "interestIncome": "None", "interestExpense": "27000000", "nonInterestIncome": "None", "otherNonOperatingIncome": "5000000", "depreciation": "None", "depreciationAndAmortization": "168000000", "incomeBeforeTax": "461000000", "incomeTaxExpense": "78000000", "interestAndDebtExpense": "None", "netIncomeFromContinuingOperations": "383000000", "comprehensiveIncomeNetOfTax": "None", "ebit": "488000000", "ebitda": "656000000", "netIncome": "276000000"}, {"fiscalDateEnding": "2018-09-30", "reportedCurrency": "USD", "grossProfit": "1182000000", "totalRevenue": "3509000000", "costOfRevenue": "2327000000", "costofGoodsAndServicesSold": "2327000000", "operatingIncome": "570000000", "sellingGeneralAndAdministrative": "374000000", "researchAndDevelopment": "171000000", "operatingExpenses": "585000000", "investmentIncomeNet": "None", "netInterestIncome": "None", "interestIncome": "None", "interestExpense": "27000000", "nonInterestIncome": "None", "otherNonOperatingIncome": "None", "depreciation": "None", "depreciationAndAmortization": "171000000", "incomeBeforeTax": "546000000", "incomeTaxExpense": "-1128000000", "interestAndDebtExpense": "None", "netIncomeFromContinuingOperations": "1674000000", "comprehensiveIncomeNetOfTax": "None", "ebit": "573000000", "ebitda": "744000000", "netIncome": "1661000000"}, {"fiscalDateEnding": "2018-06-30", "reportedCurrency": "USD", "grossProfit": "1217000000", "totalRevenue": "3764000000", "costOfRevenue": "2547000000", "costofGoodsAndServicesSold": "2547000000", "operatingIncome": "558000000", "sellingGeneralAndAdministrative": "409000000", "researchAndDevelopment": "181000000", "operatingExpenses": "590000000", "investmentIncomeNet": "None", "netInterestIncome": "None", "interestIncome": "None", "interestExpense": "25000000", "nonInterestIncome": "None", "otherNonOperatingIncome": "3000000", "depreciation": "None", "depreciationAndAmortization": "173000000", "incomeBeforeTax": "535000000", "incomeTaxExpense": "81000000", "interestAndDebtExpense": "None", "netIncomeFromContinuingOperations": "454000000", "comprehensiveIncomeNetOfTax": "None", "ebit": "629000000", "ebitda": "802000000", "netIncome": "454000000"}, {"fiscalDateEnding": "2018-03-31", "reportedCurrency": "USD", "grossProfit": "1243000000", "totalRevenue": "3745000000", "costOfRevenue": "2502000000", "costofGoodsAndServicesSold": "2502000000", "operatingIncome": "624000000", "sellingGeneralAndAdministrative": "409000000", "researchAndDevelopment": "182000000", "operatingExpenses": "610000000", "investmentIncomeNet": "None", "netInterestIncome": "None", "interestIncome": "None", "interestExpense": "29000000", "nonInterestIncome": "None", "otherNonOperatingIncome": "4000000", "depreciation": "None", "depreciationAndAmortization": "173000000", "incomeBeforeTax": "600000000", "incomeTaxExpense": "108000000", "interestAndDebtExpense": "None", "netIncomeFromContinuingOperations": "492000000", "comprehensiveIncomeNetOfTax": "None", "ebit": "629000000", "ebitda": "802000000", "netIncome": "490000000"}, {"fiscalDateEnding": "2017-12-31", "reportedCurrency": "USD", "grossProfit": "1177000000", "totalRevenue": "3480000000", "costOfRevenue": "2303000000", "costofGoodsAndServicesSold": "2303000000", "operatingIncome": "581000000", "sellingGeneralAndAdministrative": "377000000", "researchAndDevelopment": "176000000", "operatingExpenses": "559000000", "investmentIncomeNet": "None", "netInterestIncome": "None", "interestIncome": "None", "interestExpense": "26000000", "nonInterestIncome": "None", "otherNonOperatingIncome": "4000000", "depreciation": "None", "depreciationAndAmortization": "168000000", "incomeBeforeTax": "561000000", "incomeTaxExpense": "600000000", "interestAndDebtExpense": "None", "netIncomeFromContinuingOperations": "-39000000", "comprehensiveIncomeNetOfTax": "None", "ebit": "587000000", "ebitda": "755000000", "netIncome": "-40000000"}, {"fiscalDateEnding": "2017-09-30", "reportedCurrency": "USD", "grossProfit": "1139000000", "totalRevenue": "3456000000", "costOfRevenue": "2317000000", "costofGoodsAndServicesSold": "2317000000", "operatingIncome": "552000000", "sellingGeneralAndAdministrative": "361000000", "researchAndDevelopment": "168000000", "operatingExpenses": "563000000", "investmentIncomeNet": "None", "netInterestIncome": "None", "interestIncome": "None", "interestExpense": "35000000", "nonInterestIncome": "None", "otherNonOperatingIncome": "6000000", "depreciation": "None", "depreciationAndAmortization": "166000000", "incomeBeforeTax": "520000000", "incomeTaxExpense": "91000000", "interestAndDebtExpense": "None", "netIncomeFromContinuingOperations": "429000000", "comprehensiveIncomeNetOfTax": "None", "ebit": "555000000", "ebitda": "721000000", "netIncome": "434000000"}, {"fiscalDateEnding": "2017-06-30", "reportedCurrency": "USD", "grossProfit": "1138000000", "totalRevenue": "3367000000", "costOfRevenue": "2229000000", "costofGoodsAndServicesSold": "2229000000", "operatingIncome": "536000000", "sellingGeneralAndAdministrative": "408000000", "researchAndDevelopment": "170000000", "operatingExpenses": "582000000", "investmentIncomeNet": "None", "netInterestIncome": "None", "interestIncome": "None", "interestExpense": "32000000", "nonInterestIncome": "None", "otherNonOperatingIncome": "3000000", "depreciation": "None", "depreciationAndAmortization": "157000000", "incomeBeforeTax": "503000000", "incomeTaxExpense": "71000000", "interestAndDebtExpense": "None", "netIncomeFromContinuingOperations": "432000000", "comprehensiveIncomeNetOfTax": "None", "ebit": "535000000", "ebitda": "692000000", "netIncome": "435000000"}, {"fiscalDateEnding": "2017-03-31", "reportedCurrency": "USD", "grossProfit": "1108000000", "totalRevenue": "3227000000", "costOfRevenue": "2119000000", "costofGoodsAndServicesSold": "2119000000", "operatingIncome": "473000000", "sellingGeneralAndAdministrative": "407000000", "researchAndDevelopment": "162000000", "operatingExpenses": "574000000", "investmentIncomeNet": "None", "netInterestIncome": "None", "interestIncome": "None", "interestExpense": "32000000", "nonInterestIncome": "None", "otherNonOperatingIncome": "6000000", "depreciation": "None", "depreciationAndAmortization": "152000000", "incomeBeforeTax": "445000000", "incomeTaxExpense": "39000000", "interestAndDebtExpense": "None", "netIncomeFromContinuingOperations": "406000000", "comprehensiveIncomeNetOfTax": "None", "ebit": "538000000", "ebitda": "690000000", "netIncome": "405000000"}, {"fiscalDateEnding": "2016-12-31", "reportedCurrency": "USD", "grossProfit": "1065000000", "totalRevenue": "3063000000", "costOfRevenue": "1998000000", "costofGoodsAndServicesSold": "1998000000", "operatingIncome": "486000000", "sellingGeneralAndAdministrative": "367000000", "researchAndDevelopment": "158000000", "operatingExpenses": "530000000", "investmentIncomeNet": "None", "netInterestIncome": "None", "interestIncome": "None", "interestExpense": "31000000", "nonInterestIncome": "None", "otherNonOperatingIncome": "5000000", "depreciation": "None", "depreciationAndAmortization": "160000000", "incomeBeforeTax": "460000000", "incomeTaxExpense": "54000000", "interestAndDebtExpense": "None", "netIncomeFromContinuingOperations": "406000000", "comprehensiveIncomeNetOfTax": "None", "ebit": "491000000", "ebitda": "651000000", "netIncome": "409000000"}, {"fiscalDateEnding": "2016-09-30", "reportedCurrency": "USD", "grossProfit": "1104000000", "totalRevenue": "3332000000", "costOfRevenue": "2228000000", "costofGoodsAndServicesSold": "2228000000", "operatingIncome": "517000000", "sellingGeneralAndAdministrative": "322000000", "researchAndDevelopment": "165000000", "operatingExpenses": "554000000", "investmentIncomeNet": "None", "netInterestIncome": "None", "interestIncome": "None", "interestExpense": "34000000", "nonInterestIncome": "None", "otherNonOperatingIncome": "-625000000", "depreciation": "None", "depreciationAndAmortization": "147000000", "incomeBeforeTax": "489000000", "incomeTaxExpense": "52000000", "interestAndDebtExpense": "None", "netIncomeFromContinuingOperations": "437000000", "comprehensiveIncomeNetOfTax": "None", "ebit": "523000000", "ebitda": "670000000", "netIncome": "437000000"}, {"fiscalDateEnding": "2016-06-30", "reportedCurrency": "USD", "grossProfit": "1022000000", "totalRevenue": "3121000000", "costOfRevenue": "2099000000", "costofGoodsAndServicesSold": "2099000000", "operatingIncome": "452000000", "sellingGeneralAndAdministrative": "367000000", "researchAndDevelopment": "161000000", "operatingExpenses": "528000000", "investmentIncomeNet": "None", "netInterestIncome": "None", "interestIncome": "None", "interestExpense": "31000000", "nonInterestIncome": "None", "otherNonOperatingIncome": "2000000", "depreciation": "None", "depreciationAndAmortization": "148000000", "incomeBeforeTax": "-228000000", "incomeTaxExpense": "-1019000000", "interestAndDebtExpense": "None", "netIncomeFromContinuingOperations": "791000000", "comprehensiveIncomeNetOfTax": "None", "ebit": "304000000", "ebitda": "452000000", "netIncome": "839000000"}, {"fiscalDateEnding": "2016-03-31", "reportedCurrency": "USD", "grossProfit": "962000000", "totalRevenue": "2952000000", "costOfRevenue": "1990000000", "costofGoodsAndServicesSold": "1990000000", "operatingIncome": "535000000", "sellingGeneralAndAdministrative": "367000000", "researchAndDevelopment": "156000000", "operatingExpenses": "523000000", "investmentIncomeNet": "None", "netInterestIncome": "None", "interestIncome": "None", "interestExpense": "32000000", "nonInterestIncome": "None", "otherNonOperatingIncome": "4000000", "depreciation": "None", "depreciationAndAmortization": "144000000", "incomeBeforeTax": "519000000", "incomeTaxExpense": "130000000", "interestAndDebtExpense": "None", "netIncomeFromContinuingOperations": "389000000", "comprehensiveIncomeNetOfTax": "None", "ebit": "551000000", "ebitda": "695000000", "netIncome": "380000000"}, {"fiscalDateEnding": "2015-12-31", "reportedCurrency": "USD", "grossProfit": "945000000", "totalRevenue": "2833000000", "costOfRevenue": "1888000000", "costofGoodsAndServicesSold": "1888000000", "operatingIncome": "398000000", "sellingGeneralAndAdministrative": "340000000", "researchAndDevelopment": "162000000", "operatingExpenses": "502000000", "investmentIncomeNet": "None", "netInterestIncome": "None", "interestIncome": "None", "interestExpense": "30000000", "nonInterestIncome": "None", "otherNonOperatingIncome": "6000000", "depreciation": "None", "depreciationAndAmortization": "146000000", "incomeBeforeTax": "382000000", "incomeTaxExpense": "58000000", "interestAndDebtExpense": "None", "netIncomeFromContinuingOperations": "324000000", "comprehensiveIncomeNetOfTax": "None", "ebit": "412000000", "ebitda": "558000000", "netIncome": "353000000"}, {"fiscalDateEnding": "2015-09-30", "reportedCurrency": "USD", "grossProfit": "968000000", "totalRevenue": "2984000000", "costOfRevenue": "2016000000", "costofGoodsAndServicesSold": "2016000000", "operatingIncome": "407000000", "sellingGeneralAndAdministrative": "334000000", "researchAndDevelopment": "148000000", "operatingExpenses": "482000000", "investmentIncomeNet": "None", "netInterestIncome": "None", "interestIncome": "None", "interestExpense": "32000000", "nonInterestIncome": "None", "otherNonOperatingIncome": "4000000", "depreciation": "None", "depreciationAndAmortization": "161000000", "incomeBeforeTax": "388000000", "incomeTaxExpense": "252000000", "interestAndDebtExpense": "None", "netIncomeFromContinuingOperations": "99000000", "comprehensiveIncomeNetOfTax": "None", "ebit": "420000000", "ebitda": "581000000", "netIncome": "1040000000"}, {"fiscalDateEnding": "2015-06-30", "reportedCurrency": "USD", "grossProfit": "1048000000", "totalRevenue": "3118000000", "costOfRevenue": "2070000000", "costofGoodsAndServicesSold": "2070000000", "operatingIncome": "469000000", "sellingGeneralAndAdministrative": "393000000", "researchAndDevelopment": "159000000", "operatingExpenses": "552000000", "investmentIncomeNet": "None", "netInterestIncome": "None", "interestIncome": "None", "interestExpense": "33000000", "nonInterestIncome": "None", "otherNonOperatingIncome": "4000000", "depreciation": "None", "depreciationAndAmortization": "148000000", "incomeBeforeTax": "451000000", "incomeTaxExpense": "100000000", "interestAndDebtExpense": "None", "netIncomeFromContinuingOperations": "351000000", "comprehensiveIncomeNetOfTax": "None", "ebit": "484000000", "ebitda": "632000000", "netIncome": "309000000"}, {"fiscalDateEnding": "2015-03-31", "reportedCurrency": "USD", "grossProfit": "1051000000", "totalRevenue": "3082000000", "costOfRevenue": "2031000000", "costofGoodsAndServicesSold": "2031000000", "operatingIncome": "448000000", "sellingGeneralAndAdministrative": "391000000", "researchAndDevelopment": "160000000", "operatingExpenses": "551000000", "investmentIncomeNet": "None", "netInterestIncome": "None", "interestIncome": "None", "interestExpense": "37000000", "nonInterestIncome": "None", "otherNonOperatingIncome": "4000000", "depreciation": "None", "depreciationAndAmortization": "147000000", "incomeBeforeTax": "410000000", "incomeTaxExpense": "94000000", "interestAndDebtExpense": "None", "netIncomeFromContinuingOperations": "316000000", "comprehensiveIncomeNetOfTax": "None", "ebit": "447000000", "ebitda": "594000000", "netIncome": "599000000"}, {"fiscalDateEnding": "2014-12-31", "reportedCurrency": "USD", "grossProfit": "1171000000", "totalRevenue": "3466000000", "costOfRevenue": "2295000000", "costofGoodsAndServicesSold": "2295000000", "operatingIncome": "477000000", "sellingGeneralAndAdministrative": "386000000", "researchAndDevelopment": "184000000", "operatingExpenses": "643000000", "investmentIncomeNet": "None", "netInterestIncome": "None", "interestIncome": "None", "interestExpense": "35000000", "nonInterestIncome": "None", "otherNonOperatingIncome": "5000000", "depreciation": "None", "depreciationAndAmortization": "175000000", "incomeBeforeTax": "377000000", "incomeTaxExpense": "-95000000", "interestAndDebtExpense": "None", "netIncomeFromContinuingOperations": "472000000", "comprehensiveIncomeNetOfTax": "None", "ebit": "463000000", "ebitda": "638000000", "netIncome": "472000000"}, {"fiscalDateEnding": "2014-09-30", "reportedCurrency": "USD", "grossProfit": "1198000000", "totalRevenue": "3575000000", "costOfRevenue": "2377000000", "costofGoodsAndServicesSold": "2377000000", "operatingIncome": "521000000", "sellingGeneralAndAdministrative": "380000000", "researchAndDevelopment": "170000000", "operatingExpenses": "631000000", "investmentIncomeNet": "None", "netInterestIncome": "None", "interestIncome": "None", "interestExpense": "37000000", "nonInterestIncome": "None", "otherNonOperatingIncome": "6000000", "depreciation": "None", "depreciationAndAmortization": "160000000", "incomeBeforeTax": "496000000", "incomeTaxExpense": "-169000000", "interestAndDebtExpense": "None", "netIncomeFromContinuingOperations": "665000000", "comprehensiveIncomeNetOfTax": "None", "ebit": "533000000", "ebitda": "693000000", "netIncome": "663000000"}, {"fiscalDateEnding": "2014-06-30", "reportedCurrency": "USD", "grossProfit": "1204000000", "totalRevenue": "3580000000", "costOfRevenue": "2376000000", "costofGoodsAndServicesSold": "2376000000", "operatingIncome": "535000000", "sellingGeneralAndAdministrative": "396000000", "researchAndDevelopment": "171000000", "operatingExpenses": "654000000", "investmentIncomeNet": "None", "netInterestIncome": "None", "interestIncome": "None", "interestExpense": "30000000", "nonInterestIncome": "None", "otherNonOperatingIncome": "4000000", "depreciation": "None", "depreciationAndAmortization": "154000000", "incomeBeforeTax": "518000000", "incomeTaxExpense": "113000000", "interestAndDebtExpense": "None", "netIncomeFromContinuingOperations": "405000000", "comprehensiveIncomeNetOfTax": "None", "ebit": "461000000", "ebitda": "615000000", "netIncome": "403000000"}, {"fiscalDateEnding": "2014-03-31", "reportedCurrency": "USD", "grossProfit": "1173000000", "totalRevenue": "3431000000", "costOfRevenue": "2258000000", "costofGoodsAndServicesSold": "2258000000", "operatingIncome": "510000000", "sellingGeneralAndAdministrative": "291000000", "researchAndDevelopment": "170000000", "operatingExpenses": "641000000", "investmentIncomeNet": "None", "netInterestIncome": "None", "interestIncome": "None", "interestExpense": "30000000", "nonInterestIncome": "None", "otherNonOperatingIncome": "4000000", "depreciation": "None", "depreciationAndAmortization": "154000000", "incomeBeforeTax": "500000000", "incomeTaxExpense": "136000000", "interestAndDebtExpense": "None", "netIncomeFromContinuingOperations": "364000000", "comprehensiveIncomeNetOfTax": "None", "ebit": "458000000", "ebitda": "612000000", "netIncome": "362000000"}, {"fiscalDateEnding": "2013-12-31", "reportedCurrency": "USD", "grossProfit": "1117000000", "totalRevenue": "3326000000", "costOfRevenue": "2209000000", "costofGoodsAndServicesSold": "2209000000", "operatingIncome": "479000000", "sellingGeneralAndAdministrative": "467000000", "researchAndDevelopment": "164000000", "operatingExpenses": "631000000", "investmentIncomeNet": "None", "netInterestIncome": "None", "interestIncome": "None", "interestExpense": "34000000", "nonInterestIncome": "None", "otherNonOperatingIncome": "5000000", "depreciation": "None", "depreciationAndAmortization": "149000000", "incomeBeforeTax": "482000000", "incomeTaxExpense": "127000000", "interestAndDebtExpense": "None", "netIncomeFromContinuingOperations": "355000000", "comprehensiveIncomeNetOfTax": "None", "ebit": "516000000", "ebitda": "665000000", "netIncome": "353000000"}, {"fiscalDateEnding": "2013-09-30", "reportedCurrency": "USD", "grossProfit": "1156000000", "totalRevenue": "3432000000", "costOfRevenue": "2276000000", "costofGoodsAndServicesSold": "2276000000", "operatingIncome": "465000000", "sellingGeneralAndAdministrative": "465000000", "researchAndDevelopment": "166000000", "operatingExpenses": "617000000", "investmentIncomeNet": "None", "netInterestIncome": "None", "interestIncome": "None", "interestExpense": "34000000", "nonInterestIncome": "None", "otherNonOperatingIncome": "230000000", "depreciation": "None", "depreciationAndAmortization": "150000000", "incomeBeforeTax": "451000000", "incomeTaxExpense": "63000000", "interestAndDebtExpense": "None", "netIncomeFromContinuingOperations": "388000000", "comprehensiveIncomeNetOfTax": "None", "ebit": "485000000", "ebitda": "635000000", "netIncome": "387000000"}, {"fiscalDateEnding": "2013-06-30", "reportedCurrency": "USD", "grossProfit": "1132000000", "totalRevenue": "3449000000", "costOfRevenue": "2317000000", "costofGoodsAndServicesSold": "2317000000", "operatingIncome": "439000000", "sellingGeneralAndAdministrative": "451000000", "researchAndDevelopment": "167000000", "operatingExpenses": "623000000", "investmentIncomeNet": "None", "netInterestIncome": "None", "interestIncome": "None", "interestExpense": "36000000", "nonInterestIncome": "None", "otherNonOperatingIncome": "4000000", "depreciation": "None", "depreciationAndAmortization": "147000000", "incomeBeforeTax": "425000000", "incomeTaxExpense": "93000000", "interestAndDebtExpense": "None", "netIncomeFromContinuingOperations": "332000000", "comprehensiveIncomeNetOfTax": "None", "ebit": "461000000", "ebitda": "608000000", "netIncome": "335000000"}, {"fiscalDateEnding": "2013-03-31", "reportedCurrency": "USD", "grossProfit": "1052000000", "totalRevenue": "3265000000", "costOfRevenue": "2213000000", "costofGoodsAndServicesSold": "2213000000", "operatingIncome": "359000000", "sellingGeneralAndAdministrative": "444000000", "researchAndDevelopment": "171000000", "operatingExpenses": "609000000", "investmentIncomeNet": "None", "netInterestIncome": "None", "interestIncome": "None", "interestExpense": "35000000", "nonInterestIncome": "None", "otherNonOperatingIncome": "5000000", "depreciation": "None", "depreciationAndAmortization": "158000000", "incomeBeforeTax": "338000000", "incomeTaxExpense": "60000000", "interestAndDebtExpense": "None", "netIncomeFromContinuingOperations": "278000000", "comprehensiveIncomeNetOfTax": "None", "ebit": "373000000", "ebitda": "531000000", "netIncome": "277000000"}, {"fiscalDateEnding": "2012-12-31", "reportedCurrency": "USD", "grossProfit": "989000000", "totalRevenue": "3134000000", "costOfRevenue": "2145000000", "costofGoodsAndServicesSold": "2145000000", "operatingIncome": "293000000", "sellingGeneralAndAdministrative": "428000000", "researchAndDevelopment": "171000000", "operatingExpenses": "599000000", "investmentIncomeNet": "None", "netInterestIncome": "None", "interestIncome": "None", "interestExpense": "37000000", "nonInterestIncome": "None", "otherNonOperatingIncome": "-222000000", "depreciation": "None", "depreciationAndAmortization": "152000000", "incomeBeforeTax": "34000000", "incomeTaxExpense": "-245000000", "interestAndDebtExpense": "None", "netIncomeFromContinuingOperations": "279000000", "comprehensiveIncomeNetOfTax": "None", "ebit": "71000000", "ebitda": "223000000", "netIncome": "277000000"}, {"fiscalDateEnding": "2012-09-30", "reportedCurrency": "USD", "grossProfit": "1064000000", "totalRevenue": "3364000000", "costOfRevenue": "2300000000", "costofGoodsAndServicesSold": "2300000000", "operatingIncome": "401000000", "sellingGeneralAndAdministrative": "452000000", "researchAndDevelopment": "165000000", "operatingExpenses": "617000000", "investmentIncomeNet": "None", "netInterestIncome": "None", "interestIncome": "None", "interestExpense": "45000000", "nonInterestIncome": "None", "otherNonOperatingIncome": "24000000", "depreciation": "None", "depreciationAndAmortization": "156000000", "incomeBeforeTax": "380000000", "incomeTaxExpense": "-18000000", "interestAndDebtExpense": "None", "netIncomeFromContinuingOperations": "384000000", "comprehensiveIncomeNetOfTax": "None", "ebit": "425000000", "ebitda": "581000000", "netIncome": "396000000"}, {"fiscalDateEnding": "2012-06-30", "reportedCurrency": "USD", "grossProfit": "1018000000", "totalRevenue": "3499000000", "costOfRevenue": "2481000000", "costofGoodsAndServicesSold": "2481000000", "operatingIncome": "371000000", "sellingGeneralAndAdministrative": "423000000", "researchAndDevelopment": "173000000", "operatingExpenses": "596000000", "investmentIncomeNet": "None", "netInterestIncome": "None", "interestIncome": "None", "interestExpense": "48000000", "nonInterestIncome": "None", "otherNonOperatingIncome": "25000000", "depreciation": "None", "depreciationAndAmortization": "174000000", "incomeBeforeTax": "348000000", "incomeTaxExpense": "88000000", "interestAndDebtExpense": "None", "netIncomeFromContinuingOperations": "260000000", "comprehensiveIncomeNetOfTax": "None", "ebit": "396000000", "ebitda": "570000000", "netIncome": "199000000"}, {"fiscalDateEnding": "2012-03-31", "reportedCurrency": "USD", "grossProfit": "1021000000", "totalRevenue": "3249000000", "costOfRevenue": "2228000000", "costofGoodsAndServicesSold": "2228000000", "operatingIncome": "385000000", "sellingGeneralAndAdministrative": "427000000", "researchAndDevelopment": "173000000", "operatingExpenses": "600000000", "investmentIncomeNet": "None", "netInterestIncome": "None", "interestIncome": "None", "interestExpense": "44000000", "nonInterestIncome": "None", "otherNonOperatingIncome": "18000000", "depreciation": "None", "depreciationAndAmortization": "136000000", "incomeBeforeTax": "359000000", "incomeTaxExpense": "91000000", "interestAndDebtExpense": "None", "netIncomeFromContinuingOperations": "268000000", "comprehensiveIncomeNetOfTax": "None", "ebit": "405000000", "ebitda": "541000000", "netIncome": "257000000"}, {"fiscalDateEnding": "2011-12-31", "reportedCurrency": "USD", "grossProfit": "983000000", "totalRevenue": "3309000000", "costOfRevenue": "2326000000", "costofGoodsAndServicesSold": "2326000000", "operatingIncome": "378000000", "sellingGeneralAndAdministrative": "383000000", "researchAndDevelopment": "184000000", "operatingExpenses": "582000000", "investmentIncomeNet": "None", "netInterestIncome": "None", "interestIncome": "None", "interestExpense": "38000000", "nonInterestIncome": "None", "otherNonOperatingIncome": "6000000", "depreciation": "None", "depreciationAndAmortization": "143000000", "incomeBeforeTax": "346000000", "incomeTaxExpense": "92000000", "interestAndDebtExpense": "None", "netIncomeFromContinuingOperations": "254000000", "comprehensiveIncomeNetOfTax": "None", "ebit": "365000000", "ebitda": "508000000", "netIncome": "260000000"}, {"fiscalDateEnding": "2011-09-30", "reportedCurrency": "USD", "grossProfit": "1232000000", "totalRevenue": "3911000000", "costOfRevenue": "2679000000", "costofGoodsAndServicesSold": "2679000000", "operatingIncome": "465000000", "sellingGeneralAndAdministrative": "467000000", "researchAndDevelopment": "202000000", "operatingExpenses": "683000000", "investmentIncomeNet": "None", "netInterestIncome": "None", "interestIncome": "None", "interestExpense": "43000000", "nonInterestIncome": "None", "otherNonOperatingIncome": "20000000", "depreciation": "None", "depreciationAndAmortization": "147000000", "incomeBeforeTax": "442000000", "incomeTaxExpense": "115000000", "interestAndDebtExpense": "None", "netIncomeFromContinuingOperations": "327000000", "comprehensiveIncomeNetOfTax": "None", "ebit": "485000000", "ebitda": "632000000", "netIncome": "326000000"}, {"fiscalDateEnding": "2011-06-30", "reportedCurrency": "USD", "grossProfit": "1125000000", "totalRevenue": "3729000000", "costOfRevenue": "2604000000", "costofGoodsAndServicesSold": "2604000000", "operatingIncome": "471000000", "sellingGeneralAndAdministrative": "441000000", "researchAndDevelopment": "188000000", "operatingExpenses": "640000000", "investmentIncomeNet": "None", "netInterestIncome": "None", "interestIncome": "None", "interestExpense": "40000000", "nonInterestIncome": "None", "otherNonOperatingIncome": "None", "depreciation": "None", "depreciationAndAmortization": "146000000", "incomeBeforeTax": "431000000", "incomeTaxExpense": "74000000", "interestAndDebtExpense": "None", "netIncomeFromContinuingOperations": "357000000", "comprehensiveIncomeNetOfTax": "None", "ebit": "457000000", "ebitda": "603000000", "netIncome": "355000000"}, {"fiscalDateEnding": "2011-03-31", "reportedCurrency": "USD", "grossProfit": "1044000000", "totalRevenue": "3472000000", "costOfRevenue": "2428000000", "costofGoodsAndServicesSold": "2428000000", "operatingIncome": "405000000", "sellingGeneralAndAdministrative": "431000000", "researchAndDevelopment": "180000000", "operatingExpenses": "625000000", "investmentIncomeNet": "None", "netInterestIncome": "None", "interestIncome": "None", "interestExpense": "43000000", "nonInterestIncome": "None", "otherNonOperatingIncome": "12000000", "depreciation": "None", "depreciationAndAmortization": "148000000", "incomeBeforeTax": "374000000", "incomeTaxExpense": "74000000", "interestAndDebtExpense": "None", "netIncomeFromContinuingOperations": "300000000", "comprehensiveIncomeNetOfTax": "None", "ebit": "399000000", "ebitda": "547000000", "netIncome": "299000000"}, {"fiscalDateEnding": "2010-12-31", "reportedCurrency": "USD", "grossProfit": "1021000000", "totalRevenue": "3200000000", "costOfRevenue": "2179000000", "costofGoodsAndServicesSold": "2179000000", "operatingIncome": "400000000", "sellingGeneralAndAdministrative": "389000000", "researchAndDevelopment": "163000000", "operatingExpenses": "565000000", "investmentIncomeNet": "None", "netInterestIncome": "None", "interestIncome": "None", "interestExpense": "35000000", "nonInterestIncome": "None", "otherNonOperatingIncome": "17000000", "depreciation": "None", "depreciationAndAmortization": "133000000", "incomeBeforeTax": "382000000", "incomeTaxExpense": "113000000", "interestAndDebtExpense": "None", "netIncomeFromContinuingOperations": "269000000", "comprehensiveIncomeNetOfTax": "None", "ebit": "417000000", "ebitda": "550000000", "netIncome": "265000000"}, {"fiscalDateEnding": "2010-09-30", "reportedCurrency": "USD", "grossProfit": "993000000", "totalRevenue": "3137000000", "costOfRevenue": "2144000000", "costofGoodsAndServicesSold": "2144000000", "operatingIncome": "382000000", "sellingGeneralAndAdministrative": "341000000", "researchAndDevelopment": "158000000", "operatingExpenses": "554000000", "investmentIncomeNet": "None", "netInterestIncome": "None", "interestIncome": "None", "interestExpense": "40000000", "nonInterestIncome": "None", "otherNonOperatingIncome": "58000000", "depreciation": "None", "depreciationAndAmortization": "125000000", "incomeBeforeTax": "400000000", "incomeTaxExpense": "145000000", "interestAndDebtExpense": "None", "netIncomeFromContinuingOperations": "255000000", "comprehensiveIncomeNetOfTax": "None", "ebit": "440000000", "ebitda": "565000000", "netIncome": "297000000"}, {"fiscalDateEnding": "2010-06-30", "reportedCurrency": "USD", "grossProfit": "985000000", "totalRevenue": "3084000000", "costOfRevenue": "2099000000", "costofGoodsAndServicesSold": "2099000000", "operatingIncome": "467000000", "sellingGeneralAndAdministrative": "375000000", "researchAndDevelopment": "147000000", "operatingExpenses": "522000000", "investmentIncomeNet": "None", "netInterestIncome": "None", "interestIncome": "None", "interestExpense": "38000000", "nonInterestIncome": "None", "otherNonOperatingIncome": "46000000", "depreciation": "None", "depreciationAndAmortization": "129000000", "incomeBeforeTax": "475000000", "incomeTaxExpense": "144000000", "interestAndDebtExpense": "None", "netIncomeFromContinuingOperations": "331000000", "comprehensiveIncomeNetOfTax": "None", "ebit": "513000000", "ebitda": "642000000", "netIncome": "330000000"}, {"fiscalDateEnding": "2010-03-31", "reportedCurrency": "USD", "grossProfit": "958000000", "totalRevenue": "2957000000", "costOfRevenue": "1999000000", "costofGoodsAndServicesSold": "1999000000", "operatingIncome": "398000000", "sellingGeneralAndAdministrative": "406000000", "researchAndDevelopment": "142000000", "operatingExpenses": "548000000", "investmentIncomeNet": "None", "netInterestIncome": "None", "interestIncome": "None", "interestExpense": "38000000", "nonInterestIncome": "None", "otherNonOperatingIncome": "81000000", "depreciation": "None", "depreciationAndAmortization": "128000000", "incomeBeforeTax": "441000000", "incomeTaxExpense": "135000000", "interestAndDebtExpense": "None", "netIncomeFromContinuingOperations": "306000000", "comprehensiveIncomeNetOfTax": "None", "ebit": "479000000", "ebitda": "607000000", "netIncome": "304000000"}, {"fiscalDateEnding": "2009-12-31", "reportedCurrency": "USD", "grossProfit": "841000000", "totalRevenue": "2892000000", "costOfRevenue": "2051000000", "costofGoodsAndServicesSold": "2051000000", "operatingIncome": "269000000", "sellingGeneralAndAdministrative": "368000000", "researchAndDevelopment": "138000000", "operatingExpenses": "506000000", "investmentIncomeNet": "None", "netInterestIncome": "None", "interestIncome": "None", "interestExpense": "39000000", "nonInterestIncome": "None", "otherNonOperatingIncome": "12000000", "depreciation": "None", "depreciationAndAmortization": "138000000", "incomeBeforeTax": "242000000", "incomeTaxExpense": "69000000", "interestAndDebtExpense": "None", "netIncomeFromContinuingOperations": "173000000", "comprehensiveIncomeNetOfTax": "None", "ebit": "281000000", "ebitda": "419000000", "netIncome": "172000000"}, {"fiscalDateEnding": "2009-09-30", "reportedCurrency": "USD", "grossProfit": "691000000", "totalRevenue": "2698000000", "costOfRevenue": "2007000000", "costofGoodsAndServicesSold": "2007000000", "operatingIncome": "176000000", "sellingGeneralAndAdministrative": "338000000", "researchAndDevelopment": "131000000", "operatingExpenses": "469000000", "investmentIncomeNet": "None", "netInterestIncome": "None", "interestIncome": "None", "interestExpense": "40000000", "nonInterestIncome": "None", "otherNonOperatingIncome": "None", "depreciation": "None", "depreciationAndAmortization": "133000000", "incomeBeforeTax": "85000000", "incomeTaxExpense": "1000000", "interestAndDebtExpense": "None", "netIncomeFromContinuingOperations": "0", "comprehensiveIncomeNetOfTax": "None", "ebit": "125000000", "ebitda": "258000000", "netIncome": "93000000"}, {"fiscalDateEnding": "2009-06-30", "reportedCurrency": "USD", "grossProfit": "587000000", "totalRevenue": "2508000000", "costOfRevenue": "1921000000", "costofGoodsAndServicesSold": "1921000000", "operatingIncome": "64000000", "sellingGeneralAndAdministrative": "330000000", "researchAndDevelopment": "130000000", "operatingExpenses": "460000000", "investmentIncomeNet": "None", "netInterestIncome": "None", "interestIncome": "None", "interestExpense": "42000000", "nonInterestIncome": "None", "otherNonOperatingIncome": "4000000", "depreciation": "None", "depreciationAndAmortization": "120000000", "incomeBeforeTax": "31000000", "incomeTaxExpense": "3000000", "interestAndDebtExpense": "None", "netIncomeFromContinuingOperations": "34000000", "comprehensiveIncomeNetOfTax": "None", "ebit": "83000000", "ebitda": "203000000", "netIncome": "-74000000"}, {"fiscalDateEnding": "2009-03-31", "reportedCurrency": "USD", "grossProfit": "440000000", "totalRevenue": "2456000000", "costOfRevenue": "2016000000", "costofGoodsAndServicesSold": "2016000000", "operatingIncome": "-3802000000", "sellingGeneralAndAdministrative": "329000000", "researchAndDevelopment": "131000000", "operatingExpenses": "362000000", "investmentIncomeNet": "None", "netInterestIncome": "None", "interestIncome": "None", "interestExpense": "40000000", "nonInterestIncome": "None", "otherNonOperatingIncome": "None", "depreciation": "None", "depreciationAndAmortization": "130000000", "incomeBeforeTax": "-3836000000", "incomeTaxExpense": "-594000000", "interestAndDebtExpense": "None", "netIncomeFromContinuingOperations": "0", "comprehensiveIncomeNetOfTax": "None", "ebit": "-3796000000", "ebitda": "-3666000000", "netIncome": "-3238000000"}, {"fiscalDateEnding": "2008-12-31", "reportedCurrency": "USD", "grossProfit": "554000000", "totalRevenue": "2809000000", "costOfRevenue": "2255000000", "costofGoodsAndServicesSold": "2255000000", "operatingIncome": "-21000000", "sellingGeneralAndAdministrative": "411000000", "researchAndDevelopment": "144000000", "operatingExpenses": "498000000", "investmentIncomeNet": "None", "netInterestIncome": "None", "interestIncome": "None", "interestExpense": "203000000", "nonInterestIncome": "None", "otherNonOperatingIncome": "None", "depreciation": "None", "depreciationAndAmortization": "132000000", "incomeBeforeTax": "-58000000", "incomeTaxExpense": "-23000000", "interestAndDebtExpense": "None", "netIncomeFromContinuingOperations": "0", "comprehensiveIncomeNetOfTax": "None", "ebit": "83000000", "ebitda": "215000000", "netIncome": "-37000000"}, {"fiscalDateEnding": "2008-09-30", "reportedCurrency": "USD", "grossProfit": "911000000", "totalRevenue": "3706000000", "costOfRevenue": "2795000000", "costofGoodsAndServicesSold": "2795000000", "operatingIncome": "236000000", "sellingGeneralAndAdministrative": "396000000", "researchAndDevelopment": "155000000", "operatingExpenses": "552000000", "investmentIncomeNet": "None", "netInterestIncome": "None", "interestIncome": "None", "interestExpense": "398000000", "nonInterestIncome": "None", "otherNonOperatingIncome": "None", "depreciation": "None", "depreciationAndAmortization": "145000000", "incomeBeforeTax": "158000000", "incomeTaxExpense": "50000000", "interestAndDebtExpense": "None", "netIncomeFromContinuingOperations": "0", "comprehensiveIncomeNetOfTax": "None", "ebit": "359000000", "ebitda": "504000000", "netIncome": "202000000"}, {"fiscalDateEnding": "2008-06-30", "reportedCurrency": "USD", "grossProfit": "997000000", "totalRevenue": "3908000000", "costOfRevenue": "2911000000", "costofGoodsAndServicesSold": "2911000000", "operatingIncome": "537000000", "sellingGeneralAndAdministrative": "409000000", "researchAndDevelopment": "152000000", "operatingExpenses": "444000000", "investmentIncomeNet": "None", "netInterestIncome": "None", "interestIncome": "None", "interestExpense": "63000000", "nonInterestIncome": "None", "otherNonOperatingIncome": "None", "depreciation": "None", "depreciationAndAmortization": "143000000", "incomeBeforeTax": "501000000", "incomeTaxExpense": "182000000", "interestAndDebtExpense": "None", "netIncomeFromContinuingOperations": "0", "comprehensiveIncomeNetOfTax": "None", "ebit": "507000000", "ebitda": "650000000", "netIncome": "330000000"}, {"fiscalDateEnding": "2008-03-31", "reportedCurrency": "USD", "grossProfit": "970000000", "totalRevenue": "3662000000", "costOfRevenue": "2692000000", "costofGoodsAndServicesSold": "2692000000", "operatingIncome": "501000000", "sellingGeneralAndAdministrative": "369000000", "researchAndDevelopment": "286000000", "operatingExpenses": "444000000", "investmentIncomeNet": "None", "netInterestIncome": "None", "interestIncome": "None", "interestExpense": "89000000", "nonInterestIncome": "None", "otherNonOperatingIncome": "None", "depreciation": "None", "depreciationAndAmortization": "131000000", "incomeBeforeTax": "474000000", "incomeTaxExpense": "171000000", "interestAndDebtExpense": "None", "netIncomeFromContinuingOperations": "0", "comprehensiveIncomeNetOfTax": "None", "ebit": "523000000", "ebitda": "654000000", "netIncome": "301000000"}, {"fiscalDateEnding": "2007-12-31", "reportedCurrency": "USD", "grossProfit": "917000000", "totalRevenue": "3675000000", "costOfRevenue": "2758000000", "costofGoodsAndServicesSold": "2758000000", "operatingIncome": "478000000", "sellingGeneralAndAdministrative": "399000000", "researchAndDevelopment": "0", "operatingExpenses": "418000000", "investmentIncomeNet": "None", "netInterestIncome": "None", "interestIncome": "None", "interestExpense": "1178000000", "nonInterestIncome": "None", "otherNonOperatingIncome": "None", "depreciation": "None", "depreciationAndAmortization": "140000000", "incomeBeforeTax": "1030000000", "incomeTaxExpense": "157000000", "interestAndDebtExpense": "None", "netIncomeFromContinuingOperations": "0", "comprehensiveIncomeNetOfTax": "None", "ebit": "493000000", "ebitda": "633000000", "netIncome": "949000000"}, {"fiscalDateEnding": "2007-09-30", "reportedCurrency": "USD", "grossProfit": "911000000", "totalRevenue": "3619000000", "costOfRevenue": "2708000000", "costofGoodsAndServicesSold": "2708000000", "operatingIncome": "443000000", "sellingGeneralAndAdministrative": "402000000", "researchAndDevelopment": "482000000", "operatingExpenses": "417000000", "investmentIncomeNet": "None", "netInterestIncome": "None", "interestIncome": "None", "interestExpense": "146000000", "nonInterestIncome": "None", "otherNonOperatingIncome": "None", "depreciation": "None", "depreciationAndAmortization": "138000000", "incomeBeforeTax": "413000000", "incomeTaxExpense": "146000000", "interestAndDebtExpense": "None", "netIncomeFromContinuingOperations": "0", "comprehensiveIncomeNetOfTax": "None", "ebit": "494000000", "ebitda": "632000000", "netIncome": "256000000"}, {"fiscalDateEnding": "2007-06-30", "reportedCurrency": "USD", "grossProfit": "862000000", "totalRevenue": "3412000000", "costOfRevenue": "2550000000", "costofGoodsAndServicesSold": "2550000000", "operatingIncome": "-508000000", "sellingGeneralAndAdministrative": "403000000", "researchAndDevelopment": "0", "operatingExpenses": "1342000000", "investmentIncomeNet": "None", "netInterestIncome": "None", "interestIncome": "None", "interestExpense": "1918000000", "nonInterestIncome": "None", "otherNonOperatingIncome": "None", "depreciation": "None", "depreciationAndAmortization": "146000000", "incomeBeforeTax": "-786000000", "incomeTaxExpense": "146000000", "interestAndDebtExpense": "None", "netIncomeFromContinuingOperations": "0", "comprehensiveIncomeNetOfTax": "None", "ebit": "-480000000", "ebitda": "-334000000", "netIncome": "-1368000000"}, {"fiscalDateEnding": "2007-03-31", "reportedCurrency": "USD", "grossProfit": "832000000", "totalRevenue": "3204000000", "costOfRevenue": "2372000000", "costofGoodsAndServicesSold": "2372000000", "operatingIncome": "419000000", "sellingGeneralAndAdministrative": "405000000", "researchAndDevelopment": "0", "operatingExpenses": "413000000", "investmentIncomeNet": "None", "netInterestIncome": "None", "interestIncome": "None", "interestExpense": "49000000", "nonInterestIncome": "None", "otherNonOperatingIncome": "None", "depreciation": "None", "depreciationAndAmortization": "123000000", "incomeBeforeTax": "375000000", "incomeTaxExpense": "93000000", "interestAndDebtExpense": "None", "netIncomeFromContinuingOperations": "0", "comprehensiveIncomeNetOfTax": "None", "ebit": "419000000", "ebitda": "542000000", "netIncome": "277000000"}, {"fiscalDateEnding": "2006-12-31", "reportedCurrency": "USD", "grossProfit": "815000000", "totalRevenue": "3094000000", "costOfRevenue": "2279000000", "costofGoodsAndServicesSold": "2279000000", "operatingIncome": "394000000", "sellingGeneralAndAdministrative": "388000000", "researchAndDevelopment": "0", "operatingExpenses": "421000000", "investmentIncomeNet": "None", "netInterestIncome": "None", "interestIncome": "None", "interestExpense": "5000000", "nonInterestIncome": "None", "otherNonOperatingIncome": "None", "depreciation": "None", "depreciationAndAmortization": "128000000", "incomeBeforeTax": "349000000", "incomeTaxExpense": "108000000", "interestAndDebtExpense": "None", "netIncomeFromContinuingOperations": "0", "comprehensiveIncomeNetOfTax": "None", "ebit": "394000000", "ebitda": "522000000", "netIncome": "281000000"}, {"fiscalDateEnding": "2006-09-30", "reportedCurrency": "USD", "grossProfit": "933000000", "totalRevenue": "3760000000", "costOfRevenue": "2827000000", "costofGoodsAndServicesSold": "2827000000", "operatingIncome": "119000000", "sellingGeneralAndAdministrative": "394000000", "researchAndDevelopment": "504000000", "operatingExpenses": "814000000", "investmentIncomeNet": "None", "netInterestIncome": "None", "interestIncome": "None", "interestExpense": "21000000", "nonInterestIncome": "None", "otherNonOperatingIncome": "None", "depreciation": "None", "depreciationAndAmortization": "174000000", "incomeBeforeTax": "73000000", "incomeTaxExpense": "-229000000", "interestAndDebtExpense": "None", "netIncomeFromContinuingOperations": "0", "comprehensiveIncomeNetOfTax": "None", "ebit": "119000000", "ebitda": "293000000", "netIncome": "369000000"}, {"fiscalDateEnding": "2006-06-30", "reportedCurrency": "USD", "grossProfit": "845000000", "totalRevenue": "3206000000", "costOfRevenue": "2361000000", "costofGoodsAndServicesSold": "2361000000", "operatingIncome": "459000000", "sellingGeneralAndAdministrative": "384000000", "researchAndDevelopment": "0", "operatingExpenses": "386000000", "investmentIncomeNet": "None", "netInterestIncome": "None", "interestIncome": "None", "interestExpense": "59000000", "nonInterestIncome": "None", "otherNonOperatingIncome": "None", "depreciation": "None", "depreciationAndAmortization": "None", "incomeBeforeTax": "408000000", "incomeTaxExpense": "102000000", "interestAndDebtExpense": "None", "netIncomeFromContinuingOperations": "0", "comprehensiveIncomeNetOfTax": "None", "ebit": "0", "ebitda": "459000000", "netIncome": "298000000"}, {"fiscalDateEnding": "2006-03-31", "reportedCurrency": "USD", "grossProfit": "0", "totalRevenue": "5846000000", "costOfRevenue": "4023000000", "costofGoodsAndServicesSold": "4023000000", "operatingIncome": "841000000", "sellingGeneralAndAdministrative": "746000000", "researchAndDevelopment": "0", "operatingExpenses": "0", "investmentIncomeNet": "None", "netInterestIncome": "None", "interestIncome": "None", "interestExpense": "136000000", "nonInterestIncome": "None", "otherNonOperatingIncome": "None", "depreciation": "None", "depreciationAndAmortization": "None", "incomeBeforeTax": "720000000", "incomeTaxExpense": "159000000", "interestAndDebtExpense": "None", "netIncomeFromContinuingOperations": "0", "comprehensiveIncomeNetOfTax": "None", "ebit": "0", "ebitda": "None", "netIncome": "526000000"}]}