{"symbol": "RSG", "annualReports": [{"fiscalDateEnding": "2024-12-31", "reportedCurrency": "USD", "grossProfit": "6682000000", "totalRevenue": "16032000000", "costOfRevenue": "9350000000", "costofGoodsAndServicesSold": "9350000000", "operatingIncome": "3196000000", "sellingGeneralAndAdministrative": "1647000000", "researchAndDevelopment": "None", "operatingExpenses": "3486000000", "investmentIncomeNet": "None", "netInterestIncome": "-530000000", "interestIncome": "9000000", "interestExpense": "539000000", "nonInterestIncome": "None", "otherNonOperatingIncome": "None", "depreciation": "None", "depreciationAndAmortization": "1784000000", "incomeBeforeTax": "2432000000", "incomeTaxExpense": "388000000", "interestAndDebtExpense": "None", "netIncomeFromContinuingOperations": "2044000000", "comprehensiveIncomeNetOfTax": "None", "ebit": "2971000000", "ebitda": "4755000000", "netIncome": "2043000000"}, {"fiscalDateEnding": "2023-12-31", "reportedCurrency": "USD", "grossProfit": "6022300000", "totalRevenue": "14964500000", "costOfRevenue": "8942200000", "costofGoodsAndServicesSold": "8942200000", "operatingIncome": "2780200000", "sellingGeneralAndAdministrative": "1522000000", "researchAndDevelopment": "None", "operatingExpenses": "3242100000", "investmentIncomeNet": "None", "netInterestIncome": "-485500000", "interestIncome": "6300000", "interestExpense": "508200000", "nonInterestIncome": "None", "otherNonOperatingIncome": "None", "depreciation": "None", "depreciationAndAmortization": "1599300000", "incomeBeforeTax": "2191500000", "incomeTaxExpense": "460100000", "interestAndDebtExpense": "None", "netIncomeFromContinuingOperations": "1638700000", "comprehensiveIncomeNetOfTax": "None", "ebit": "2721200000", "ebitda": "4320500000", "netIncome": "1731000000"}, {"fiscalDateEnding": "2022-12-31", "reportedCurrency": "USD", "grossProfit": "5306600000", "totalRevenue": "13511300000", "costOfRevenue": "8204700000", "costofGoodsAndServicesSold": "8204700000", "operatingIncome": "2391700000", "sellingGeneralAndAdministrative": "1335800000", "researchAndDevelopment": "None", "operatingExpenses": "2818500000", "investmentIncomeNet": "None", "netInterestIncome": "-392300000", "interestIncome": "557900000", "interestExpense": "395600000", "nonInterestIncome": "None", "otherNonOperatingIncome": "-164600000", "depreciation": "None", "depreciationAndAmortization": "1441200000", "incomeBeforeTax": "1831500000", "incomeTaxExpense": "343900000", "interestAndDebtExpense": "None", "netIncomeFromContinuingOperations": "1487600000", "comprehensiveIncomeNetOfTax": "None", "ebit": "2218300000", "ebitda": "3659500000", "netIncome": "1487600000"}, {"fiscalDateEnding": "2021-12-31", "reportedCurrency": "USD", "grossProfit": "4557300000", "totalRevenue": "11295000000", "costOfRevenue": "6737700000", "costofGoodsAndServicesSold": "6737700000", "operatingIncome": "2076200000", "sellingGeneralAndAdministrative": "1175900000", "researchAndDevelopment": "None", "operatingExpenses": "2464000000", "investmentIncomeNet": "None", "netInterestIncome": "-312100000", "interestIncome": "2500000", "interestExpense": "314600000", "nonInterestIncome": "None", "otherNonOperatingIncome": "-186500000", "depreciation": "None", "depreciationAndAmortization": "1268200000", "incomeBeforeTax": "1575100000", "incomeTaxExpense": "282800000", "interestAndDebtExpense": "None", "netIncomeFromContinuingOperations": "1292300000", "comprehensiveIncomeNetOfTax": "None", "ebit": "2116600000", "ebitda": "3384800000", "netIncome": "1290400000"}, {"fiscalDateEnding": "2020-12-31", "reportedCurrency": "USD", "grossProfit": "4053100000", "totalRevenue": "10153600000", "costOfRevenue": "6100500000", "costofGoodsAndServicesSold": "6100500000", "operatingIncome": "1709100000", "sellingGeneralAndAdministrative": "1025200000", "researchAndDevelopment": "None", "operatingExpenses": "2211800000", "investmentIncomeNet": "None", "netInterestIncome": "-350400000", "interestIncome": "468600000", "interestExpense": "355600000", "nonInterestIncome": "None", "otherNonOperatingIncome": "-210800000", "depreciation": "None", "depreciationAndAmortization": "1158800000", "incomeBeforeTax": "1142700000", "incomeTaxExpense": "173100000", "interestAndDebtExpense": "None", "netIncomeFromContinuingOperations": "969600000", "comprehensiveIncomeNetOfTax": "None", "ebit": "1841300000", "ebitda": "3000100000", "netIncome": "967200000"}, {"fiscalDateEnding": "2019-12-31", "reportedCurrency": "USD", "grossProfit": "4001000000", "totalRevenue": "10299400000", "costOfRevenue": "6298400000", "costofGoodsAndServicesSold": "6298400000", "operatingIncome": "1787200000", "sellingGeneralAndAdministrative": "1042000000", "researchAndDevelopment": "None", "operatingExpenses": "2198400000", "investmentIncomeNet": "None", "netInterestIncome": "-385600000", "interestIncome": "6400000", "interestExpense": "392000000", "nonInterestIncome": "None", "otherNonOperatingIncome": "-99400000", "depreciation": "None", "depreciationAndAmortization": "1122400000", "incomeBeforeTax": "1295800000", "incomeTaxExpense": "222000000", "interestAndDebtExpense": "None", "netIncomeFromContinuingOperations": "1073800000", "comprehensiveIncomeNetOfTax": "None", "ebit": "1786700000", "ebitda": "2909100000", "netIncome": "1073300000"}, {"fiscalDateEnding": "2018-12-31", "reportedCurrency": "USD", "grossProfit": "3890900000", "totalRevenue": "10040900000", "costOfRevenue": "6150000000", "costofGoodsAndServicesSold": "6150000000", "operatingIncome": "1735800000", "sellingGeneralAndAdministrative": "1059500000", "researchAndDevelopment": "None", "operatingExpenses": "2173600000", "investmentIncomeNet": "None", "netInterestIncome": "-382200000", "interestIncome": "1600000", "interestExpense": "383800000", "nonInterestIncome": "None", "otherNonOperatingIncome": "-31100000", "depreciation": "None", "depreciationAndAmortization": "1114100000", "incomeBeforeTax": "1320900000", "incomeTaxExpense": "283300000", "interestAndDebtExpense": "None", "netIncomeFromContinuingOperations": "1037600000", "comprehensiveIncomeNetOfTax": "None", "ebit": "1717300000", "ebitda": "2831400000", "netIncome": "1036900000"}, {"fiscalDateEnding": "2017-12-31", "reportedCurrency": "USD", "grossProfit": "3826900000", "totalRevenue": "10041500000", "costOfRevenue": "6214600000", "costofGoodsAndServicesSold": "6214600000", "operatingIncome": "1668500000", "sellingGeneralAndAdministrative": "1026800000", "researchAndDevelopment": "0", "operatingExpenses": "2173500000", "investmentIncomeNet": "None", "netInterestIncome": "-324900000", "interestIncome": "1000000", "interestExpense": "361900000", "nonInterestIncome": "None", "otherNonOperatingIncome": "-24500000", "depreciation": "None", "depreciationAndAmortization": "1116100000", "incomeBeforeTax": "1282100000", "incomeTaxExpense": "3100000", "interestAndDebtExpense": "None", "netIncomeFromContinuingOperations": "1279000000", "comprehensiveIncomeNetOfTax": "None", "ebit": "1653400000", "ebitda": "2769500000", "netIncome": "1278400000"}, {"fiscalDateEnding": "2016-12-31", "reportedCurrency": "USD", "grossProfit": "3623700000", "totalRevenue": "9387700000", "costOfRevenue": "5764000000", "costofGoodsAndServicesSold": "5764000000", "operatingIncome": "1537500000", "sellingGeneralAndAdministrative": "949400000", "researchAndDevelopment": "0", "operatingExpenses": "2040000000", "investmentIncomeNet": "None", "netInterestIncome": "-324600000", "interestIncome": "900000", "interestExpense": "371300000", "nonInterestIncome": "None", "otherNonOperatingIncome": "-200300000", "depreciation": "None", "depreciationAndAmortization": "1070200000", "incomeBeforeTax": "965900000", "incomeTaxExpense": "352700000", "interestAndDebtExpense": "None", "netIncomeFromContinuingOperations": "613200000", "comprehensiveIncomeNetOfTax": "None", "ebit": "1583700000", "ebitda": "2653900000", "netIncome": "612600000"}, {"fiscalDateEnding": "2015-12-31", "reportedCurrency": "USD", "grossProfit": "3596400000", "totalRevenue": "9115000000", "costOfRevenue": "5518600000", "costofGoodsAndServicesSold": "5518600000", "operatingIncome": "1558800000", "sellingGeneralAndAdministrative": "960400000", "researchAndDevelopment": "0", "operatingExpenses": "2033100000", "investmentIncomeNet": "None", "netInterestIncome": "None", "interestIncome": "317000000", "interestExpense": "364900000", "nonInterestIncome": "None", "otherNonOperatingIncome": "2000000", "depreciation": "None", "depreciationAndAmortization": "1050000000", "incomeBeforeTax": "1195900000", "incomeTaxExpense": "445500000", "interestAndDebtExpense": "None", "netIncomeFromContinuingOperations": "750400000", "comprehensiveIncomeNetOfTax": "None", "ebit": "1513300000", "ebitda": "2563300000", "netIncome": "749900000"}, {"fiscalDateEnding": "2014-12-31", "reportedCurrency": "USD", "grossProfit": "3160200000", "totalRevenue": "8788300000", "costOfRevenue": "5628100000", "costofGoodsAndServicesSold": "5628100000", "operatingIncome": "1233100000", "sellingGeneralAndAdministrative": "896300000", "researchAndDevelopment": "0", "operatingExpenses": "1903800000", "investmentIncomeNet": "None", "netInterestIncome": "None", "interestIncome": "None", "interestExpense": "348700000", "nonInterestIncome": "None", "otherNonOperatingIncome": "900000", "depreciation": "None", "depreciationAndAmortization": "984900000", "incomeBeforeTax": "885300000", "incomeTaxExpense": "337400000", "interestAndDebtExpense": "None", "netIncomeFromContinuingOperations": "547900000", "comprehensiveIncomeNetOfTax": "None", "ebit": "1256400000", "ebitda": "2241300000", "netIncome": "547600000"}, {"fiscalDateEnding": "2013-12-31", "reportedCurrency": "USD", "grossProfit": "3182500000", "totalRevenue": "8417200000", "costOfRevenue": "5234700000", "costofGoodsAndServicesSold": "5234700000", "operatingIncome": "1210300000", "sellingGeneralAndAdministrative": "837700000", "researchAndDevelopment": "0", "operatingExpenses": "1807800000", "investmentIncomeNet": "None", "netInterestIncome": "None", "interestIncome": "None", "interestExpense": "360000000", "nonInterestIncome": "None", "otherNonOperatingIncome": "900000", "depreciation": "None", "depreciationAndAmortization": "954000000", "incomeBeforeTax": "851200000", "incomeTaxExpense": "262100000", "interestAndDebtExpense": "None", "netIncomeFromContinuingOperations": "589100000", "comprehensiveIncomeNetOfTax": "None", "ebit": "1374900000", "ebitda": "2328900000", "netIncome": "588900000"}, {"fiscalDateEnding": "2012-12-31", "reportedCurrency": "USD", "grossProfit": "3112600000", "totalRevenue": "8118300000", "costOfRevenue": "5005700000", "costofGoodsAndServicesSold": "5005700000", "operatingIncome": "1320600000", "sellingGeneralAndAdministrative": "791200000", "researchAndDevelopment": "0", "operatingExpenses": "1747800000", "investmentIncomeNet": "None", "netInterestIncome": "None", "interestIncome": "None", "interestExpense": "388500000", "nonInterestIncome": "None", "otherNonOperatingIncome": "-108200000", "depreciation": "None", "depreciationAndAmortization": "926900000", "incomeBeforeTax": "823900000", "incomeTaxExpense": "251800000", "interestAndDebtExpense": "None", "netIncomeFromContinuingOperations": "572100000", "comprehensiveIncomeNetOfTax": "None", "ebit": "1369200000", "ebitda": "2296100000", "netIncome": "571800000"}, {"fiscalDateEnding": "2011-12-31", "reportedCurrency": "USD", "grossProfit": "3327800000", "totalRevenue": "8192900000", "costOfRevenue": "4865100000", "costofGoodsAndServicesSold": "4865100000", "operatingIncome": "1552700000", "sellingGeneralAndAdministrative": "825400000", "researchAndDevelopment": "0", "operatingExpenses": "1747000000", "investmentIncomeNet": "None", "netInterestIncome": "None", "interestIncome": "None", "interestExpense": "440200000", "nonInterestIncome": "None", "otherNonOperatingIncome": "-210800000", "depreciation": "None", "depreciationAndAmortization": "843600000", "incomeBeforeTax": "906300000", "incomeTaxExpense": "317400000", "interestAndDebtExpense": "None", "netIncomeFromContinuingOperations": "1223700000", "comprehensiveIncomeNetOfTax": "None", "ebit": "1581100000", "ebitda": "2424700000", "netIncome": "589200000"}, {"fiscalDateEnding": "2010-12-31", "reportedCurrency": "USD", "grossProfit": "3341800000", "totalRevenue": "8106600000", "costOfRevenue": "4764800000", "costofGoodsAndServicesSold": "4764800000", "operatingIncome": "1539100000", "sellingGeneralAndAdministrative": "858000000", "researchAndDevelopment": "0", "operatingExpenses": "1791300000", "investmentIncomeNet": "None", "netInterestIncome": "None", "interestIncome": "None", "interestExpense": "507400000", "nonInterestIncome": "None", "otherNonOperatingIncome": "-154700000", "depreciation": "None", "depreciationAndAmortization": "833700000", "incomeBeforeTax": "877000000", "incomeTaxExpense": "369500000", "interestAndDebtExpense": "None", "netIncomeFromContinuingOperations": "507500000", "comprehensiveIncomeNetOfTax": "None", "ebit": "1556600000", "ebitda": "2390300000", "netIncome": "506500000"}, {"fiscalDateEnding": "2009-12-31", "reportedCurrency": "USD", "grossProfit": "3354900000", "totalRevenue": "8199100000", "costOfRevenue": "4844200000", "costofGoodsAndServicesSold": "4844200000", "operatingIncome": "1589800000", "sellingGeneralAndAdministrative": "969200000", "researchAndDevelopment": "0", "operatingExpenses": "1838900000", "investmentIncomeNet": "None", "netInterestIncome": "None", "interestIncome": "None", "interestExpense": "595900000", "nonInterestIncome": "None", "otherNonOperatingIncome": "-128900000", "depreciation": "None", "depreciationAndAmortization": "869700000", "incomeBeforeTax": "865000000", "incomeTaxExpense": "368500000", "interestAndDebtExpense": "None", "netIncomeFromContinuingOperations": "496500000", "comprehensiveIncomeNetOfTax": "None", "ebit": "1460900000", "ebitda": "2330600000", "netIncome": "495000000"}, {"fiscalDateEnding": "2008-12-31", "reportedCurrency": "USD", "grossProfit": "1268400000", "totalRevenue": "3685100000", "costOfRevenue": "2416700000", "costofGoodsAndServicesSold": "2416700000", "operatingIncome": "283200000", "sellingGeneralAndAdministrative": "434700000", "researchAndDevelopment": "None", "operatingExpenses": "902500000", "investmentIncomeNet": "None", "netInterestIncome": "None", "interestIncome": "None", "interestExpense": "131900000", "nonInterestIncome": "None", "otherNonOperatingIncome": "None", "depreciation": "None", "depreciationAndAmortization": "354100000", "incomeBeforeTax": "159300000", "incomeTaxExpense": "85400000", "interestAndDebtExpense": "None", "netIncomeFromContinuingOperations": "None", "comprehensiveIncomeNetOfTax": "None", "ebit": "291200000", "ebitda": "645300000", "netIncome": "73800000"}, {"fiscalDateEnding": "2007-12-31", "reportedCurrency": "USD", "grossProfit": "1178900000", "totalRevenue": "3176200000", "costOfRevenue": "1997300000", "costofGoodsAndServicesSold": "1997300000", "operatingIncome": "536000000", "sellingGeneralAndAdministrative": "320300000", "researchAndDevelopment": "None", "operatingExpenses": "642900000", "investmentIncomeNet": "None", "netInterestIncome": "None", "interestIncome": "None", "interestExpense": "94800000", "nonInterestIncome": "None", "otherNonOperatingIncome": "None", "depreciation": "None", "depreciationAndAmortization": "305500000", "incomeBeforeTax": "468100000", "incomeTaxExpense": "177900000", "interestAndDebtExpense": "None", "netIncomeFromContinuingOperations": "None", "comprehensiveIncomeNetOfTax": "None", "ebit": "536000000", "ebitda": "841500000", "netIncome": "290200000"}, {"fiscalDateEnding": "2006-12-31", "reportedCurrency": "USD", "grossProfit": "1146200000", "totalRevenue": "3070600000", "costOfRevenue": "1924400000", "costofGoodsAndServicesSold": "1924400000", "operatingIncome": "519500000", "sellingGeneralAndAdministrative": "315000000", "researchAndDevelopment": "None", "operatingExpenses": "626700000", "investmentIncomeNet": "None", "netInterestIncome": "None", "interestIncome": "None", "interestExpense": "95800000", "nonInterestIncome": "None", "otherNonOperatingIncome": "None", "depreciation": "None", "depreciationAndAmortization": "296000000", "incomeBeforeTax": "443700000", "incomeTaxExpense": "164100000", "interestAndDebtExpense": "None", "netIncomeFromContinuingOperations": "None", "comprehensiveIncomeNetOfTax": "None", "ebit": "519500000", "ebitda": "815500000", "netIncome": "279600000"}, {"fiscalDateEnding": "2005-12-31", "reportedCurrency": "USD", "grossProfit": "1060000000", "totalRevenue": "2863900000", "costOfRevenue": "1803900000", "costofGoodsAndServicesSold": "1803900000", "operatingIncome": "477200000", "sellingGeneralAndAdministrative": "304000000", "researchAndDevelopment": "None", "operatingExpenses": "582800000", "investmentIncomeNet": "None", "netInterestIncome": "None", "interestIncome": "None", "interestExpense": "81000000", "nonInterestIncome": "None", "otherNonOperatingIncome": "None", "depreciation": "None", "depreciationAndAmortization": "278800000", "incomeBeforeTax": "409200000", "incomeTaxExpense": "155500000", "interestAndDebtExpense": "None", "netIncomeFromContinuingOperations": "None", "comprehensiveIncomeNetOfTax": "None", "ebit": "477200000", "ebitda": "756000000", "netIncome": "253700000"}], "quarterlyReports": [{"fiscalDateEnding": "2024-12-31", "reportedCurrency": "USD", "grossProfit": "1728700000", "totalRevenue": "4046000000", "costOfRevenue": "2317300000", "costofGoodsAndServicesSold": "2317300000", "operatingIncome": "803000000", "sellingGeneralAndAdministrative": "439300000", "researchAndDevelopment": "None", "operatingExpenses": "925300000", "investmentIncomeNet": "None", "netInterestIncome": "-131600000", "interestIncome": "1600000", "interestExpense": "133200000", "nonInterestIncome": "None", "otherNonOperatingIncome": "None", "depreciation": "None", "depreciationAndAmortization": "469700000", "incomeBeforeTax": "532000000", "incomeTaxExpense": "20000000", "interestAndDebtExpense": "None", "netIncomeFromContinuingOperations": "512500000", "comprehensiveIncomeNetOfTax": "None", "ebit": "665900000", "ebitda": "1135600000", "netIncome": "512000000"}, {"fiscalDateEnding": "2024-09-30", "reportedCurrency": "USD", "grossProfit": "1260600000", "totalRevenue": "4076200000", "costOfRevenue": "2815600000", "costofGoodsAndServicesSold": "2815600000", "operatingIncome": "845900000", "sellingGeneralAndAdministrative": "406000000", "researchAndDevelopment": "None", "operatingExpenses": "406000000", "investmentIncomeNet": "None", "netInterestIncome": "-133900000", "interestIncome": "4300000", "interestExpense": "138200000", "nonInterestIncome": "None", "otherNonOperatingIncome": "None", "depreciation": "None", "depreciationAndAmortization": "448700000", "incomeBeforeTax": "646500000", "incomeTaxExpense": "80600000", "interestAndDebtExpense": "None", "netIncomeFromContinuingOperations": "565900000", "comprehensiveIncomeNetOfTax": "None", "ebit": "782800000", "ebitda": "1231500000", "netIncome": "565700000"}, {"fiscalDateEnding": "2024-06-30", "reportedCurrency": "USD", "grossProfit": "1225700000", "totalRevenue": "4048000000", "costOfRevenue": "2822300000", "costofGoodsAndServicesSold": "2822300000", "operatingIncome": "818100000", "sellingGeneralAndAdministrative": "395100000", "researchAndDevelopment": "None", "operatingExpenses": "407600000", "investmentIncomeNet": "None", "netInterestIncome": "-126700000", "interestIncome": "1600000", "interestExpense": "128300000", "nonInterestIncome": "None", "otherNonOperatingIncome": "None", "depreciation": "None", "depreciationAndAmortization": "439700000", "incomeBeforeTax": "654000000", "incomeTaxExpense": "142100000", "interestAndDebtExpense": "None", "netIncomeFromContinuingOperations": "511900000", "comprehensiveIncomeNetOfTax": "None", "ebit": "818100000", "ebitda": "1257800000", "netIncome": "511500000"}, {"fiscalDateEnding": "2024-03-31", "reportedCurrency": "USD", "grossProfit": "1578500000", "totalRevenue": "3861700000", "costOfRevenue": "2283200000", "costofGoodsAndServicesSold": "2283200000", "operatingIncome": "732800000", "sellingGeneralAndAdministrative": "406700000", "researchAndDevelopment": "None", "operatingExpenses": "839800000", "investmentIncomeNet": "None", "netInterestIncome": "-137800000", "interestIncome": "1500000", "interestExpense": "139300000", "nonInterestIncome": "None", "otherNonOperatingIncome": "None", "depreciation": "None", "depreciationAndAmortization": "425800000", "incomeBeforeTax": "598900000", "incomeTaxExpense": "145200000", "interestAndDebtExpense": "None", "netIncomeFromContinuingOperations": "453700000", "comprehensiveIncomeNetOfTax": "None", "ebit": "738700000", "ebitda": "1164500000", "netIncome": "453800000"}, {"fiscalDateEnding": "2023-12-31", "reportedCurrency": "USD", "grossProfit": "1140800000", "totalRevenue": "3831600000", "costOfRevenue": "2690800000", "costofGoodsAndServicesSold": "2690800000", "operatingIncome": "714100000", "sellingGeneralAndAdministrative": "407600000", "researchAndDevelopment": "None", "operatingExpenses": "426700000", "investmentIncomeNet": "None", "netInterestIncome": "-127900000", "interestIncome": "1500000", "interestExpense": "139500000", "nonInterestIncome": "None", "otherNonOperatingIncome": "None", "depreciation": "None", "depreciationAndAmortization": "426700000", "incomeBeforeTax": "482900000", "incomeTaxExpense": "43200000", "interestAndDebtExpense": "None", "netIncomeFromContinuingOperations": "439700000", "comprehensiveIncomeNetOfTax": "None", "ebit": "618400000", "ebitda": "1045100000", "netIncome": "439600000"}, {"fiscalDateEnding": "2023-09-30", "reportedCurrency": "USD", "grossProfit": "1541600000", "totalRevenue": "3825900000", "costOfRevenue": "2284300000", "costofGoodsAndServicesSold": "2284300000", "operatingIncome": "727800000", "sellingGeneralAndAdministrative": "377000000", "researchAndDevelopment": "None", "operatingExpenses": "802800000", "investmentIncomeNet": "None", "netInterestIncome": "-125600000", "interestIncome": "122800000", "interestExpense": "127600000", "nonInterestIncome": "None", "otherNonOperatingIncome": "None", "depreciation": "None", "depreciationAndAmortization": "406900000", "incomeBeforeTax": "606300000", "incomeTaxExpense": "126000000", "interestAndDebtExpense": "None", "netIncomeFromContinuingOperations": "480300000", "comprehensiveIncomeNetOfTax": "None", "ebit": "736400000", "ebitda": "1143300000", "netIncome": "480200000"}, {"fiscalDateEnding": "2023-06-30", "reportedCurrency": "USD", "grossProfit": "1501500000", "totalRevenue": "3725900000", "costOfRevenue": "2224400000", "costofGoodsAndServicesSold": "2224400000", "operatingIncome": "707200000", "sellingGeneralAndAdministrative": "373600000", "researchAndDevelopment": "None", "operatingExpenses": "768200000", "investmentIncomeNet": "None", "netInterestIncome": "-122800000", "interestIncome": "1600000", "interestExpense": "124400000", "nonInterestIncome": "None", "otherNonOperatingIncome": "-2600000", "depreciation": "None", "depreciationAndAmortization": "382800000", "incomeBeforeTax": "580200000", "incomeTaxExpense": "152600000", "interestAndDebtExpense": "None", "netIncomeFromContinuingOperations": "427600000", "comprehensiveIncomeNetOfTax": "None", "ebit": "733300000", "ebitda": "1116100000", "netIncome": "427400000"}, {"fiscalDateEnding": "2023-03-31", "reportedCurrency": "USD", "grossProfit": "1411600000", "totalRevenue": "3581100000", "costOfRevenue": "2169500000", "costofGoodsAndServicesSold": "2169500000", "operatingIncome": "644100000", "sellingGeneralAndAdministrative": "363800000", "researchAndDevelopment": "None", "operatingExpenses": "754400000", "investmentIncomeNet": "None", "netInterestIncome": "-125300000", "interestIncome": "124300000", "interestExpense": "126700000", "nonInterestIncome": "None", "otherNonOperatingIncome": "4700000", "depreciation": "None", "depreciationAndAmortization": "382800000", "incomeBeforeTax": "522100000", "incomeTaxExpense": "138200000", "interestAndDebtExpense": "None", "netIncomeFromContinuingOperations": "383900000", "comprehensiveIncomeNetOfTax": "None", "ebit": "657200000", "ebitda": "1040000000", "netIncome": "383900000"}, {"fiscalDateEnding": "2022-12-31", "reportedCurrency": "USD", "grossProfit": "1348400000", "totalRevenue": "3529700000", "costOfRevenue": "2181300000", "costofGoodsAndServicesSold": "2181300000", "operatingIncome": "577200000", "sellingGeneralAndAdministrative": "369700000", "researchAndDevelopment": "None", "operatingExpenses": "755900000", "investmentIncomeNet": "None", "netInterestIncome": "-111500000", "interestIncome": "207900000", "interestExpense": "112900000", "nonInterestIncome": "None", "otherNonOperatingIncome": "-90900000", "depreciation": "None", "depreciationAndAmortization": "372500000", "incomeBeforeTax": "373400000", "incomeTaxExpense": "26400000", "interestAndDebtExpense": "None", "netIncomeFromContinuingOperations": "347000000", "comprehensiveIncomeNetOfTax": "None", "ebit": "475900000", "ebitda": "848400000", "netIncome": "346800000"}, {"fiscalDateEnding": "2022-09-30", "reportedCurrency": "USD", "grossProfit": "1405400000", "totalRevenue": "3597800000", "costOfRevenue": "2192400000", "costofGoodsAndServicesSold": "2192400000", "operatingIncome": "664300000", "sellingGeneralAndAdministrative": "342900000", "researchAndDevelopment": "None", "operatingExpenses": "730200000", "investmentIncomeNet": "None", "netInterestIncome": "-104400000", "interestIncome": "156200000", "interestExpense": "105200000", "nonInterestIncome": "None", "otherNonOperatingIncome": "-51300000", "depreciation": "None", "depreciationAndAmortization": "376700000", "incomeBeforeTax": "507800000", "incomeTaxExpense": "90900000", "interestAndDebtExpense": "None", "netIncomeFromContinuingOperations": "416900000", "comprehensiveIncomeNetOfTax": "None", "ebit": "674600000", "ebitda": "1051300000", "netIncome": "416900000"}, {"fiscalDateEnding": "2022-06-30", "reportedCurrency": "USD", "grossProfit": "1349300000", "totalRevenue": "3413700000", "costOfRevenue": "2064400000", "costofGoodsAndServicesSold": "2064400000", "operatingIncome": "589600000", "sellingGeneralAndAdministrative": "330100000", "researchAndDevelopment": "None", "operatingExpenses": "700600000", "investmentIncomeNet": "None", "netInterestIncome": "-93300000", "interestIncome": "700000", "interestExpense": "94000000", "nonInterestIncome": "None", "otherNonOperatingIncome": "-17500000", "depreciation": "None", "depreciationAndAmortization": "360000000", "incomeBeforeTax": "478100000", "incomeTaxExpense": "106300000", "interestAndDebtExpense": "None", "netIncomeFromContinuingOperations": "371900000", "comprehensiveIncomeNetOfTax": "None", "ebit": "572400000", "ebitda": "932400000", "netIncome": "371900000"}, {"fiscalDateEnding": "2022-03-31", "reportedCurrency": "USD", "grossProfit": "1206500000", "totalRevenue": "2968800000", "costOfRevenue": "1762300000", "costofGoodsAndServicesSold": "1762300000", "operatingIncome": "560600000", "sellingGeneralAndAdministrative": "296400000", "researchAndDevelopment": "None", "operatingExpenses": "635100000", "investmentIncomeNet": "None", "netInterestIncome": "-83000000", "interestIncome": "500000", "interestExpense": "83500000", "nonInterestIncome": "None", "otherNonOperatingIncome": "-4900000", "depreciation": "None", "depreciationAndAmortization": "332100000", "incomeBeforeTax": "472200000", "incomeTaxExpense": "120300000", "interestAndDebtExpense": "None", "netIncomeFromContinuingOperations": "351900000", "comprehensiveIncomeNetOfTax": "None", "ebit": "571400000", "ebitda": "903500000", "netIncome": "352000000"}, {"fiscalDateEnding": "2021-12-31", "reportedCurrency": "USD", "grossProfit": "1143000000", "totalRevenue": "2952900000", "costOfRevenue": "1809900000", "costofGoodsAndServicesSold": "1809900000", "operatingIncome": "501600000", "sellingGeneralAndAdministrative": "314300000", "researchAndDevelopment": "None", "operatingExpenses": "635300000", "investmentIncomeNet": "None", "netInterestIncome": "-79200000", "interestIncome": "500000", "interestExpense": "79700000", "nonInterestIncome": "None", "otherNonOperatingIncome": "-145100000", "depreciation": "None", "depreciationAndAmortization": "319800000", "incomeBeforeTax": "276900000", "incomeTaxExpense": "-36200000", "interestAndDebtExpense": "None", "netIncomeFromContinuingOperations": "313100000", "comprehensiveIncomeNetOfTax": "None", "ebit": "339700000", "ebitda": "659500000", "netIncome": "313100000"}, {"fiscalDateEnding": "2021-09-30", "reportedCurrency": "USD", "grossProfit": "1189900000", "totalRevenue": "2933900000", "costOfRevenue": "1744000000", "costofGoodsAndServicesSold": "1744000000", "operatingIncome": "564200000", "sellingGeneralAndAdministrative": "291800000", "researchAndDevelopment": "None", "operatingExpenses": "621100000", "investmentIncomeNet": "None", "netInterestIncome": "-77500000", "interestIncome": "92600000", "interestExpense": "78100000", "nonInterestIncome": "None", "otherNonOperatingIncome": "-15400000", "depreciation": "None", "depreciationAndAmortization": "322100000", "incomeBeforeTax": "470700000", "incomeTaxExpense": "119900000", "interestAndDebtExpense": "None", "netIncomeFromContinuingOperations": "350800000", "comprehensiveIncomeNetOfTax": "None", "ebit": "572900000", "ebitda": "895000000", "netIncome": "350300000"}, {"fiscalDateEnding": "2021-06-30", "reportedCurrency": "USD", "grossProfit": "1162100000", "totalRevenue": "2812800000", "costOfRevenue": "1650700000", "costofGoodsAndServicesSold": "1650700000", "operatingIncome": "517900000", "sellingGeneralAndAdministrative": "308600000", "researchAndDevelopment": "None", "operatingExpenses": "639500000", "investmentIncomeNet": "None", "netInterestIncome": "-77800000", "interestIncome": "600000", "interestExpense": "78400000", "nonInterestIncome": "None", "otherNonOperatingIncome": "-12100000", "depreciation": "None", "depreciationAndAmortization": "323700000", "incomeBeforeTax": "427400000", "incomeTaxExpense": "95400000", "interestAndDebtExpense": "None", "netIncomeFromContinuingOperations": "332000000", "comprehensiveIncomeNetOfTax": "None", "ebit": "538900000", "ebitda": "862600000", "netIncome": "331100000"}, {"fiscalDateEnding": "2021-03-31", "reportedCurrency": "USD", "grossProfit": "1062100000", "totalRevenue": "2596400000", "costOfRevenue": "1534300000", "costofGoodsAndServicesSold": "1534300000", "operatingIncome": "492400000", "sellingGeneralAndAdministrative": "261100000", "researchAndDevelopment": "None", "operatingExpenses": "568000000", "investmentIncomeNet": "None", "netInterestIncome": "-77600000", "interestIncome": "800000", "interestExpense": "78400000", "nonInterestIncome": "None", "otherNonOperatingIncome": "-13900000", "depreciation": "None", "depreciationAndAmortization": "302600000", "incomeBeforeTax": "400100000", "incomeTaxExpense": "103700000", "interestAndDebtExpense": "None", "netIncomeFromContinuingOperations": "296400000", "comprehensiveIncomeNetOfTax": "None", "ebit": "494100000", "ebitda": "796700000", "netIncome": "295900000"}, {"fiscalDateEnding": "2020-12-31", "reportedCurrency": "USD", "grossProfit": "1026100000", "totalRevenue": "2573300000", "costOfRevenue": "1547200000", "costofGoodsAndServicesSold": "1547200000", "operatingIncome": "432700000", "sellingGeneralAndAdministrative": "251900000", "researchAndDevelopment": "None", "operatingExpenses": "545700000", "investmentIncomeNet": "None", "netInterestIncome": "-77000000", "interestIncome": "164400000", "interestExpense": "78100000", "nonInterestIncome": "None", "otherNonOperatingIncome": "-166400000", "depreciation": "None", "depreciationAndAmortization": "288000000", "incomeBeforeTax": "201300000", "incomeTaxExpense": "-35000000", "interestAndDebtExpense": "None", "netIncomeFromContinuingOperations": "236300000", "comprehensiveIncomeNetOfTax": "None", "ebit": "279500000", "ebitda": "567500000", "netIncome": "235500000"}, {"fiscalDateEnding": "2020-09-30", "reportedCurrency": "USD", "grossProfit": "1036700000", "totalRevenue": "2572100000", "costOfRevenue": "1535400000", "costofGoodsAndServicesSold": "1535400000", "operatingIncome": "447900000", "sellingGeneralAndAdministrative": "250000000", "researchAndDevelopment": "None", "operatingExpenses": "547500000", "investmentIncomeNet": "None", "netInterestIncome": "-88400000", "interestIncome": "96600000", "interestExpense": "88900000", "nonInterestIncome": "None", "otherNonOperatingIncome": "-40300000", "depreciation": "None", "depreciationAndAmortization": "291400000", "incomeBeforeTax": "318700000", "incomeTaxExpense": "58500000", "interestAndDebtExpense": "None", "netIncomeFromContinuingOperations": "260200000", "comprehensiveIncomeNetOfTax": "None", "ebit": "489200000", "ebitda": "780600000", "netIncome": "260000000"}, {"fiscalDateEnding": "2020-06-30", "reportedCurrency": "USD", "grossProfit": "986300000", "totalRevenue": "2454400000", "costOfRevenue": "1468100000", "costofGoodsAndServicesSold": "1468100000", "operatingIncome": "395200000", "sellingGeneralAndAdministrative": "249300000", "researchAndDevelopment": "None", "operatingExpenses": "550200000", "investmentIncomeNet": "None", "netInterestIncome": "-88300000", "interestIncome": "3300000", "interestExpense": "91600000", "nonInterestIncome": "None", "otherNonOperatingIncome": "-3500000", "depreciation": "None", "depreciationAndAmortization": "289900000", "incomeBeforeTax": "300100000", "incomeTaxExpense": "73800000", "interestAndDebtExpense": "None", "netIncomeFromContinuingOperations": "226300000", "comprehensiveIncomeNetOfTax": "None", "ebit": "434500000", "ebitda": "724400000", "netIncome": "225500000"}, {"fiscalDateEnding": "2020-03-31", "reportedCurrency": "USD", "grossProfit": "1003800000", "totalRevenue": "2553900000", "costOfRevenue": "1550100000", "costofGoodsAndServicesSold": "1550100000", "operatingIncome": "433000000", "sellingGeneralAndAdministrative": "268400000", "researchAndDevelopment": "None", "operatingExpenses": "562800000", "investmentIncomeNet": "None", "netInterestIncome": "-96300000", "interestIncome": "300000", "interestExpense": "96600000", "nonInterestIncome": "None", "otherNonOperatingIncome": "-600000", "depreciation": "None", "depreciationAndAmortization": "289500000", "incomeBeforeTax": "322600000", "incomeTaxExpense": "75800000", "interestAndDebtExpense": "None", "netIncomeFromContinuingOperations": "246800000", "comprehensiveIncomeNetOfTax": "None", "ebit": "426500000", "ebitda": "716000000", "netIncome": "246300000"}, {"fiscalDateEnding": "2019-12-31", "reportedCurrency": "USD", "grossProfit": "1032700000", "totalRevenue": "2576700000", "costOfRevenue": "1544000000", "costofGoodsAndServicesSold": "1544000000", "operatingIncome": "459200000", "sellingGeneralAndAdministrative": "263500000", "researchAndDevelopment": "None", "operatingExpenses": "551900000", "investmentIncomeNet": "None", "netInterestIncome": "-94100000", "interestIncome": "1000000", "interestExpense": "95100000", "nonInterestIncome": "None", "otherNonOperatingIncome": "-83200000", "depreciation": "None", "depreciationAndAmortization": "277900000", "incomeBeforeTax": "285000000", "incomeTaxExpense": "-5000000", "interestAndDebtExpense": "None", "netIncomeFromContinuingOperations": "290000000", "comprehensiveIncomeNetOfTax": "None", "ebit": "380000000", "ebitda": "657900000", "netIncome": "289300000"}, {"fiscalDateEnding": "2019-09-30", "reportedCurrency": "USD", "grossProfit": "1015500000", "totalRevenue": "2646900000", "costOfRevenue": "1631400000", "costofGoodsAndServicesSold": "1631400000", "operatingIncome": "467800000", "sellingGeneralAndAdministrative": "267900000", "researchAndDevelopment": "None", "operatingExpenses": "563200000", "investmentIncomeNet": "None", "netInterestIncome": "-96000000", "interestIncome": "2000000", "interestExpense": "98000000", "nonInterestIncome": "None", "otherNonOperatingIncome": "3700000", "depreciation": "None", "depreciationAndAmortization": "287800000", "incomeBeforeTax": "369500000", "incomeTaxExpense": "71500000", "interestAndDebtExpense": "None", "netIncomeFromContinuingOperations": "298000000", "comprehensiveIncomeNetOfTax": "None", "ebit": "452300000", "ebitda": "740100000", "netIncome": "298300000"}, {"fiscalDateEnding": "2019-06-30", "reportedCurrency": "USD", "grossProfit": "988300000", "totalRevenue": "2605300000", "costOfRevenue": "1617000000", "costofGoodsAndServicesSold": "1617000000", "operatingIncome": "437400000", "sellingGeneralAndAdministrative": "256100000", "researchAndDevelopment": "None", "operatingExpenses": "549200000", "investmentIncomeNet": "None", "netInterestIncome": "-97100000", "interestIncome": "1400000", "interestExpense": "98500000", "nonInterestIncome": "None", "otherNonOperatingIncome": "-10300000", "depreciation": "None", "depreciationAndAmortization": "284700000", "incomeBeforeTax": "328600000", "incomeTaxExpense": "77700000", "interestAndDebtExpense": "None", "netIncomeFromContinuingOperations": "250900000", "comprehensiveIncomeNetOfTax": "None", "ebit": "441000000", "ebitda": "725700000", "netIncome": "251500000"}, {"fiscalDateEnding": "2019-03-31", "reportedCurrency": "USD", "grossProfit": "964500000", "totalRevenue": "2470600000", "costOfRevenue": "1506100000", "costofGoodsAndServicesSold": "1506100000", "operatingIncome": "422800000", "sellingGeneralAndAdministrative": "258900000", "researchAndDevelopment": "None", "operatingExpenses": "538400000", "investmentIncomeNet": "None", "netInterestIncome": "-98500000", "interestIncome": "110100000", "interestExpense": "100400000", "nonInterestIncome": "None", "otherNonOperatingIncome": "-9600000", "depreciation": "None", "depreciationAndAmortization": "272000000", "incomeBeforeTax": "312800000", "incomeTaxExpense": "77900000", "interestAndDebtExpense": "None", "netIncomeFromContinuingOperations": "234900000", "comprehensiveIncomeNetOfTax": "None", "ebit": "426100000", "ebitda": "698100000", "netIncome": "234200000"}, {"fiscalDateEnding": "2018-12-31", "reportedCurrency": "USD", "grossProfit": "1004300000", "totalRevenue": "2530000000", "costOfRevenue": "1525700000", "costofGoodsAndServicesSold": "1525700000", "operatingIncome": "483300000", "sellingGeneralAndAdministrative": "284500000", "researchAndDevelopment": "0", "operatingExpenses": "556900000", "investmentIncomeNet": "None", "netInterestIncome": "None", "interestIncome": "None", "interestExpense": "96400000", "nonInterestIncome": "None", "otherNonOperatingIncome": "-29200000", "depreciation": "None", "depreciationAndAmortization": "272400000", "incomeBeforeTax": "357400000", "incomeTaxExpense": "56300000", "interestAndDebtExpense": "None", "netIncomeFromContinuingOperations": "301100000", "comprehensiveIncomeNetOfTax": "None", "ebit": "407500000", "ebitda": "679900000", "netIncome": "301000000"}, {"fiscalDateEnding": "2018-09-30", "reportedCurrency": "USD", "grossProfit": "988300000", "totalRevenue": "2565700000", "costOfRevenue": "1577400000", "costofGoodsAndServicesSold": "1577400000", "operatingIncome": "440300000", "sellingGeneralAndAdministrative": "250100000", "researchAndDevelopment": "0", "operatingExpenses": "543400000", "investmentIncomeNet": "None", "netInterestIncome": "None", "interestIncome": "None", "interestExpense": "96000000", "nonInterestIncome": "None", "otherNonOperatingIncome": "-4000000", "depreciation": "None", "depreciationAndAmortization": "282500000", "incomeBeforeTax": "340300000", "incomeTaxExpense": "77400000", "interestAndDebtExpense": "None", "netIncomeFromContinuingOperations": "262900000", "comprehensiveIncomeNetOfTax": "None", "ebit": "436600000", "ebitda": "719100000", "netIncome": "263400000"}, {"fiscalDateEnding": "2018-06-30", "reportedCurrency": "USD", "grossProfit": "940600000", "totalRevenue": "2517800000", "costOfRevenue": "1577200000", "costofGoodsAndServicesSold": "1577200000", "operatingIncome": "408200000", "sellingGeneralAndAdministrative": "246100000", "researchAndDevelopment": "0", "operatingExpenses": "528600000", "investmentIncomeNet": "None", "netInterestIncome": "None", "interestIncome": "None", "interestExpense": "96500000", "nonInterestIncome": "None", "otherNonOperatingIncome": "900000", "depreciation": "None", "depreciationAndAmortization": "275700000", "incomeBeforeTax": "312600000", "incomeTaxExpense": "76900000", "interestAndDebtExpense": "None", "netIncomeFromContinuingOperations": "235700000", "comprehensiveIncomeNetOfTax": "None", "ebit": "408800000", "ebitda": "684500000", "netIncome": "234900000"}, {"fiscalDateEnding": "2018-03-31", "reportedCurrency": "USD", "grossProfit": "957700000", "totalRevenue": "2427500000", "costOfRevenue": "1469800000", "costofGoodsAndServicesSold": "1469800000", "operatingIncome": "404200000", "sellingGeneralAndAdministrative": "254400000", "researchAndDevelopment": "0", "operatingExpenses": "544700000", "investmentIncomeNet": "None", "netInterestIncome": "None", "interestIncome": "None", "interestExpense": "94800000", "nonInterestIncome": "None", "otherNonOperatingIncome": "1200000", "depreciation": "None", "depreciationAndAmortization": "283500000", "incomeBeforeTax": "310600000", "incomeTaxExpense": "72700000", "interestAndDebtExpense": "None", "netIncomeFromContinuingOperations": "237900000", "comprehensiveIncomeNetOfTax": "None", "ebit": "413000000", "ebitda": "696500000", "netIncome": "237700000"}, {"fiscalDateEnding": "2017-12-31", "reportedCurrency": "USD", "grossProfit": "967000000", "totalRevenue": "2560000000", "costOfRevenue": "1593000000", "costofGoodsAndServicesSold": "1593000000", "operatingIncome": "406800000", "sellingGeneralAndAdministrative": "266400000", "researchAndDevelopment": "0", "operatingExpenses": "561400000", "investmentIncomeNet": "None", "netInterestIncome": "None", "interestIncome": "None", "interestExpense": "92900000", "nonInterestIncome": "None", "otherNonOperatingIncome": "-18000000", "depreciation": "None", "depreciationAndAmortization": "287200000", "incomeBeforeTax": "295700000", "incomeTaxExpense": "-368800000", "interestAndDebtExpense": "None", "netIncomeFromContinuingOperations": "664500000", "comprehensiveIncomeNetOfTax": "None", "ebit": "405600000", "ebitda": "692800000", "netIncome": "664400000"}, {"fiscalDateEnding": "2017-09-30", "reportedCurrency": "USD", "grossProfit": "981900000", "totalRevenue": "2562000000", "costOfRevenue": "1580100000", "costofGoodsAndServicesSold": "1580100000", "operatingIncome": "448100000", "sellingGeneralAndAdministrative": "258700000", "researchAndDevelopment": "0", "operatingExpenses": "547500000", "investmentIncomeNet": "None", "netInterestIncome": "None", "interestIncome": "None", "interestExpense": "90000000", "nonInterestIncome": "None", "otherNonOperatingIncome": "-1400000", "depreciation": "None", "depreciationAndAmortization": "280800000", "incomeBeforeTax": "356700000", "incomeTaxExpense": "133400000", "interestAndDebtExpense": "None", "netIncomeFromContinuingOperations": "223300000", "comprehensiveIncomeNetOfTax": "None", "ebit": "434400000", "ebitda": "715200000", "netIncome": "223200000"}, {"fiscalDateEnding": "2017-06-30", "reportedCurrency": "USD", "grossProfit": "969300000", "totalRevenue": "2526700000", "costOfRevenue": "1557400000", "costofGoodsAndServicesSold": "1557400000", "operatingIncome": "425500000", "sellingGeneralAndAdministrative": "253500000", "researchAndDevelopment": "0", "operatingExpenses": "541100000", "investmentIncomeNet": "None", "netInterestIncome": "None", "interestIncome": "None", "interestExpense": "89500000", "nonInterestIncome": "None", "otherNonOperatingIncome": "-2600000", "depreciation": "None", "depreciationAndAmortization": "278200000", "incomeBeforeTax": "333400000", "incomeTaxExpense": "130000000", "interestAndDebtExpense": "None", "netIncomeFromContinuingOperations": "203400000", "comprehensiveIncomeNetOfTax": "None", "ebit": "428200000", "ebitda": "706400000", "netIncome": "202900000"}, {"fiscalDateEnding": "2017-03-31", "reportedCurrency": "USD", "grossProfit": "908700000", "totalRevenue": "2392800000", "costOfRevenue": "1484100000", "costofGoodsAndServicesSold": "1484100000", "operatingIncome": "388100000", "sellingGeneralAndAdministrative": "248100000", "researchAndDevelopment": "0", "operatingExpenses": "523400000", "investmentIncomeNet": "None", "netInterestIncome": "None", "interestIncome": "None", "interestExpense": "89400000", "nonInterestIncome": "None", "otherNonOperatingIncome": "-2500000", "depreciation": "None", "depreciationAndAmortization": "269900000", "incomeBeforeTax": "296200000", "incomeTaxExpense": "108400000", "interestAndDebtExpense": "None", "netIncomeFromContinuingOperations": "187800000", "comprehensiveIncomeNetOfTax": "None", "ebit": "385300000", "ebitda": "655200000", "netIncome": "187800000"}, {"fiscalDateEnding": "2016-12-31", "reportedCurrency": "USD", "grossProfit": "913800000", "totalRevenue": "2379100000", "costOfRevenue": "1465300000", "costofGoodsAndServicesSold": "1465300000", "operatingIncome": "392000000", "sellingGeneralAndAdministrative": "246700000", "researchAndDevelopment": "0", "operatingExpenses": "514800000", "investmentIncomeNet": "None", "netInterestIncome": "None", "interestIncome": "None", "interestExpense": "90100000", "nonInterestIncome": "None", "otherNonOperatingIncome": "-7200000", "depreciation": "None", "depreciationAndAmortization": "265200000", "incomeBeforeTax": "294700000", "incomeTaxExpense": "105100000", "interestAndDebtExpense": "None", "netIncomeFromContinuingOperations": "189600000", "comprehensiveIncomeNetOfTax": "None", "ebit": "399000000", "ebitda": "664200000", "netIncome": "189500000"}, {"fiscalDateEnding": "2016-09-30", "reportedCurrency": "USD", "grossProfit": "932600000", "totalRevenue": "2409300000", "costOfRevenue": "1476700000", "costofGoodsAndServicesSold": "1476700000", "operatingIncome": "417900000", "sellingGeneralAndAdministrative": "229400000", "researchAndDevelopment": "0", "operatingExpenses": "524300000", "investmentIncomeNet": "None", "netInterestIncome": "None", "interestIncome": "None", "interestExpense": "79500000", "nonInterestIncome": "None", "otherNonOperatingIncome": "-194700000", "depreciation": "None", "depreciationAndAmortization": "272100000", "incomeBeforeTax": "126900000", "incomeTaxExpense": "41200000", "interestAndDebtExpense": "None", "netIncomeFromContinuingOperations": "85700000", "comprehensiveIncomeNetOfTax": "None", "ebit": "425100000", "ebitda": "697200000", "netIncome": "85600000"}, {"fiscalDateEnding": "2016-06-30", "reportedCurrency": "USD", "grossProfit": "910000000", "totalRevenue": "2350700000", "costOfRevenue": "1440700000", "costofGoodsAndServicesSold": "1440700000", "operatingIncome": "382100000", "sellingGeneralAndAdministrative": "236500000", "researchAndDevelopment": "0", "operatingExpenses": "513400000", "investmentIncomeNet": "None", "netInterestIncome": "None", "interestIncome": "None", "interestExpense": "92200000", "nonInterestIncome": "None", "otherNonOperatingIncome": "1800000", "depreciation": "None", "depreciationAndAmortization": "269900000", "incomeBeforeTax": "291700000", "incomeTaxExpense": "110700000", "interestAndDebtExpense": "None", "netIncomeFromContinuingOperations": "181000000", "comprehensiveIncomeNetOfTax": "None", "ebit": "396600000", "ebitda": "666500000", "netIncome": "180800000"}, {"fiscalDateEnding": "2016-03-31", "reportedCurrency": "USD", "grossProfit": "867200000", "totalRevenue": "2248600000", "costOfRevenue": "1381400000", "costofGoodsAndServicesSold": "1381400000", "operatingIncome": "345500000", "sellingGeneralAndAdministrative": "236600000", "researchAndDevelopment": "0", "operatingExpenses": "504200000", "investmentIncomeNet": "None", "netInterestIncome": "None", "interestIncome": "None", "interestExpense": "92700000", "nonInterestIncome": "None", "otherNonOperatingIncome": "-200000", "depreciation": "None", "depreciationAndAmortization": "263000000", "incomeBeforeTax": "252600000", "incomeTaxExpense": "95700000", "interestAndDebtExpense": "None", "netIncomeFromContinuingOperations": "156900000", "comprehensiveIncomeNetOfTax": "None", "ebit": "363000000", "ebitda": "626000000", "netIncome": "156700000"}, {"fiscalDateEnding": "2015-12-31", "reportedCurrency": "USD", "grossProfit": "886500000", "totalRevenue": "2290200000", "costOfRevenue": "1403700000", "costofGoodsAndServicesSold": "1403700000", "operatingIncome": "353900000", "sellingGeneralAndAdministrative": "258200000", "researchAndDevelopment": "0", "operatingExpenses": "528100000", "investmentIncomeNet": "None", "netInterestIncome": "None", "interestIncome": "None", "interestExpense": "92900000", "nonInterestIncome": "None", "otherNonOperatingIncome": "1000000", "depreciation": "None", "depreciationAndAmortization": "264500000", "incomeBeforeTax": "261900000", "incomeTaxExpense": "89500000", "interestAndDebtExpense": "None", "netIncomeFromContinuingOperations": "172400000", "comprehensiveIncomeNetOfTax": "None", "ebit": "358400000", "ebitda": "622900000", "netIncome": "172300000"}, {"fiscalDateEnding": "2015-09-30", "reportedCurrency": "USD", "grossProfit": "953800000", "totalRevenue": "2344000000", "costOfRevenue": "1390200000", "costofGoodsAndServicesSold": "1390200000", "operatingIncome": "442900000", "sellingGeneralAndAdministrative": "237900000", "researchAndDevelopment": "0", "operatingExpenses": "510900000", "investmentIncomeNet": "None", "netInterestIncome": "None", "interestIncome": "None", "interestExpense": "91800000", "nonInterestIncome": "None", "otherNonOperatingIncome": "-300000", "depreciation": "None", "depreciationAndAmortization": "266800000", "incomeBeforeTax": "350800000", "incomeTaxExpense": "135600000", "interestAndDebtExpense": "None", "netIncomeFromContinuingOperations": "215200000", "comprehensiveIncomeNetOfTax": "None", "ebit": "392900000", "ebitda": "659700000", "netIncome": "215000000"}, {"fiscalDateEnding": "2015-06-30", "reportedCurrency": "USD", "grossProfit": "891000000", "totalRevenue": "2311400000", "costOfRevenue": "1420400000", "costofGoodsAndServicesSold": "1420400000", "operatingIncome": "389200000", "sellingGeneralAndAdministrative": "230000000", "researchAndDevelopment": "0", "operatingExpenses": "501800000", "investmentIncomeNet": "None", "netInterestIncome": "None", "interestIncome": "None", "interestExpense": "91500000", "nonInterestIncome": "None", "otherNonOperatingIncome": "1000000", "depreciation": "None", "depreciationAndAmortization": "265600000", "incomeBeforeTax": "298700000", "incomeTaxExpense": "108400000", "interestAndDebtExpense": "None", "netIncomeFromContinuingOperations": "190300000", "comprehensiveIncomeNetOfTax": "None", "ebit": "389200000", "ebitda": "654800000", "netIncome": "190300000"}, {"fiscalDateEnding": "2015-03-31", "reportedCurrency": "USD", "grossProfit": "865100000", "totalRevenue": "2169400000", "costOfRevenue": "1304300000", "costofGoodsAndServicesSold": "1304300000", "operatingIncome": "372800000", "sellingGeneralAndAdministrative": "234300000", "researchAndDevelopment": "0", "operatingExpenses": "492300000", "investmentIncomeNet": "None", "netInterestIncome": "None", "interestIncome": "None", "interestExpense": "88600000", "nonInterestIncome": "None", "otherNonOperatingIncome": "300000", "depreciation": "None", "depreciationAndAmortization": "253100000", "incomeBeforeTax": "284500000", "incomeTaxExpense": "112000000", "interestAndDebtExpense": "None", "netIncomeFromContinuingOperations": "172500000", "comprehensiveIncomeNetOfTax": "None", "ebit": "372800000", "ebitda": "625900000", "netIncome": "172400000"}, {"fiscalDateEnding": "2014-12-31", "reportedCurrency": "USD", "grossProfit": "688700000", "totalRevenue": "2225200000", "costOfRevenue": "1536500000", "costofGoodsAndServicesSold": "1536500000", "operatingIncome": "166400000", "sellingGeneralAndAdministrative": "248800000", "researchAndDevelopment": "0", "operatingExpenses": "502600000", "investmentIncomeNet": "None", "netInterestIncome": "None", "interestIncome": "None", "interestExpense": "87900000", "nonInterestIncome": "None", "otherNonOperatingIncome": "500000", "depreciation": "None", "depreciationAndAmortization": "247500000", "incomeBeforeTax": "79100000", "incomeTaxExpense": "28600000", "interestAndDebtExpense": "None", "netIncomeFromContinuingOperations": "50500000", "comprehensiveIncomeNetOfTax": "None", "ebit": "204800000", "ebitda": "452300000", "netIncome": "50300000"}, {"fiscalDateEnding": "2014-09-30", "reportedCurrency": "USD", "grossProfit": "866800000", "totalRevenue": "2264100000", "costOfRevenue": "1397300000", "costofGoodsAndServicesSold": "1397300000", "operatingIncome": "382400000", "sellingGeneralAndAdministrative": "221100000", "researchAndDevelopment": "0", "operatingExpenses": "484100000", "investmentIncomeNet": "None", "netInterestIncome": "None", "interestIncome": "None", "interestExpense": "87000000", "nonInterestIncome": "None", "otherNonOperatingIncome": "None", "depreciation": "None", "depreciationAndAmortization": "255100000", "incomeBeforeTax": "295400000", "incomeTaxExpense": "109600000", "interestAndDebtExpense": "None", "netIncomeFromContinuingOperations": "185800000", "comprehensiveIncomeNetOfTax": "None", "ebit": "382700000", "ebitda": "637800000", "netIncome": "185800000"}, {"fiscalDateEnding": "2014-06-30", "reportedCurrency": "USD", "grossProfit": "852300000", "totalRevenue": "2225300000", "costOfRevenue": "1373000000", "costofGoodsAndServicesSold": "1373000000", "operatingIncome": "378300000", "sellingGeneralAndAdministrative": "216000000", "researchAndDevelopment": "0", "operatingExpenses": "470700000", "investmentIncomeNet": "None", "netInterestIncome": "None", "interestIncome": "None", "interestExpense": "86900000", "nonInterestIncome": "None", "otherNonOperatingIncome": "-700000", "depreciation": "None", "depreciationAndAmortization": "249700000", "incomeBeforeTax": "290700000", "incomeTaxExpense": "111700000", "interestAndDebtExpense": "None", "netIncomeFromContinuingOperations": "179000000", "comprehensiveIncomeNetOfTax": "None", "ebit": "381600000", "ebitda": "631300000", "netIncome": "179000000"}, {"fiscalDateEnding": "2014-03-31", "reportedCurrency": "USD", "grossProfit": "752500000", "totalRevenue": "2073700000", "costOfRevenue": "1321200000", "costofGoodsAndServicesSold": "1321200000", "operatingIncome": "306100000", "sellingGeneralAndAdministrative": "210400000", "researchAndDevelopment": "0", "operatingExpenses": "446400000", "investmentIncomeNet": "None", "netInterestIncome": "None", "interestIncome": "None", "interestExpense": "87000000", "nonInterestIncome": "None", "otherNonOperatingIncome": "1100000", "depreciation": "None", "depreciationAndAmortization": "232600000", "incomeBeforeTax": "220200000", "incomeTaxExpense": "87600000", "interestAndDebtExpense": "None", "netIncomeFromContinuingOperations": "132600000", "comprehensiveIncomeNetOfTax": "None", "ebit": "306100000", "ebitda": "538700000", "netIncome": "132500000"}, {"fiscalDateEnding": "2013-12-31", "reportedCurrency": "USD", "grossProfit": "857500000", "totalRevenue": "2141500000", "costOfRevenue": "1284000000", "costofGoodsAndServicesSold": "1284000000", "operatingIncome": "402600000", "sellingGeneralAndAdministrative": "201500000", "researchAndDevelopment": "0", "operatingExpenses": "454900000", "investmentIncomeNet": "None", "netInterestIncome": "None", "interestIncome": "None", "interestExpense": "90200000", "nonInterestIncome": "None", "otherNonOperatingIncome": "1000000", "depreciation": "None", "depreciationAndAmortization": "245400000", "incomeBeforeTax": "313400000", "incomeTaxExpense": "76700000", "interestAndDebtExpense": "None", "netIncomeFromContinuingOperations": "236700000", "comprehensiveIncomeNetOfTax": "None", "ebit": "432200000", "ebitda": "677600000", "netIncome": "236600000"}, {"fiscalDateEnding": "2013-09-30", "reportedCurrency": "USD", "grossProfit": "847800000", "totalRevenue": "2165400000", "costOfRevenue": "1317600000", "costofGoodsAndServicesSold": "1317600000", "operatingIncome": "352300000", "sellingGeneralAndAdministrative": "209000000", "researchAndDevelopment": "0", "operatingExpenses": "453200000", "investmentIncomeNet": "None", "netInterestIncome": "None", "interestIncome": "None", "interestExpense": "90000000", "nonInterestIncome": "None", "otherNonOperatingIncome": "1100000", "depreciation": "None", "depreciationAndAmortization": "243600000", "incomeBeforeTax": "263400000", "incomeTaxExpense": "92300000", "interestAndDebtExpense": "None", "netIncomeFromContinuingOperations": "171100000", "comprehensiveIncomeNetOfTax": "None", "ebit": "409900000", "ebitda": "653500000", "netIncome": "171400000"}, {"fiscalDateEnding": "2013-06-30", "reportedCurrency": "USD", "grossProfit": "701700000", "totalRevenue": "2111700000", "costOfRevenue": "1410000000", "costofGoodsAndServicesSold": "1410000000", "operatingIncome": "181200000", "sellingGeneralAndAdministrative": "223600000", "researchAndDevelopment": "0", "operatingExpenses": "464400000", "investmentIncomeNet": "None", "netInterestIncome": "None", "interestIncome": "None", "interestExpense": "90200000", "nonInterestIncome": "None", "otherNonOperatingIncome": "100000", "depreciation": "None", "depreciationAndAmortization": "236200000", "incomeBeforeTax": "91100000", "incomeTaxExpense": "34700000", "interestAndDebtExpense": "None", "netIncomeFromContinuingOperations": "56400000", "comprehensiveIncomeNetOfTax": "None", "ebit": "171100000", "ebitda": "407300000", "netIncome": "56300000"}, {"fiscalDateEnding": "2013-03-31", "reportedCurrency": "USD", "grossProfit": "775500000", "totalRevenue": "1998600000", "costOfRevenue": "1223100000", "costofGoodsAndServicesSold": "1223100000", "operatingIncome": "274200000", "sellingGeneralAndAdministrative": "203600000", "researchAndDevelopment": "0", "operatingExpenses": "435300000", "investmentIncomeNet": "None", "netInterestIncome": "None", "interestIncome": "None", "interestExpense": "89600000", "nonInterestIncome": "None", "otherNonOperatingIncome": "-1300000", "depreciation": "None", "depreciationAndAmortization": "228800000", "incomeBeforeTax": "183300000", "incomeTaxExpense": "58400000", "interestAndDebtExpense": "None", "netIncomeFromContinuingOperations": "124900000", "comprehensiveIncomeNetOfTax": "None", "ebit": "262800000", "ebitda": "491600000", "netIncome": "124600000"}, {"fiscalDateEnding": "2012-12-31", "reportedCurrency": "USD", "grossProfit": "744800000", "totalRevenue": "2028300000", "costOfRevenue": "1283500000", "costofGoodsAndServicesSold": "1283500000", "operatingIncome": "288800000", "sellingGeneralAndAdministrative": "198300000", "researchAndDevelopment": "0", "operatingExpenses": "443000000", "investmentIncomeNet": "None", "netInterestIncome": "None", "interestIncome": "None", "interestExpense": "92200000", "nonInterestIncome": "None", "otherNonOperatingIncome": "2700000", "depreciation": "None", "depreciationAndAmortization": "294800000", "incomeBeforeTax": "199100000", "incomeTaxExpense": "72100000", "interestAndDebtExpense": "None", "netIncomeFromContinuingOperations": "-33600000", "comprehensiveIncomeNetOfTax": "None", "ebit": "304300000", "ebitda": "599100000", "netIncome": "127000000"}, {"fiscalDateEnding": "2012-09-30", "reportedCurrency": "USD", "grossProfit": "766400000", "totalRevenue": "2046900000", "costOfRevenue": "1280500000", "costofGoodsAndServicesSold": "1280500000", "operatingIncome": "317900000", "sellingGeneralAndAdministrative": "193800000", "researchAndDevelopment": "0", "operatingExpenses": "448300000", "investmentIncomeNet": "None", "netInterestIncome": "None", "interestIncome": "None", "interestExpense": "93200000", "nonInterestIncome": "None", "otherNonOperatingIncome": "-1600000", "depreciation": "None", "depreciationAndAmortization": "164100000", "incomeBeforeTax": "223100000", "incomeTaxExpense": "70300000", "interestAndDebtExpense": "None", "netIncomeFromContinuingOperations": "152800000", "comprehensiveIncomeNetOfTax": "None", "ebit": "363500000", "ebitda": "527600000", "netIncome": "152700000"}, {"fiscalDateEnding": "2012-06-30", "reportedCurrency": "USD", "grossProfit": "819600000", "totalRevenue": "2060600000", "costOfRevenue": "1241000000", "costofGoodsAndServicesSold": "1241000000", "operatingIncome": "387000000", "sellingGeneralAndAdministrative": "198000000", "researchAndDevelopment": "0", "operatingExpenses": "432600000", "investmentIncomeNet": "None", "netInterestIncome": "None", "interestIncome": "None", "interestExpense": "98800000", "nonInterestIncome": "None", "otherNonOperatingIncome": "-109600000", "depreciation": "None", "depreciationAndAmortization": "254300000", "incomeBeforeTax": "178600000", "incomeTaxExpense": "29100000", "interestAndDebtExpense": "None", "netIncomeFromContinuingOperations": "149500000", "comprehensiveIncomeNetOfTax": "None", "ebit": "387200000", "ebitda": "641500000", "netIncome": "149200000"}, {"fiscalDateEnding": "2012-03-31", "reportedCurrency": "USD", "grossProfit": "779200000", "totalRevenue": "1982400000", "costOfRevenue": "1203200000", "costofGoodsAndServicesSold": "1203200000", "operatingIncome": "326900000", "sellingGeneralAndAdministrative": "222500000", "researchAndDevelopment": "0", "operatingExpenses": "455900000", "investmentIncomeNet": "None", "netInterestIncome": "None", "interestIncome": "None", "interestExpense": "104300000", "nonInterestIncome": "None", "otherNonOperatingIncome": "300000", "depreciation": "None", "depreciationAndAmortization": "213700000", "incomeBeforeTax": "223100000", "incomeTaxExpense": "80300000", "interestAndDebtExpense": "None", "netIncomeFromContinuingOperations": "303400000", "comprehensiveIncomeNetOfTax": "None", "ebit": "334800000", "ebitda": "548500000", "netIncome": "142900000"}, {"fiscalDateEnding": "2011-12-31", "reportedCurrency": "USD", "grossProfit": "817600000", "totalRevenue": "2025200000", "costOfRevenue": "1207600000", "costofGoodsAndServicesSold": "1207600000", "operatingIncome": "366800000", "sellingGeneralAndAdministrative": "213900000", "researchAndDevelopment": "0", "operatingExpenses": "447500000", "investmentIncomeNet": "None", "netInterestIncome": "None", "interestIncome": "None", "interestExpense": "104800000", "nonInterestIncome": "None", "otherNonOperatingIncome": "None", "depreciation": "None", "depreciationAndAmortization": "214200000", "incomeBeforeTax": "259000000", "incomeTaxExpense": "68000000", "interestAndDebtExpense": "None", "netIncomeFromContinuingOperations": "0", "comprehensiveIncomeNetOfTax": "None", "ebit": "370100000", "ebitda": "584300000", "netIncome": "191000000"}, {"fiscalDateEnding": "2011-09-30", "reportedCurrency": "USD", "grossProfit": "856200000", "totalRevenue": "2116200000", "costOfRevenue": "1260000000", "costofGoodsAndServicesSold": "1260000000", "operatingIncome": "408500000", "sellingGeneralAndAdministrative": "207500000", "researchAndDevelopment": "0", "operatingExpenses": "447700000", "investmentIncomeNet": "None", "netInterestIncome": "None", "interestIncome": "None", "interestExpense": "108300000", "nonInterestIncome": "None", "otherNonOperatingIncome": "-6000000", "depreciation": "None", "depreciationAndAmortization": "215000000", "incomeBeforeTax": "296000000", "incomeTaxExpense": "102400000", "interestAndDebtExpense": "None", "netIncomeFromContinuingOperations": "398400000", "comprehensiveIncomeNetOfTax": "None", "ebit": "404300000", "ebitda": "619300000", "netIncome": "193500000"}, {"fiscalDateEnding": "2011-06-30", "reportedCurrency": "USD", "grossProfit": "848800000", "totalRevenue": "2086600000", "costOfRevenue": "1237800000", "costofGoodsAndServicesSold": "1237800000", "operatingIncome": "401200000", "sellingGeneralAndAdministrative": "200100000", "researchAndDevelopment": "0", "operatingExpenses": "428200000", "investmentIncomeNet": "None", "netInterestIncome": "None", "interestIncome": "None", "interestExpense": "111400000", "nonInterestIncome": "None", "otherNonOperatingIncome": "None", "depreciation": "None", "depreciationAndAmortization": "208600000", "incomeBeforeTax": "91300000", "incomeTaxExpense": "45100000", "interestAndDebtExpense": "None", "netIncomeFromContinuingOperations": "0", "comprehensiveIncomeNetOfTax": "None", "ebit": "202700000", "ebitda": "411300000", "netIncome": "46500000"}, {"fiscalDateEnding": "2011-03-31", "reportedCurrency": "USD", "grossProfit": "805200000", "totalRevenue": "1964900000", "costOfRevenue": "1159700000", "costofGoodsAndServicesSold": "1159700000", "operatingIncome": "376200000", "sellingGeneralAndAdministrative": "203900000", "researchAndDevelopment": "0", "operatingExpenses": "429000000", "investmentIncomeNet": "None", "netInterestIncome": "None", "interestIncome": "None", "interestExpense": "115700000", "nonInterestIncome": "None", "otherNonOperatingIncome": "None", "depreciation": "None", "depreciationAndAmortization": "205800000", "incomeBeforeTax": "260000000", "incomeTaxExpense": "101900000", "interestAndDebtExpense": "None", "netIncomeFromContinuingOperations": "0", "comprehensiveIncomeNetOfTax": "None", "ebit": "376400000", "ebitda": "582200000", "netIncome": "158200000"}, {"fiscalDateEnding": "2010-12-31", "reportedCurrency": "USD", "grossProfit": "836000000", "totalRevenue": "2020800000", "costOfRevenue": "1184800000", "costofGoodsAndServicesSold": "1184800000", "operatingIncome": "389400000", "sellingGeneralAndAdministrative": "167000000", "researchAndDevelopment": "0", "operatingExpenses": "452800000", "investmentIncomeNet": "None", "netInterestIncome": "None", "interestIncome": "None", "interestExpense": "120400000", "nonInterestIncome": "None", "otherNonOperatingIncome": "-8200000", "depreciation": "None", "depreciationAndAmortization": "205300000", "incomeBeforeTax": "260800000", "incomeTaxExpense": "112900000", "interestAndDebtExpense": "None", "netIncomeFromContinuingOperations": "147900000", "comprehensiveIncomeNetOfTax": "None", "ebit": "381200000", "ebitda": "586500000", "netIncome": "147600000"}, {"fiscalDateEnding": "2010-09-30", "reportedCurrency": "USD", "grossProfit": "836800000", "totalRevenue": "2061700000", "costOfRevenue": "1224900000", "costofGoodsAndServicesSold": "1224900000", "operatingIncome": "367600000", "sellingGeneralAndAdministrative": "229500000", "researchAndDevelopment": "0", "operatingExpenses": "441100000", "investmentIncomeNet": "None", "netInterestIncome": "None", "interestIncome": "None", "interestExpense": "122000000", "nonInterestIncome": "None", "otherNonOperatingIncome": "-15900000", "depreciation": "None", "depreciationAndAmortization": "211600000", "incomeBeforeTax": "229700000", "incomeTaxExpense": "95200000", "interestAndDebtExpense": "None", "netIncomeFromContinuingOperations": "134500000", "comprehensiveIncomeNetOfTax": "None", "ebit": "351700000", "ebitda": "563300000", "netIncome": "134200000"}, {"fiscalDateEnding": "2010-06-30", "reportedCurrency": "USD", "grossProfit": "848100000", "totalRevenue": "2066400000", "costOfRevenue": "1218300000", "costofGoodsAndServicesSold": "1218300000", "operatingIncome": "400800000", "sellingGeneralAndAdministrative": "210800000", "researchAndDevelopment": "0", "operatingExpenses": "444800000", "investmentIncomeNet": "None", "netInterestIncome": "None", "interestIncome": "None", "interestExpense": "130500000", "nonInterestIncome": "None", "otherNonOperatingIncome": "None", "depreciation": "None", "depreciationAndAmortization": "213800000", "incomeBeforeTax": "270300000", "incomeTaxExpense": "110400000", "interestAndDebtExpense": "None", "netIncomeFromContinuingOperations": "159900000", "comprehensiveIncomeNetOfTax": "None", "ebit": "400800000", "ebitda": "614600000", "netIncome": "159700000"}, {"fiscalDateEnding": "2010-03-31", "reportedCurrency": "USD", "grossProfit": "820900000", "totalRevenue": "1957700000", "costOfRevenue": "1136800000", "costofGoodsAndServicesSold": "1136800000", "operatingIncome": "381300000", "sellingGeneralAndAdministrative": "230500000", "researchAndDevelopment": "0", "operatingExpenses": "433500000", "investmentIncomeNet": "None", "netInterestIncome": "None", "interestIncome": "None", "interestExpense": "134500000", "nonInterestIncome": "None", "otherNonOperatingIncome": "-130600000", "depreciation": "None", "depreciationAndAmortization": "203000000", "incomeBeforeTax": "116200000", "incomeTaxExpense": "51000000", "interestAndDebtExpense": "None", "netIncomeFromContinuingOperations": "65200000", "comprehensiveIncomeNetOfTax": "None", "ebit": "250700000", "ebitda": "453700000", "netIncome": "65000000"}, {"fiscalDateEnding": "2009-12-31", "reportedCurrency": "USD", "grossProfit": "797900000", "totalRevenue": "1999000000", "costOfRevenue": "1201100000", "costofGoodsAndServicesSold": "1201100000", "operatingIncome": "329200000", "sellingGeneralAndAdministrative": "243100000", "researchAndDevelopment": "0", "operatingExpenses": "454100000", "investmentIncomeNet": "None", "netInterestIncome": "None", "interestIncome": "None", "interestExpense": "147100000", "nonInterestIncome": "None", "otherNonOperatingIncome": "None", "depreciation": "None", "depreciationAndAmortization": "211000000", "incomeBeforeTax": "80500000", "incomeTaxExpense": "44600000", "interestAndDebtExpense": "None", "netIncomeFromContinuingOperations": "0", "comprehensiveIncomeNetOfTax": "None", "ebit": "344100000", "ebitda": "555100000", "netIncome": "35600000"}, {"fiscalDateEnding": "2009-09-30", "reportedCurrency": "USD", "grossProfit": "866000000", "totalRevenue": "2073500000", "costOfRevenue": "1207500000", "costofGoodsAndServicesSold": "1207500000", "operatingIncome": "386900000", "sellingGeneralAndAdministrative": "247600000", "researchAndDevelopment": "0", "operatingExpenses": "466800000", "investmentIncomeNet": "None", "netInterestIncome": "None", "interestIncome": "None", "interestExpense": "144800000", "nonInterestIncome": "None", "otherNonOperatingIncome": "-30000000", "depreciation": "None", "depreciationAndAmortization": "218200000", "incomeBeforeTax": "212100000", "incomeTaxExpense": "91100000", "interestAndDebtExpense": "None", "netIncomeFromContinuingOperations": "121000000", "comprehensiveIncomeNetOfTax": "None", "ebit": "357000000", "ebitda": "575200000", "netIncome": "120500000"}, {"fiscalDateEnding": "2009-06-30", "reportedCurrency": "USD", "grossProfit": "839200000", "totalRevenue": "2066100000", "costOfRevenue": "1226900000", "costofGoodsAndServicesSold": "1226900000", "operatingIncome": "520700000", "sellingGeneralAndAdministrative": "237700000", "researchAndDevelopment": "0", "operatingExpenses": "306200000", "investmentIncomeNet": "None", "netInterestIncome": "None", "interestIncome": "None", "interestExpense": "150500000", "nonInterestIncome": "None", "otherNonOperatingIncome": "1800000", "depreciation": "None", "depreciationAndAmortization": "218700000", "incomeBeforeTax": "372000000", "incomeTaxExpense": "145800000", "interestAndDebtExpense": "None", "netIncomeFromContinuingOperations": "226200000", "comprehensiveIncomeNetOfTax": "None", "ebit": "522500000", "ebitda": "741200000", "netIncome": "225900000"}, {"fiscalDateEnding": "2009-03-31", "reportedCurrency": "USD", "grossProfit": "851800000", "totalRevenue": "2060500000", "costOfRevenue": "1208700000", "costofGoodsAndServicesSold": "1208700000", "operatingIncome": "353000000", "sellingGeneralAndAdministrative": "240800000", "researchAndDevelopment": "0", "operatingExpenses": "462600000", "investmentIncomeNet": "None", "netInterestIncome": "None", "interestIncome": "None", "interestExpense": "153500000", "nonInterestIncome": "None", "otherNonOperatingIncome": "None", "depreciation": "None", "depreciationAndAmortization": "221800000", "incomeBeforeTax": "200400000", "incomeTaxExpense": "87000000", "interestAndDebtExpense": "None", "netIncomeFromContinuingOperations": "0", "comprehensiveIncomeNetOfTax": "None", "ebit": "353900000", "ebitda": "575700000", "netIncome": "113000000"}, {"fiscalDateEnding": "2008-12-31", "reportedCurrency": "USD", "grossProfit": "381200000", "totalRevenue": "1244400000", "costOfRevenue": "863200000", "costofGoodsAndServicesSold": "863200000", "operatingIncome": "-111600000", "sellingGeneralAndAdministrative": "182700000", "researchAndDevelopment": "0", "operatingExpenses": "410100000", "investmentIncomeNet": "None", "netInterestIncome": "None", "interestIncome": "None", "interestExpense": "131900000", "nonInterestIncome": "None", "otherNonOperatingIncome": "None", "depreciation": "None", "depreciationAndAmortization": "127200000", "incomeBeforeTax": "-177600000", "incomeTaxExpense": "-46000000", "interestAndDebtExpense": "None", "netIncomeFromContinuingOperations": "0", "comprehensiveIncomeNetOfTax": "None", "ebit": "-28900000", "ebitda": "98300000", "netIncome": "-131700000"}, {"fiscalDateEnding": "2008-09-30", "reportedCurrency": "USD", "grossProfit": "334500000", "totalRevenue": "834000000", "costOfRevenue": "499500000", "costofGoodsAndServicesSold": "499500000", "operatingIncome": "167000000", "sellingGeneralAndAdministrative": "85600000", "researchAndDevelopment": "0", "operatingExpenses": "167500000", "investmentIncomeNet": "None", "netInterestIncome": "None", "interestIncome": "None", "interestExpense": "22600000", "nonInterestIncome": "None", "otherNonOperatingIncome": "None", "depreciation": "None", "depreciationAndAmortization": "77300000", "incomeBeforeTax": "145400000", "incomeTaxExpense": "56700000", "interestAndDebtExpense": "None", "netIncomeFromContinuingOperations": "0", "comprehensiveIncomeNetOfTax": "None", "ebit": "168000000", "ebitda": "245300000", "netIncome": "88700000"}, {"fiscalDateEnding": "2008-06-30", "reportedCurrency": "USD", "grossProfit": "250000000", "totalRevenue": "827500000", "costOfRevenue": "577500000", "costofGoodsAndServicesSold": "577500000", "operatingIncome": "85600000", "sellingGeneralAndAdministrative": "83700000", "researchAndDevelopment": "0", "operatingExpenses": "164400000", "investmentIncomeNet": "None", "netInterestIncome": "None", "interestIncome": "None", "interestExpense": "21100000", "nonInterestIncome": "None", "otherNonOperatingIncome": "None", "depreciation": "None", "depreciationAndAmortization": "76200000", "incomeBeforeTax": "67700000", "incomeTaxExpense": "27000000", "interestAndDebtExpense": "None", "netIncomeFromContinuingOperations": "0", "comprehensiveIncomeNetOfTax": "None", "ebit": "88800000", "ebitda": "165000000", "netIncome": "40700000"}, {"fiscalDateEnding": "2008-03-31", "reportedCurrency": "USD", "grossProfit": "302700000", "totalRevenue": "779200000", "costOfRevenue": "476500000", "costofGoodsAndServicesSold": "476500000", "operatingIncome": "142200000", "sellingGeneralAndAdministrative": "82700000", "researchAndDevelopment": "0", "operatingExpenses": "160500000", "investmentIncomeNet": "None", "netInterestIncome": "None", "interestIncome": "None", "interestExpense": "21400000", "nonInterestIncome": "None", "otherNonOperatingIncome": "None", "depreciation": "None", "depreciationAndAmortization": "73400000", "incomeBeforeTax": "123800000", "incomeTaxExpense": "47700000", "interestAndDebtExpense": "None", "netIncomeFromContinuingOperations": "0", "comprehensiveIncomeNetOfTax": "None", "ebit": "145200000", "ebitda": "218600000", "netIncome": "76100000"}, {"fiscalDateEnding": "2007-12-31", "reportedCurrency": "USD", "grossProfit": "300500000", "totalRevenue": "796000000", "costOfRevenue": "495500000", "costofGoodsAndServicesSold": "495500000", "operatingIncome": "139900000", "sellingGeneralAndAdministrative": "84500000", "researchAndDevelopment": "0", "operatingExpenses": "160600000", "investmentIncomeNet": "None", "netInterestIncome": "None", "interestIncome": "None", "interestExpense": "94800000", "nonInterestIncome": "None", "otherNonOperatingIncome": "None", "depreciation": "None", "depreciationAndAmortization": "71600000", "incomeBeforeTax": "131000000", "incomeTaxExpense": "48900000", "interestAndDebtExpense": "None", "netIncomeFromContinuingOperations": "0", "comprehensiveIncomeNetOfTax": "None", "ebit": "139900000", "ebitda": "211500000", "netIncome": "82100000"}, {"fiscalDateEnding": "2007-09-30", "reportedCurrency": "USD", "grossProfit": "287400000", "totalRevenue": "806200000", "costOfRevenue": "518800000", "costofGoodsAndServicesSold": "518800000", "operatingIncome": "128300000", "sellingGeneralAndAdministrative": "76800000", "researchAndDevelopment": "0", "operatingExpenses": "159100000", "investmentIncomeNet": "None", "netInterestIncome": "None", "interestIncome": "None", "interestExpense": "23900000", "nonInterestIncome": "None", "otherNonOperatingIncome": "None", "depreciation": "None", "depreciationAndAmortization": "78000000", "incomeBeforeTax": "109000000", "incomeTaxExpense": "42000000", "interestAndDebtExpense": "None", "netIncomeFromContinuingOperations": "0", "comprehensiveIncomeNetOfTax": "None", "ebit": "128300000", "ebitda": "206300000", "netIncome": "67000000"}, {"fiscalDateEnding": "2007-06-30", "reportedCurrency": "USD", "grossProfit": "312100000", "totalRevenue": "808400000", "costOfRevenue": "496300000", "costofGoodsAndServicesSold": "496300000", "operatingIncome": "153100000", "sellingGeneralAndAdministrative": "77900000", "researchAndDevelopment": "0", "operatingExpenses": "159000000", "investmentIncomeNet": "None", "netInterestIncome": "None", "interestIncome": "None", "interestExpense": "23200000", "nonInterestIncome": "None", "otherNonOperatingIncome": "None", "depreciation": "None", "depreciationAndAmortization": "76900000", "incomeBeforeTax": "133700000", "incomeTaxExpense": "46500000", "interestAndDebtExpense": "None", "netIncomeFromContinuingOperations": "0", "comprehensiveIncomeNetOfTax": "None", "ebit": "153100000", "ebitda": "230000000", "netIncome": "87200000"}, {"fiscalDateEnding": "2007-03-31", "reportedCurrency": "USD", "grossProfit": "278900000", "totalRevenue": "765600000", "costOfRevenue": "486700000", "costofGoodsAndServicesSold": "486700000", "operatingIncome": "114700000", "sellingGeneralAndAdministrative": "81100000", "researchAndDevelopment": "0", "operatingExpenses": "164200000", "investmentIncomeNet": "None", "netInterestIncome": "None", "interestIncome": "None", "interestExpense": "24000000", "nonInterestIncome": "None", "otherNonOperatingIncome": "None", "depreciation": "None", "depreciationAndAmortization": "79000000", "incomeBeforeTax": "94400000", "incomeTaxExpense": "40500000", "interestAndDebtExpense": "None", "netIncomeFromContinuingOperations": "0", "comprehensiveIncomeNetOfTax": "None", "ebit": "114700000", "ebitda": "193700000", "netIncome": "53900000"}, {"fiscalDateEnding": "2006-12-31", "reportedCurrency": "USD", "grossProfit": "283900000", "totalRevenue": "766200000", "costOfRevenue": "482300000", "costofGoodsAndServicesSold": "482300000", "operatingIncome": "129700000", "sellingGeneralAndAdministrative": "78500000", "researchAndDevelopment": "0", "operatingExpenses": "154200000", "investmentIncomeNet": "None", "netInterestIncome": "None", "interestIncome": "None", "interestExpense": "95800000", "nonInterestIncome": "None", "otherNonOperatingIncome": "None", "depreciation": "None", "depreciationAndAmortization": "71600000", "incomeBeforeTax": "108900000", "incomeTaxExpense": "42000000", "interestAndDebtExpense": "None", "netIncomeFromContinuingOperations": "0", "comprehensiveIncomeNetOfTax": "None", "ebit": "129700000", "ebitda": "201300000", "netIncome": "66900000"}, {"fiscalDateEnding": "2006-09-30", "reportedCurrency": "USD", "grossProfit": "293900000", "totalRevenue": "787100000", "costOfRevenue": "493200000", "costofGoodsAndServicesSold": "493200000", "operatingIncome": "133400000", "sellingGeneralAndAdministrative": "79600000", "researchAndDevelopment": "0", "operatingExpenses": "160500000", "investmentIncomeNet": "None", "netInterestIncome": "None", "interestIncome": "None", "interestExpense": "25100000", "nonInterestIncome": "None", "otherNonOperatingIncome": "None", "depreciation": "None", "depreciationAndAmortization": "76900000", "incomeBeforeTax": "116400000", "incomeTaxExpense": "39100000", "interestAndDebtExpense": "None", "netIncomeFromContinuingOperations": "0", "comprehensiveIncomeNetOfTax": "None", "ebit": "133400000", "ebitda": "210300000", "netIncome": "77300000"}, {"fiscalDateEnding": "2006-06-30", "reportedCurrency": "USD", "grossProfit": "287300000", "totalRevenue": "779800000", "costOfRevenue": "492500000", "costofGoodsAndServicesSold": "492500000", "operatingIncome": "134000000", "sellingGeneralAndAdministrative": "75100000", "researchAndDevelopment": "0", "operatingExpenses": "153300000", "investmentIncomeNet": "None", "netInterestIncome": "None", "interestIncome": "None", "interestExpense": "24300000", "nonInterestIncome": "None", "otherNonOperatingIncome": "None", "depreciation": "None", "depreciationAndAmortization": "74400000", "incomeBeforeTax": "114200000", "incomeTaxExpense": "43400000", "interestAndDebtExpense": "None", "netIncomeFromContinuingOperations": "0", "comprehensiveIncomeNetOfTax": "None", "ebit": "134000000", "ebitda": "208400000", "netIncome": "70800000"}, {"fiscalDateEnding": "2006-03-31", "reportedCurrency": "USD", "grossProfit": "281100000", "totalRevenue": "737500000", "costOfRevenue": "456400000", "costofGoodsAndServicesSold": "456400000", "operatingIncome": "122400000", "sellingGeneralAndAdministrative": "81800000", "researchAndDevelopment": "0", "operatingExpenses": "158700000", "investmentIncomeNet": "None", "netInterestIncome": "None", "interestIncome": "None", "interestExpense": "22400000", "nonInterestIncome": "None", "otherNonOperatingIncome": "None", "depreciation": "None", "depreciationAndAmortization": "73100000", "incomeBeforeTax": "104200000", "incomeTaxExpense": "39600000", "interestAndDebtExpense": "None", "netIncomeFromContinuingOperations": "0", "comprehensiveIncomeNetOfTax": "None", "ebit": "122400000", "ebitda": "195500000", "netIncome": "64600000"}, {"fiscalDateEnding": "2005-12-31", "reportedCurrency": "USD", "grossProfit": "267100000", "totalRevenue": "738100000", "costOfRevenue": "471000000", "costofGoodsAndServicesSold": "471000000", "operatingIncome": "115400000", "sellingGeneralAndAdministrative": "87600000", "researchAndDevelopment": "0", "operatingExpenses": "151700000", "investmentIncomeNet": "None", "netInterestIncome": "None", "interestIncome": "None", "interestExpense": "81000000", "nonInterestIncome": "None", "otherNonOperatingIncome": "None", "depreciation": "None", "depreciationAndAmortization": "72300000", "incomeBeforeTax": "96800000", "incomeTaxExpense": "36800000", "interestAndDebtExpense": "None", "netIncomeFromContinuingOperations": "0", "comprehensiveIncomeNetOfTax": "None", "ebit": "117900000", "ebitda": "190200000", "netIncome": "60000000"}, {"fiscalDateEnding": "2005-09-30", "reportedCurrency": "USD", "grossProfit": "267100000", "totalRevenue": "730000000", "costOfRevenue": "462900000", "costofGoodsAndServicesSold": "462900000", "operatingIncome": "119400000", "sellingGeneralAndAdministrative": "71800000", "researchAndDevelopment": "0", "operatingExpenses": "147700000", "investmentIncomeNet": "None", "netInterestIncome": "None", "interestIncome": "None", "interestExpense": "20000000", "nonInterestIncome": "None", "otherNonOperatingIncome": "None", "depreciation": "None", "depreciationAndAmortization": "72800000", "incomeBeforeTax": "102900000", "incomeTaxExpense": "39100000", "interestAndDebtExpense": "None", "netIncomeFromContinuingOperations": "0", "comprehensiveIncomeNetOfTax": "None", "ebit": "119400000", "ebitda": "192200000", "netIncome": "63800000"}, {"fiscalDateEnding": "2005-06-30", "reportedCurrency": "USD", "grossProfit": "267300000", "totalRevenue": "718600000", "costOfRevenue": "451300000", "costofGoodsAndServicesSold": "451300000", "operatingIncome": "122900000", "sellingGeneralAndAdministrative": "73700000", "researchAndDevelopment": "0", "operatingExpenses": "144400000", "investmentIncomeNet": "None", "netInterestIncome": "None", "interestIncome": "None", "interestExpense": "20900000", "nonInterestIncome": "None", "otherNonOperatingIncome": "None", "depreciation": "None", "depreciationAndAmortization": "71500000", "incomeBeforeTax": "103900000", "incomeTaxExpense": "39500000", "interestAndDebtExpense": "None", "netIncomeFromContinuingOperations": "0", "comprehensiveIncomeNetOfTax": "None", "ebit": "122900000", "ebitda": "194400000", "netIncome": "64400000"}, {"fiscalDateEnding": "2005-03-31", "reportedCurrency": "USD", "grossProfit": "258500000", "totalRevenue": "677200000", "costOfRevenue": "418700000", "costofGoodsAndServicesSold": "418700000", "operatingIncome": "119500000", "sellingGeneralAndAdministrative": "74400000", "researchAndDevelopment": "0", "operatingExpenses": "139000000", "investmentIncomeNet": "None", "netInterestIncome": "None", "interestIncome": "None", "interestExpense": "19900000", "nonInterestIncome": "None", "otherNonOperatingIncome": "None", "depreciation": "None", "depreciationAndAmortization": "62200000", "incomeBeforeTax": "105600000", "incomeTaxExpense": "40100000", "interestAndDebtExpense": "None", "netIncomeFromContinuingOperations": "0", "comprehensiveIncomeNetOfTax": "None", "ebit": "119500000", "ebitda": "181700000", "netIncome": "65500000"}, {"fiscalDateEnding": "2004-12-31", "reportedCurrency": "USD", "grossProfit": "250000000", "totalRevenue": "687700000", "costOfRevenue": "437700000", "costofGoodsAndServicesSold": "437700000", "operatingIncome": "109600000", "sellingGeneralAndAdministrative": "83900000", "researchAndDevelopment": "0", "operatingExpenses": "140400000", "investmentIncomeNet": "None", "netInterestIncome": "None", "interestIncome": "None", "interestExpense": "76700000", "nonInterestIncome": "None", "otherNonOperatingIncome": "None", "depreciation": "None", "depreciationAndAmortization": "65700000", "incomeBeforeTax": "92900000", "incomeTaxExpense": "35300000", "interestAndDebtExpense": "None", "netIncomeFromContinuingOperations": "0", "comprehensiveIncomeNetOfTax": "None", "ebit": "16199999", "ebitda": "81899999", "netIncome": "57600000"}]}