{"symbol": "ULTA", "annualReports": [{"fiscalDateEnding": "2025-01-31", "reportedCurrency": "USD", "grossProfit": "4387253000", "totalRevenue": "11295654000", "costOfRevenue": "6908401000", "costofGoodsAndServicesSold": "6908401000", "operatingIncome": "1564972000", "sellingGeneralAndAdministrative": "2808592000", "researchAndDevelopment": "None", "operatingExpenses": "2822281000", "investmentIncomeNet": "None", "netInterestIncome": "15094000", "interestIncome": "15094000", "interestExpense": "None", "nonInterestIncome": "None", "otherNonOperatingIncome": "None", "depreciation": "None", "depreciationAndAmortization": "-13689000", "incomeBeforeTax": "1580066000", "incomeTaxExpense": "378948000", "interestAndDebtExpense": "None", "netIncomeFromContinuingOperations": "1201118000", "comprehensiveIncomeNetOfTax": "None", "ebit": "1578661000", "ebitda": "1564972000", "netIncome": "1201118000"}, {"fiscalDateEnding": "2024-01-31", "reportedCurrency": "USD", "grossProfit": "4381100000", "totalRevenue": "11207303000", "costOfRevenue": "6826203000", "costofGoodsAndServicesSold": "6826203000", "operatingIncome": "1678029000", "sellingGeneralAndAdministrative": "2713273000", "researchAndDevelopment": "889000", "operatingExpenses": "2694561000", "investmentIncomeNet": "None", "netInterestIncome": "17622000", "interestIncome": "17622000", "interestExpense": "17622000", "nonInterestIncome": "None", "otherNonOperatingIncome": "None", "depreciation": "None", "depreciationAndAmortization": "243840000", "incomeBeforeTax": "1695651000", "incomeTaxExpense": "404646000", "interestAndDebtExpense": "None", "netIncomeFromContinuingOperations": "1291005000", "comprehensiveIncomeNetOfTax": "None", "ebit": "1695651000", "ebitda": "1939491000", "netIncome": "1291005000"}, {"fiscalDateEnding": "2023-01-31", "reportedCurrency": "USD", "grossProfit": "4044510000", "totalRevenue": "10208580000", "costOfRevenue": "6164070000", "costofGoodsAndServicesSold": "6164070000", "operatingIncome": "1638610000", "sellingGeneralAndAdministrative": "2020569000", "researchAndDevelopment": "1014000", "operatingExpenses": "2405900000", "investmentIncomeNet": "None", "netInterestIncome": "4934000", "interestIncome": "4934000", "interestExpense": "4934000", "nonInterestIncome": "None", "otherNonOperatingIncome": "None", "depreciation": "None", "depreciationAndAmortization": "241372000", "incomeBeforeTax": "1643544000", "incomeTaxExpense": "401136000", "interestAndDebtExpense": "None", "netIncomeFromContinuingOperations": "1242408000", "comprehensiveIncomeNetOfTax": "None", "ebit": "1638610000", "ebitda": "1879982000", "netIncome": "1242408000"}, {"fiscalDateEnding": "2022-01-31", "reportedCurrency": "USD", "grossProfit": "3368554000", "totalRevenue": "8630889000", "costOfRevenue": "5262335000", "costofGoodsAndServicesSold": "5262335000", "operatingIncome": "1297492000", "sellingGeneralAndAdministrative": "1673751000", "researchAndDevelopment": "926000", "operatingExpenses": "2071062000", "investmentIncomeNet": "None", "netInterestIncome": "-1663000", "interestIncome": "None", "interestExpense": "1663000", "nonInterestIncome": "None", "otherNonOperatingIncome": "None", "depreciation": "None", "depreciationAndAmortization": "268460000", "incomeBeforeTax": "1295829000", "incomeTaxExpense": "309992000", "interestAndDebtExpense": "None", "netIncomeFromContinuingOperations": "985837000", "comprehensiveIncomeNetOfTax": "None", "ebit": "1297492000", "ebitda": "1565952000", "netIncome": "985837000"}, {"fiscalDateEnding": "2021-01-31", "reportedCurrency": "USD", "grossProfit": "1949159000", "totalRevenue": "6151953000", "costOfRevenue": "4202794000", "costofGoodsAndServicesSold": "4202794000", "operatingIncome": "465464000", "sellingGeneralAndAdministrative": "1583017000", "researchAndDevelopment": "926000", "operatingExpenses": "1598017000", "investmentIncomeNet": "None", "netInterestIncome": "-5735000", "interestIncome": "None", "interestExpense": "5735000", "nonInterestIncome": "None", "otherNonOperatingIncome": "None", "depreciation": "None", "depreciationAndAmortization": "297772000", "incomeBeforeTax": "231085000", "incomeTaxExpense": "55250000", "interestAndDebtExpense": "None", "netIncomeFromContinuingOperations": "175835000", "comprehensiveIncomeNetOfTax": "None", "ebit": "236820000", "ebitda": "534592000", "netIncome": "175835000"}, {"fiscalDateEnding": "2020-01-31", "reportedCurrency": "USD", "grossProfit": "2681064000", "totalRevenue": "7398068000", "costOfRevenue": "4717004000", "costofGoodsAndServicesSold": "4717004000", "operatingIncome": "901094000", "sellingGeneralAndAdministrative": "1760716000", "researchAndDevelopment": "926000", "operatingExpenses": "1779970000", "investmentIncomeNet": "None", "netInterestIncome": "5056000", "interestIncome": "5056000", "interestExpense": "5056000", "nonInterestIncome": "None", "otherNonOperatingIncome": "None", "depreciation": "None", "depreciationAndAmortization": "295599000", "incomeBeforeTax": "906150000", "incomeTaxExpense": "200205000", "interestAndDebtExpense": "None", "netIncomeFromContinuingOperations": "705945000", "comprehensiveIncomeNetOfTax": "None", "ebit": "901094000", "ebitda": "1196693000", "netIncome": "705945000"}, {"fiscalDateEnding": "2019-01-31", "reportedCurrency": "USD", "grossProfit": "2409311000", "totalRevenue": "6716615000", "costOfRevenue": "4307304000", "costofGoodsAndServicesSold": "4307304000", "operatingIncome": "854080000", "sellingGeneralAndAdministrative": "1555231000", "researchAndDevelopment": "314000", "operatingExpenses": "1555231000", "investmentIncomeNet": "None", "netInterestIncome": "5061000", "interestIncome": "5061000", "interestExpense": "5061000", "nonInterestIncome": "None", "otherNonOperatingIncome": "None", "depreciation": "None", "depreciationAndAmortization": "279472000", "incomeBeforeTax": "859141000", "incomeTaxExpense": "200582000", "interestAndDebtExpense": "None", "netIncomeFromContinuingOperations": "658559000", "comprehensiveIncomeNetOfTax": "None", "ebit": "854080000", "ebitda": "1133552000", "netIncome": "658559000"}, {"fiscalDateEnding": "2018-01-31", "reportedCurrency": "USD", "grossProfit": "2096809000", "totalRevenue": "5884506000", "costOfRevenue": "3787697000", "costofGoodsAndServicesSold": "3787697000", "operatingIncome": "785291000", "sellingGeneralAndAdministrative": "1311518000", "researchAndDevelopment": "None", "operatingExpenses": "1311518000", "investmentIncomeNet": "None", "netInterestIncome": "1568000", "interestIncome": "1568000", "interestExpense": "1568000", "nonInterestIncome": "None", "otherNonOperatingIncome": "None", "depreciation": "None", "depreciationAndAmortization": "252713000", "incomeBeforeTax": "786859000", "incomeTaxExpense": "231625000", "interestAndDebtExpense": "None", "netIncomeFromContinuingOperations": "555234000", "comprehensiveIncomeNetOfTax": "None", "ebit": "785291000", "ebitda": "1038004000", "netIncome": "555234000"}, {"fiscalDateEnding": "2017-01-31", "reportedCurrency": "USD", "grossProfit": "1747229000", "totalRevenue": "4854737000", "costOfRevenue": "3107508000", "costofGoodsAndServicesSold": "3107508000", "operatingIncome": "654824000", "sellingGeneralAndAdministrative": "1092405000", "researchAndDevelopment": "None", "operatingExpenses": "1092405000", "investmentIncomeNet": "None", "netInterestIncome": "None", "interestIncome": "None", "interestExpense": "890000", "nonInterestIncome": "None", "otherNonOperatingIncome": "None", "depreciation": "None", "depreciationAndAmortization": "210295000", "incomeBeforeTax": "655714000", "incomeTaxExpense": "245954000", "interestAndDebtExpense": "None", "netIncomeFromContinuingOperations": "409760000", "comprehensiveIncomeNetOfTax": "None", "ebit": "654824000", "ebitda": "865119000", "netIncome": "409760000"}, {"fiscalDateEnding": "2016-01-31", "reportedCurrency": "USD", "grossProfit": "1384333000", "totalRevenue": "3924116000", "costOfRevenue": "2539783000", "costofGoodsAndServicesSold": "2539783000", "operatingIncome": "506297000", "sellingGeneralAndAdministrative": "878036000", "researchAndDevelopment": "None", "operatingExpenses": "878036000", "investmentIncomeNet": "None", "netInterestIncome": "None", "interestIncome": "None", "interestExpense": "1143000", "nonInterestIncome": "None", "otherNonOperatingIncome": "None", "depreciation": "None", "depreciationAndAmortization": "165049000", "incomeBeforeTax": "507440000", "incomeTaxExpense": "187432000", "interestAndDebtExpense": "None", "netIncomeFromContinuingOperations": "320008000", "comprehensiveIncomeNetOfTax": "None", "ebit": "506297000", "ebitda": "671346000", "netIncome": "320008000"}, {"fiscalDateEnding": "2015-01-31", "reportedCurrency": "USD", "grossProfit": "1136787000", "totalRevenue": "3241369000", "costOfRevenue": "2104582000", "costofGoodsAndServicesSold": "2104582000", "operatingIncome": "410415000", "sellingGeneralAndAdministrative": "712006000", "researchAndDevelopment": "None", "operatingExpenses": "726372000", "investmentIncomeNet": "None", "netInterestIncome": "None", "interestIncome": "None", "interestExpense": "894000", "nonInterestIncome": "None", "otherNonOperatingIncome": "None", "depreciation": "None", "depreciationAndAmortization": "131764000", "incomeBeforeTax": "411309000", "incomeTaxExpense": "154174000", "interestAndDebtExpense": "None", "netIncomeFromContinuingOperations": "257135000", "comprehensiveIncomeNetOfTax": "None", "ebit": "410415000", "ebitda": "542179000", "netIncome": "257135000"}, {"fiscalDateEnding": "2014-01-31", "reportedCurrency": "USD", "grossProfit": "941248000", "totalRevenue": "2670573000", "costOfRevenue": "1729325000", "costofGoodsAndServicesSold": "1729325000", "operatingIncome": "327588000", "sellingGeneralAndAdministrative": "613700000", "researchAndDevelopment": "None", "operatingExpenses": "613660000", "investmentIncomeNet": "None", "netInterestIncome": "None", "interestIncome": "None", "interestExpense": "118000", "nonInterestIncome": "None", "otherNonOperatingIncome": "None", "depreciation": "None", "depreciationAndAmortization": "106283000", "incomeBeforeTax": "327706000", "incomeTaxExpense": "124857000", "interestAndDebtExpense": "None", "netIncomeFromContinuingOperations": "202849000", "comprehensiveIncomeNetOfTax": "None", "ebit": "327588000", "ebitda": "433871000", "netIncome": "202849000"}, {"fiscalDateEnding": "2013-01-31", "reportedCurrency": "USD", "grossProfit": "783674000", "totalRevenue": "2220256000", "costOfRevenue": "1436582000", "costofGoodsAndServicesSold": "1436582000", "operatingIncome": "279978000", "sellingGeneralAndAdministrative": "370515000", "researchAndDevelopment": "None", "operatingExpenses": "503696000", "investmentIncomeNet": "None", "netInterestIncome": "None", "interestIncome": "None", "interestExpense": "185000", "nonInterestIncome": "None", "otherNonOperatingIncome": "None", "depreciation": "None", "depreciationAndAmortization": "88233000", "incomeBeforeTax": "279793000", "incomeTaxExpense": "107244000", "interestAndDebtExpense": "None", "netIncomeFromContinuingOperations": "None", "comprehensiveIncomeNetOfTax": "None", "ebit": "279978000", "ebitda": "368211000", "netIncome": "172549000"}, {"fiscalDateEnding": "2012-01-31", "reportedCurrency": "USD", "grossProfit": "616840000", "totalRevenue": "1776151000", "costOfRevenue": "1159311000", "costofGoodsAndServicesSold": "1159311000", "operatingIncome": "196195000", "sellingGeneralAndAdministrative": "420600000", "researchAndDevelopment": "None", "operatingExpenses": "420645000", "investmentIncomeNet": "None", "netInterestIncome": "None", "interestIncome": "None", "interestExpense": "587000", "nonInterestIncome": "None", "otherNonOperatingIncome": "None", "depreciation": "None", "depreciationAndAmortization": "75931000", "incomeBeforeTax": "195608000", "incomeTaxExpense": "75344000", "interestAndDebtExpense": "None", "netIncomeFromContinuingOperations": "120264000", "comprehensiveIncomeNetOfTax": "None", "ebit": "196195000", "ebitda": "272126000", "netIncome": "120264000"}, {"fiscalDateEnding": "2011-01-31", "reportedCurrency": "USD", "grossProfit": "484085000", "totalRevenue": "1454838000", "costOfRevenue": "970753000", "costofGoodsAndServicesSold": "970753000", "operatingIncome": "118884000", "sellingGeneralAndAdministrative": "365200000", "researchAndDevelopment": "None", "operatingExpenses": "365201000", "investmentIncomeNet": "None", "netInterestIncome": "None", "interestIncome": "None", "interestExpense": "755000", "nonInterestIncome": "None", "otherNonOperatingIncome": "None", "depreciation": "None", "depreciationAndAmortization": "64936000", "incomeBeforeTax": "118129000", "incomeTaxExpense": "47099000", "interestAndDebtExpense": "None", "netIncomeFromContinuingOperations": "None", "comprehensiveIncomeNetOfTax": "None", "ebit": "118884000", "ebitda": "183820000", "netIncome": "71030000"}, {"fiscalDateEnding": "2010-01-31", "reportedCurrency": "USD", "grossProfit": "373049000", "totalRevenue": "1222771000", "costOfRevenue": "849722000", "costofGoodsAndServicesSold": "849722000", "operatingIncome": "68153000", "sellingGeneralAndAdministrative": "308400000", "researchAndDevelopment": "None", "operatingExpenses": "304896000", "investmentIncomeNet": "None", "netInterestIncome": "None", "interestIncome": "None", "interestExpense": "2202000", "nonInterestIncome": "None", "otherNonOperatingIncome": "None", "depreciation": "None", "depreciationAndAmortization": "62166000", "incomeBeforeTax": "65951000", "incomeTaxExpense": "26595000", "interestAndDebtExpense": "None", "netIncomeFromContinuingOperations": "None", "comprehensiveIncomeNetOfTax": "None", "ebit": "68153000", "ebitda": "130319000", "netIncome": "39356000"}, {"fiscalDateEnding": "2009-01-31", "reportedCurrency": "USD", "grossProfit": "327934000", "totalRevenue": "1084646000", "costOfRevenue": "756712000", "costofGoodsAndServicesSold": "756712000", "operatingIncome": "46301000", "sellingGeneralAndAdministrative": "281633000", "researchAndDevelopment": "None", "operatingExpenses": "281633000", "investmentIncomeNet": "None", "netInterestIncome": "None", "interestIncome": "None", "interestExpense": "3943000", "nonInterestIncome": "None", "otherNonOperatingIncome": "None", "depreciation": "None", "depreciationAndAmortization": "51445000", "incomeBeforeTax": "42358000", "incomeTaxExpense": "17090000", "interestAndDebtExpense": "None", "netIncomeFromContinuingOperations": "None", "comprehensiveIncomeNetOfTax": "None", "ebit": "46301000", "ebitda": "97746000", "netIncome": "25268000"}, {"fiscalDateEnding": "2008-01-31", "reportedCurrency": "USD", "grossProfit": "283646000", "totalRevenue": "912141000", "costOfRevenue": "628495000", "costofGoodsAndServicesSold": "628495000", "operatingIncome": "46721000", "sellingGeneralAndAdministrative": "236900000", "researchAndDevelopment": "None", "operatingExpenses": "236925000", "investmentIncomeNet": "None", "netInterestIncome": "None", "interestIncome": "None", "interestExpense": "4542000", "nonInterestIncome": "None", "otherNonOperatingIncome": "None", "depreciation": "None", "depreciationAndAmortization": "39503000", "incomeBeforeTax": "42179000", "incomeTaxExpense": "16844000", "interestAndDebtExpense": "None", "netIncomeFromContinuingOperations": "None", "comprehensiveIncomeNetOfTax": "None", "ebit": "46721000", "ebitda": "86224000", "netIncome": "25335000"}, {"fiscalDateEnding": "2007-01-31", "reportedCurrency": "USD", "grossProfit": "235184000", "totalRevenue": "755113000", "costOfRevenue": "519929000", "costofGoodsAndServicesSold": "519929000", "operatingIncome": "40088000", "sellingGeneralAndAdministrative": "None", "researchAndDevelopment": "None", "operatingExpenses": "195096000", "investmentIncomeNet": "None", "netInterestIncome": "None", "interestIncome": "None", "interestExpense": "3314000", "nonInterestIncome": "None", "otherNonOperatingIncome": "None", "depreciation": "None", "depreciationAndAmortization": "29736000", "incomeBeforeTax": "36774000", "incomeTaxExpense": "14231000", "interestAndDebtExpense": "None", "netIncomeFromContinuingOperations": "None", "comprehensiveIncomeNetOfTax": "None", "ebit": "40088000", "ebitda": "69824000", "netIncome": "22543000"}, {"fiscalDateEnding": "2006-01-31", "reportedCurrency": "USD", "grossProfit": "174281000", "totalRevenue": "579075000", "costOfRevenue": "404794000", "costofGoodsAndServicesSold": "404794000", "operatingIncome": "29424000", "sellingGeneralAndAdministrative": "None", "researchAndDevelopment": "None", "operatingExpenses": "144857000", "investmentIncomeNet": "None", "netInterestIncome": "None", "interestIncome": "None", "interestExpense": "2951000", "nonInterestIncome": "None", "otherNonOperatingIncome": "None", "depreciation": "None", "depreciationAndAmortization": "22285000", "incomeBeforeTax": "26473000", "incomeTaxExpense": "10504000", "interestAndDebtExpense": "None", "netIncomeFromContinuingOperations": "None", "comprehensiveIncomeNetOfTax": "None", "ebit": "29424000", "ebitda": "51709000", "netIncome": "15969000"}], "quarterlyReports": [{"fiscalDateEnding": "2025-01-31", "reportedCurrency": "USD", "grossProfit": "1333652000", "totalRevenue": "3487619000", "costOfRevenue": "2153967000", "costofGoodsAndServicesSold": "2153967000", "operatingIncome": "516321000", "sellingGeneralAndAdministrative": "815599000", "researchAndDevelopment": "None", "operatingExpenses": "817331000", "investmentIncomeNet": "None", "netInterestIncome": "1994000", "interestIncome": "1994000", "interestExpense": "None", "nonInterestIncome": "None", "otherNonOperatingIncome": "None", "depreciation": "None", "depreciationAndAmortization": "-1732000", "incomeBeforeTax": "518315000", "incomeTaxExpense": "125045000", "interestAndDebtExpense": "None", "netIncomeFromContinuingOperations": "393270000", "comprehensiveIncomeNetOfTax": "None", "ebit": "518053000", "ebitda": "516321000", "netIncome": "393270000"}, {"fiscalDateEnding": "2024-10-31", "reportedCurrency": "USD", "grossProfit": "1005644000", "totalRevenue": "2530100000", "costOfRevenue": "1524456000", "costofGoodsAndServicesSold": "1524456000", "operatingIncome": "318502000", "sellingGeneralAndAdministrative": "682259000", "researchAndDevelopment": "None", "operatingExpenses": "687142000", "investmentIncomeNet": "None", "netInterestIncome": "1674000", "interestIncome": "1674000", "interestExpense": "None", "nonInterestIncome": "None", "otherNonOperatingIncome": "None", "depreciation": "None", "depreciationAndAmortization": "67022000", "incomeBeforeTax": "320176000", "incomeTaxExpense": "77997000", "interestAndDebtExpense": "None", "netIncomeFromContinuingOperations": "242179000", "comprehensiveIncomeNetOfTax": "None", "ebit": "323385000", "ebitda": "390407000", "netIncome": "242179000"}, {"fiscalDateEnding": "2024-07-31", "reportedCurrency": "USD", "grossProfit": "978177000", "totalRevenue": "2552087000", "costOfRevenue": "1573910000", "costofGoodsAndServicesSold": "1573910000", "operatingIncome": "329201000", "sellingGeneralAndAdministrative": "644821000", "researchAndDevelopment": "None", "operatingExpenses": "644821000", "investmentIncomeNet": "None", "netInterestIncome": "4526000", "interestIncome": "4526000", "interestExpense": "None", "nonInterestIncome": "None", "otherNonOperatingIncome": "None", "depreciation": "None", "depreciationAndAmortization": "65314000", "incomeBeforeTax": "333727000", "incomeTaxExpense": "81171000", "interestAndDebtExpense": "None", "netIncomeFromContinuingOperations": "252556000", "comprehensiveIncomeNetOfTax": "None", "ebit": "333727000", "ebitda": "399041000", "netIncome": "252556000"}, {"fiscalDateEnding": "2024-04-30", "reportedCurrency": "USD", "grossProfit": "1069780000", "totalRevenue": "2725848000", "costOfRevenue": "1656068000", "costofGoodsAndServicesSold": "1656068000", "operatingIncome": "403867000", "sellingGeneralAndAdministrative": "665913000", "researchAndDevelopment": "None", "operatingExpenses": "665913000", "investmentIncomeNet": "None", "netInterestIncome": "6900000", "interestIncome": "6900000", "interestExpense": "None", "nonInterestIncome": "None", "otherNonOperatingIncome": "None", "depreciation": "None", "depreciationAndAmortization": "64739000", "incomeBeforeTax": "407848000", "incomeTaxExpense": "94735000", "interestAndDebtExpense": "None", "netIncomeFromContinuingOperations": "313113000", "comprehensiveIncomeNetOfTax": "None", "ebit": "400948000", "ebitda": "465687000", "netIncome": "313113000"}, {"fiscalDateEnding": "2024-01-31", "reportedCurrency": "USD", "grossProfit": "1340564000", "totalRevenue": "3554298000", "costOfRevenue": "2213734000", "costofGoodsAndServicesSold": "2213734000", "operatingIncome": "517090000", "sellingGeneralAndAdministrative": "397581000", "researchAndDevelopment": "889000", "operatingExpenses": "820360000", "investmentIncomeNet": "None", "netInterestIncome": "3328000", "interestIncome": "None", "interestExpense": "13173000", "nonInterestIncome": "None", "otherNonOperatingIncome": "None", "depreciation": "None", "depreciationAndAmortization": "62567000", "incomeBeforeTax": "520418000", "incomeTaxExpense": "126049000", "interestAndDebtExpense": "None", "netIncomeFromContinuingOperations": "394369000", "comprehensiveIncomeNetOfTax": "None", "ebit": "520204000", "ebitda": "582771000", "netIncome": "394369000"}, {"fiscalDateEnding": "2023-10-31", "reportedCurrency": "USD", "grossProfit": "992067000", "totalRevenue": "2488933000", "costOfRevenue": "1496866000", "costofGoodsAndServicesSold": "1496866000", "operatingIncome": "327227000", "sellingGeneralAndAdministrative": "661380000", "researchAndDevelopment": "None", "operatingExpenses": "661380000", "investmentIncomeNet": "None", "netInterestIncome": "2497000", "interestIncome": "2497000", "interestExpense": "None", "nonInterestIncome": "None", "otherNonOperatingIncome": "None", "depreciation": "None", "depreciationAndAmortization": "61411000", "incomeBeforeTax": "329724000", "incomeTaxExpense": "80241000", "interestAndDebtExpense": "None", "netIncomeFromContinuingOperations": "249483000", "comprehensiveIncomeNetOfTax": "None", "ebit": "327227000", "ebitda": "388638000", "netIncome": "249483000"}, {"fiscalDateEnding": "2023-07-31", "reportedCurrency": "USD", "grossProfit": "993612000", "totalRevenue": "2529809000", "costOfRevenue": "1536197000", "costofGoodsAndServicesSold": "1536197000", "operatingIncome": "391642000", "sellingGeneralAndAdministrative": "600692000", "researchAndDevelopment": "None", "operatingExpenses": "600692000", "investmentIncomeNet": "None", "netInterestIncome": "4449000", "interestIncome": "4449000", "interestExpense": "4449000", "nonInterestIncome": "None", "otherNonOperatingIncome": "None", "depreciation": "None", "depreciationAndAmortization": "61913000", "incomeBeforeTax": "396091000", "incomeTaxExpense": "95989000", "interestAndDebtExpense": "None", "netIncomeFromContinuingOperations": "300102000", "comprehensiveIncomeNetOfTax": "None", "ebit": "391642000", "ebitda": "453555000", "netIncome": "300102000"}, {"fiscalDateEnding": "2023-04-30", "reportedCurrency": "USD", "grossProfit": "1054857000", "totalRevenue": "2634263000", "costOfRevenue": "1579406000", "costofGoodsAndServicesSold": "1579406000", "operatingIncome": "442070000", "sellingGeneralAndAdministrative": "612129000", "researchAndDevelopment": "None", "operatingExpenses": "612129000", "investmentIncomeNet": "None", "netInterestIncome": "7348000", "interestIncome": "7348000", "interestExpense": "7348000", "nonInterestIncome": "None", "otherNonOperatingIncome": "None", "depreciation": "None", "depreciationAndAmortization": "57949000", "incomeBeforeTax": "449418000", "incomeTaxExpense": "102367000", "interestAndDebtExpense": "None", "netIncomeFromContinuingOperations": "347051000", "comprehensiveIncomeNetOfTax": "None", "ebit": "442070000", "ebitda": "500019000", "netIncome": "347051000"}, {"fiscalDateEnding": "2023-01-31", "reportedCurrency": "USD", "grossProfit": "1212503000", "totalRevenue": "3226773000", "costOfRevenue": "2014270000", "costofGoodsAndServicesSold": "2014270000", "operatingIncome": "447618000", "sellingGeneralAndAdministrative": "387976000", "researchAndDevelopment": "1014000", "operatingExpenses": "762706000", "investmentIncomeNet": "None", "netInterestIncome": "4378000", "interestIncome": "None", "interestExpense": "4378000", "nonInterestIncome": "None", "otherNonOperatingIncome": "None", "depreciation": "None", "depreciationAndAmortization": "59190000", "incomeBeforeTax": "451996000", "incomeTaxExpense": "111245000", "interestAndDebtExpense": "None", "netIncomeFromContinuingOperations": "340751000", "comprehensiveIncomeNetOfTax": "None", "ebit": "449797000", "ebitda": "508987000", "netIncome": "340751000"}, {"fiscalDateEnding": "2022-10-31", "reportedCurrency": "USD", "grossProfit": "962817000", "totalRevenue": "2338793000", "costOfRevenue": "1375976000", "costofGoodsAndServicesSold": "1375976000", "operatingIncome": "361856000", "sellingGeneralAndAdministrative": "597164000", "researchAndDevelopment": "None", "operatingExpenses": "597164000", "investmentIncomeNet": "None", "netInterestIncome": "849000", "interestIncome": "849000", "interestExpense": "849000", "nonInterestIncome": "None", "otherNonOperatingIncome": "None", "depreciation": "None", "depreciationAndAmortization": "58461000", "incomeBeforeTax": "362705000", "incomeTaxExpense": "88120000", "interestAndDebtExpense": "None", "netIncomeFromContinuingOperations": "274585000", "comprehensiveIncomeNetOfTax": "None", "ebit": "361856000", "ebitda": "420317000", "netIncome": "274585000"}, {"fiscalDateEnding": "2022-07-31", "reportedCurrency": "USD", "grossProfit": "928164000", "totalRevenue": "2297113000", "costOfRevenue": "1368949000", "costofGoodsAndServicesSold": "1368949000", "operatingIncome": "393705000", "sellingGeneralAndAdministrative": "534459000", "researchAndDevelopment": "None", "operatingExpenses": "534458999", "investmentIncomeNet": "None", "netInterestIncome": "108000", "interestIncome": "None", "interestExpense": "108000", "nonInterestIncome": "None", "otherNonOperatingIncome": "None", "depreciation": "None", "depreciationAndAmortization": "60882000", "incomeBeforeTax": "391536000", "incomeTaxExpense": "95859000", "interestAndDebtExpense": "None", "netIncomeFromContinuingOperations": "295677000", "comprehensiveIncomeNetOfTax": "None", "ebit": "391428000", "ebitda": "452310000", "netIncome": "295677000"}, {"fiscalDateEnding": "2022-04-30", "reportedCurrency": "USD", "grossProfit": "941026000", "totalRevenue": "2345901000", "costOfRevenue": "1404875000", "costofGoodsAndServicesSold": "1404875000", "operatingIncome": "437708000", "sellingGeneralAndAdministrative": "500970000", "researchAndDevelopment": "None", "operatingExpenses": "503318000", "investmentIncomeNet": "None", "netInterestIncome": "-401000", "interestIncome": "None", "interestExpense": "401000", "nonInterestIncome": "None", "otherNonOperatingIncome": "None", "depreciation": "None", "depreciationAndAmortization": "62839000", "incomeBeforeTax": "437307000", "incomeTaxExpense": "105912000", "interestAndDebtExpense": "None", "netIncomeFromContinuingOperations": "331395000", "comprehensiveIncomeNetOfTax": "None", "ebit": "437708000", "ebitda": "500547000", "netIncome": "331395000"}, {"fiscalDateEnding": "2022-01-31", "reportedCurrency": "USD", "grossProfit": "1027329000", "totalRevenue": "2729388000", "costOfRevenue": "1702059000", "costofGoodsAndServicesSold": "1702059000", "operatingIncome": "375622000", "sellingGeneralAndAdministrative": "503403000", "researchAndDevelopment": "926000", "operatingExpenses": "651707000", "investmentIncomeNet": "None", "netInterestIncome": "-467000", "interestIncome": "None", "interestExpense": "1196000", "nonInterestIncome": "None", "otherNonOperatingIncome": "None", "depreciation": "None", "depreciationAndAmortization": "63726000", "incomeBeforeTax": "375155000", "incomeTaxExpense": "85789000", "interestAndDebtExpense": "None", "netIncomeFromContinuingOperations": "289366000", "comprehensiveIncomeNetOfTax": "None", "ebit": "375622000", "ebitda": "439348000", "netIncome": "289366000"}, {"fiscalDateEnding": "2021-10-31", "reportedCurrency": "USD", "grossProfit": "789474000", "totalRevenue": "1995775000", "costOfRevenue": "1206301000", "costofGoodsAndServicesSold": "1206301000", "operatingIncome": "284239000", "sellingGeneralAndAdministrative": "503403000", "researchAndDevelopment": "None", "operatingExpenses": "505235000", "investmentIncomeNet": "None", "netInterestIncome": "-413000", "interestIncome": "None", "interestExpense": "413000", "nonInterestIncome": "None", "otherNonOperatingIncome": "None", "depreciation": "None", "depreciationAndAmortization": "65157000", "incomeBeforeTax": "283826000", "incomeTaxExpense": "68537000", "interestAndDebtExpense": "None", "netIncomeFromContinuingOperations": "215289000", "comprehensiveIncomeNetOfTax": "None", "ebit": "284239000", "ebitda": "349396000", "netIncome": "215289000"}, {"fiscalDateEnding": "2021-07-31", "reportedCurrency": "USD", "grossProfit": "797963000", "totalRevenue": "1967207000", "costOfRevenue": "1169244000", "costofGoodsAndServicesSold": "1169244000", "operatingIncome": "332307000", "sellingGeneralAndAdministrative": "464299000", "researchAndDevelopment": "None", "operatingExpenses": "465656000", "investmentIncomeNet": "None", "netInterestIncome": "-425000", "interestIncome": "None", "interestExpense": "425000", "nonInterestIncome": "None", "otherNonOperatingIncome": "None", "depreciation": "None", "depreciationAndAmortization": "68978000", "incomeBeforeTax": "331882000", "incomeTaxExpense": "80989000", "interestAndDebtExpense": "None", "netIncomeFromContinuingOperations": "250893000", "comprehensiveIncomeNetOfTax": "None", "ebit": "332307000", "ebitda": "401285000", "netIncome": "250893000"}, {"fiscalDateEnding": "2021-04-30", "reportedCurrency": "USD", "grossProfit": "753788000", "totalRevenue": "1938519000", "costOfRevenue": "1184731000", "costofGoodsAndServicesSold": "1184731000", "operatingIncome": "305324000", "sellingGeneralAndAdministrative": "443875000", "researchAndDevelopment": "None", "operatingExpenses": "448464000", "investmentIncomeNet": "None", "netInterestIncome": "-358000", "interestIncome": "None", "interestExpense": "358000", "nonInterestIncome": "None", "otherNonOperatingIncome": "None", "depreciation": "None", "depreciationAndAmortization": "70599000", "incomeBeforeTax": "304966000", "incomeTaxExpense": "74677000", "interestAndDebtExpense": "None", "netIncomeFromContinuingOperations": "230289000", "comprehensiveIncomeNetOfTax": "None", "ebit": "305324000", "ebitda": "375923000", "netIncome": "230289000"}, {"fiscalDateEnding": "2021-01-31", "reportedCurrency": "USD", "grossProfit": "771028000", "totalRevenue": "2198701000", "costOfRevenue": "1427673000", "costofGoodsAndServicesSold": "1427673000", "operatingIncome": "224272000", "sellingGeneralAndAdministrative": "538971000", "researchAndDevelopment": "926000", "operatingExpenses": "516358000", "investmentIncomeNet": "None", "netInterestIncome": "-463000", "interestIncome": "None", "interestExpense": "463000", "nonInterestIncome": "None", "otherNonOperatingIncome": "None", "depreciation": "None", "depreciationAndAmortization": "71386000", "incomeBeforeTax": "223809000", "incomeTaxExpense": "52315000", "interestAndDebtExpense": "None", "netIncomeFromContinuingOperations": "171494000", "comprehensiveIncomeNetOfTax": "None", "ebit": "224272000", "ebitda": "295658000", "netIncome": "171494000"}, {"fiscalDateEnding": "2020-10-31", "reportedCurrency": "USD", "grossProfit": "545519000", "totalRevenue": "1552033000", "costOfRevenue": "1006514000", "costofGoodsAndServicesSold": "1006514000", "operatingIncome": "101277000", "sellingGeneralAndAdministrative": "416378000", "researchAndDevelopment": "None", "operatingExpenses": "420618000", "investmentIncomeNet": "None", "netInterestIncome": "-1383000", "interestIncome": "None", "interestExpense": "1383000", "nonInterestIncome": "None", "otherNonOperatingIncome": "None", "depreciation": "None", "depreciationAndAmortization": "72357000", "incomeBeforeTax": "99894000", "incomeTaxExpense": "25096000", "interestAndDebtExpense": "None", "netIncomeFromContinuingOperations": "74798000", "comprehensiveIncomeNetOfTax": "None", "ebit": "101277000", "ebitda": "173634000", "netIncome": "74798000"}, {"fiscalDateEnding": "2020-07-31", "reportedCurrency": "USD", "grossProfit": "329007000", "totalRevenue": "1228009000", "costOfRevenue": "899002000", "costofGoodsAndServicesSold": "899002000", "operatingIncome": "12755000", "sellingGeneralAndAdministrative": "275494000", "researchAndDevelopment": "None", "operatingExpenses": "275494000", "investmentIncomeNet": "None", "netInterestIncome": "-2617000", "interestIncome": "None", "interestExpense": "2617000", "nonInterestIncome": "None", "otherNonOperatingIncome": "None", "depreciation": "None", "depreciationAndAmortization": "77403000", "incomeBeforeTax": "10138000", "incomeTaxExpense": "2086000", "interestAndDebtExpense": "None", "netIncomeFromContinuingOperations": "8052000", "comprehensiveIncomeNetOfTax": "None", "ebit": "12755000", "ebitda": "90158000", "netIncome": "8052000"}, {"fiscalDateEnding": "2020-04-30", "reportedCurrency": "USD", "grossProfit": "303605000", "totalRevenue": "1173210000", "costOfRevenue": "869605000", "costofGoodsAndServicesSold": "869605000", "operatingIncome": "-101484000", "sellingGeneralAndAdministrative": "385547000", "researchAndDevelopment": "None", "operatingExpenses": "385547000", "investmentIncomeNet": "None", "netInterestIncome": "-1272000", "interestIncome": "None", "interestExpense": "1272000", "nonInterestIncome": "None", "otherNonOperatingIncome": "None", "depreciation": "None", "depreciationAndAmortization": "76626000", "incomeBeforeTax": "-102756000", "incomeTaxExpense": "-24247000", "interestAndDebtExpense": "None", "netIncomeFromContinuingOperations": "-78509000", "comprehensiveIncomeNetOfTax": "None", "ebit": "-101484000", "ebitda": "-24858000", "netIncome": "-78509000"}, {"fiscalDateEnding": "2020-01-31", "reportedCurrency": "USD", "grossProfit": "806885000", "totalRevenue": "2305918000", "costOfRevenue": "1499033000", "costofGoodsAndServicesSold": "1499033000", "operatingIncome": "287756000", "sellingGeneralAndAdministrative": "519129000", "researchAndDevelopment": "926000", "operatingExpenses": "519129000", "investmentIncomeNet": "None", "netInterestIncome": "None", "interestIncome": "None", "interestExpense": "439000", "nonInterestIncome": "None", "otherNonOperatingIncome": "None", "depreciation": "None", "depreciationAndAmortization": "76392000", "incomeBeforeTax": "288195000", "incomeTaxExpense": "65476000", "interestAndDebtExpense": "None", "netIncomeFromContinuingOperations": "222719000", "comprehensiveIncomeNetOfTax": "None", "ebit": "288195000", "ebitda": "364587000", "netIncome": "222719000"}, {"fiscalDateEnding": "2019-10-31", "reportedCurrency": "USD", "grossProfit": "623433000", "totalRevenue": "1682514000", "costOfRevenue": "1059081000", "costofGoodsAndServicesSold": "1059081000", "operatingIncome": "167780000", "sellingGeneralAndAdministrative": "455653000", "researchAndDevelopment": "None", "operatingExpenses": "455653000", "investmentIncomeNet": "None", "netInterestIncome": "None", "interestIncome": "None", "interestExpense": "900000", "nonInterestIncome": "None", "otherNonOperatingIncome": "None", "depreciation": "None", "depreciationAndAmortization": "74256000", "incomeBeforeTax": "168680000", "incomeTaxExpense": "38933000", "interestAndDebtExpense": "None", "netIncomeFromContinuingOperations": "129747000", "comprehensiveIncomeNetOfTax": "None", "ebit": "167780000", "ebitda": "242036000", "netIncome": "129747000"}, {"fiscalDateEnding": "2019-07-31", "reportedCurrency": "USD", "grossProfit": "605899000", "totalRevenue": "1666607000", "costOfRevenue": "1060708000", "costofGoodsAndServicesSold": "1060708000", "operatingIncome": "208018000", "sellingGeneralAndAdministrative": "397881000", "researchAndDevelopment": "None", "operatingExpenses": "397881000", "investmentIncomeNet": "None", "netInterestIncome": "None", "interestIncome": "None", "interestExpense": "1671000", "nonInterestIncome": "None", "otherNonOperatingIncome": "None", "depreciation": "None", "depreciationAndAmortization": "73141000", "incomeBeforeTax": "209689000", "incomeTaxExpense": "48431000", "interestAndDebtExpense": "None", "netIncomeFromContinuingOperations": "161258000", "comprehensiveIncomeNetOfTax": "None", "ebit": "208018000", "ebitda": "281159000", "netIncome": "161258000"}, {"fiscalDateEnding": "2019-04-30", "reportedCurrency": "USD", "grossProfit": "644847000", "totalRevenue": "1743029000", "costOfRevenue": "1098182000", "costofGoodsAndServicesSold": "1098182000", "operatingIncome": "237540000", "sellingGeneralAndAdministrative": "407307000", "researchAndDevelopment": "None", "operatingExpenses": "407307000", "investmentIncomeNet": "None", "netInterestIncome": "None", "interestIncome": "None", "interestExpense": "2046000", "nonInterestIncome": "None", "otherNonOperatingIncome": "None", "depreciation": "None", "depreciationAndAmortization": "71810000", "incomeBeforeTax": "239586000", "incomeTaxExpense": "47365000", "interestAndDebtExpense": "None", "netIncomeFromContinuingOperations": "214674000", "comprehensiveIncomeNetOfTax": "None", "ebit": "237540000", "ebitda": "309350000", "netIncome": "192221000"}, {"fiscalDateEnding": "2019-01-31", "reportedCurrency": "USD", "grossProfit": "740859000", "totalRevenue": "2124716000", "costOfRevenue": "1383857000", "costofGoodsAndServicesSold": "1383857000", "operatingIncome": "281210000", "sellingGeneralAndAdministrative": "459649000", "researchAndDevelopment": "314000", "operatingExpenses": "459649000", "investmentIncomeNet": "None", "netInterestIncome": "None", "interestIncome": "None", "interestExpense": "1275000", "nonInterestIncome": "None", "otherNonOperatingIncome": "None", "depreciation": "None", "depreciationAndAmortization": "71820000", "incomeBeforeTax": "282485000", "incomeTaxExpense": "67811000", "interestAndDebtExpense": "None", "netIncomeFromContinuingOperations": "None", "comprehensiveIncomeNetOfTax": "None", "ebit": "281210000", "ebitda": "353030000", "netIncome": "214674000"}, {"fiscalDateEnding": "2018-10-31", "reportedCurrency": "USD", "grossProfit": "572278000", "totalRevenue": "1560011000", "costOfRevenue": "987733000", "costofGoodsAndServicesSold": "987733000", "operatingIncome": "169213000", "sellingGeneralAndAdministrative": "403065000", "researchAndDevelopment": "None", "operatingExpenses": "403065000", "investmentIncomeNet": "None", "netInterestIncome": "None", "interestIncome": "None", "interestExpense": "1318000", "nonInterestIncome": "None", "otherNonOperatingIncome": "None", "depreciation": "None", "depreciationAndAmortization": "69837000", "incomeBeforeTax": "170531000", "incomeTaxExpense": "39365000", "interestAndDebtExpense": "None", "netIncomeFromContinuingOperations": "131166000", "comprehensiveIncomeNetOfTax": "None", "ebit": "169213000", "ebitda": "239050000", "netIncome": "131166000"}, {"fiscalDateEnding": "2018-07-31", "reportedCurrency": "USD", "grossProfit": "535461000", "totalRevenue": "1488221000", "costOfRevenue": "952760000", "costofGoodsAndServicesSold": "952760000", "operatingIncome": "193815000", "sellingGeneralAndAdministrative": "341600000", "researchAndDevelopment": "None", "operatingExpenses": "341646000", "investmentIncomeNet": "None", "netInterestIncome": "None", "interestIncome": "None", "interestExpense": "1143000", "nonInterestIncome": "None", "otherNonOperatingIncome": "None", "depreciation": "None", "depreciationAndAmortization": "69026000", "incomeBeforeTax": "194958000", "incomeTaxExpense": "46635000", "interestAndDebtExpense": "None", "netIncomeFromContinuingOperations": "148323000", "comprehensiveIncomeNetOfTax": "None", "ebit": "193815000", "ebitda": "262841000", "netIncome": "148323000"}, {"fiscalDateEnding": "2018-04-30", "reportedCurrency": "USD", "grossProfit": "560713000", "totalRevenue": "1543667000", "costOfRevenue": "982954000", "costofGoodsAndServicesSold": "982954000", "operatingIncome": "209842000", "sellingGeneralAndAdministrative": "350900000", "researchAndDevelopment": "None", "operatingExpenses": "350871000", "investmentIncomeNet": "None", "netInterestIncome": "None", "interestIncome": "None", "interestExpense": "1325000", "nonInterestIncome": "None", "otherNonOperatingIncome": "None", "depreciation": "None", "depreciationAndAmortization": "68789000", "incomeBeforeTax": "211167000", "incomeTaxExpense": "46771000", "interestAndDebtExpense": "None", "netIncomeFromContinuingOperations": "208173000", "comprehensiveIncomeNetOfTax": "None", "ebit": "209842000", "ebitda": "278631000", "netIncome": "164396000"}, {"fiscalDateEnding": "2018-01-31", "reportedCurrency": "USD", "grossProfit": "658347000", "totalRevenue": "1937592000", "costOfRevenue": "1279245000", "costofGoodsAndServicesSold": "1279245000", "operatingIncome": "254419000", "sellingGeneralAndAdministrative": "403900000", "researchAndDevelopment": "None", "operatingExpenses": "403928000", "investmentIncomeNet": "None", "netInterestIncome": "None", "interestIncome": "None", "interestExpense": "359000", "nonInterestIncome": "None", "otherNonOperatingIncome": "None", "depreciation": "None", "depreciationAndAmortization": "65003000", "incomeBeforeTax": "254778000", "incomeTaxExpense": "46605000", "interestAndDebtExpense": "None", "netIncomeFromContinuingOperations": "None", "comprehensiveIncomeNetOfTax": "None", "ebit": "254419000", "ebitda": "319422000", "netIncome": "208173000"}, {"fiscalDateEnding": "2017-10-31", "reportedCurrency": "USD", "grossProfit": "493128000", "totalRevenue": "1342181000", "costOfRevenue": "849053000", "costofGoodsAndServicesSold": "849053000", "operatingIncome": "162667000", "sellingGeneralAndAdministrative": "330500000", "researchAndDevelopment": "None", "operatingExpenses": "330461000", "investmentIncomeNet": "None", "netInterestIncome": "None", "interestIncome": "None", "interestExpense": "316000", "nonInterestIncome": "None", "otherNonOperatingIncome": "None", "depreciation": "None", "depreciationAndAmortization": "62128000", "incomeBeforeTax": "162983000", "incomeTaxExpense": "58338000", "interestAndDebtExpense": "None", "netIncomeFromContinuingOperations": "104645000", "comprehensiveIncomeNetOfTax": "None", "ebit": "162667000", "ebitda": "224795000", "netIncome": "104645000"}, {"fiscalDateEnding": "2017-07-31", "reportedCurrency": "USD", "grossProfit": "469326000", "totalRevenue": "1289854000", "costOfRevenue": "820528000", "costofGoodsAndServicesSold": "820528000", "operatingIncome": "179800000", "sellingGeneralAndAdministrative": "289500000", "researchAndDevelopment": "None", "operatingExpenses": "289526000", "investmentIncomeNet": "None", "netInterestIncome": "None", "interestIncome": "None", "interestExpense": "555000", "nonInterestIncome": "None", "otherNonOperatingIncome": "None", "depreciation": "None", "depreciationAndAmortization": "63106000", "incomeBeforeTax": "180355000", "incomeTaxExpense": "66162000", "interestAndDebtExpense": "None", "netIncomeFromContinuingOperations": "114193000", "comprehensiveIncomeNetOfTax": "None", "ebit": "179800000", "ebitda": "242906000", "netIncome": "114193000"}, {"fiscalDateEnding": "2017-04-30", "reportedCurrency": "USD", "grossProfit": "476008000", "totalRevenue": "1314879000", "costOfRevenue": "838871000", "costofGoodsAndServicesSold": "838871000", "operatingIncome": "188405000", "sellingGeneralAndAdministrative": "287600000", "researchAndDevelopment": "None", "operatingExpenses": "287603000", "investmentIncomeNet": "None", "netInterestIncome": "None", "interestIncome": "None", "interestExpense": "338000", "nonInterestIncome": "None", "otherNonOperatingIncome": "None", "depreciation": "None", "depreciationAndAmortization": "62476000", "incomeBeforeTax": "188743000", "incomeTaxExpense": "60520000", "interestAndDebtExpense": "None", "netIncomeFromContinuingOperations": "128223000", "comprehensiveIncomeNetOfTax": "None", "ebit": "188405000", "ebitda": "250881000", "netIncome": "128223000"}, {"fiscalDateEnding": "2017-01-31", "reportedCurrency": "USD", "grossProfit": "544908000", "totalRevenue": "1580574000", "costOfRevenue": "1035666000", "costofGoodsAndServicesSold": "1035666000", "operatingIncome": "224230000", "sellingGeneralAndAdministrative": "320700000", "researchAndDevelopment": "None", "operatingExpenses": "320678000", "investmentIncomeNet": "None", "netInterestIncome": "None", "interestIncome": "None", "interestExpense": "116000", "nonInterestIncome": "None", "otherNonOperatingIncome": "None", "depreciation": "None", "depreciationAndAmortization": "59281000", "incomeBeforeTax": "224346000", "incomeTaxExpense": "84128000", "interestAndDebtExpense": "None", "netIncomeFromContinuingOperations": "140218000", "comprehensiveIncomeNetOfTax": "None", "ebit": "224230000", "ebitda": "283511000", "netIncome": "140218000"}, {"fiscalDateEnding": "2016-10-31", "reportedCurrency": "USD", "grossProfit": "427053000", "totalRevenue": "1131232000", "costOfRevenue": "704179000", "costofGoodsAndServicesSold": "704179000", "operatingIncome": "139661000", "sellingGeneralAndAdministrative": "287400000", "researchAndDevelopment": "None", "operatingExpenses": "287392000", "investmentIncomeNet": "None", "netInterestIncome": "None", "interestIncome": "None", "interestExpense": "211000", "nonInterestIncome": "None", "otherNonOperatingIncome": "None", "depreciation": "None", "depreciationAndAmortization": "53462000", "incomeBeforeTax": "139872000", "incomeTaxExpense": "52310000", "interestAndDebtExpense": "None", "netIncomeFromContinuingOperations": "87562000", "comprehensiveIncomeNetOfTax": "None", "ebit": "139661000", "ebitda": "193123000", "netIncome": "87562000"}, {"fiscalDateEnding": "2016-07-31", "reportedCurrency": "USD", "grossProfit": "384838000", "totalRevenue": "1069215000", "costOfRevenue": "684377000", "costofGoodsAndServicesSold": "684377000", "operatingIncome": "143769000", "sellingGeneralAndAdministrative": "241100000", "researchAndDevelopment": "None", "operatingExpenses": "241069000", "investmentIncomeNet": "None", "netInterestIncome": "None", "interestIncome": "None", "interestExpense": "248000", "nonInterestIncome": "None", "otherNonOperatingIncome": "None", "depreciation": "None", "depreciationAndAmortization": "49665000", "incomeBeforeTax": "144017000", "incomeTaxExpense": "54013000", "interestAndDebtExpense": "None", "netIncomeFromContinuingOperations": "90004000", "comprehensiveIncomeNetOfTax": "None", "ebit": "143769000", "ebitda": "193434000", "netIncome": "90004000"}, {"fiscalDateEnding": "2016-04-30", "reportedCurrency": "USD", "grossProfit": "390430000", "totalRevenue": "1073716000", "costOfRevenue": "683286000", "costofGoodsAndServicesSold": "683286000", "operatingIncome": "147164000", "sellingGeneralAndAdministrative": "240724000", "researchAndDevelopment": "None", "operatingExpenses": "243266000", "investmentIncomeNet": "None", "netInterestIncome": "None", "interestIncome": "None", "interestExpense": "315000", "nonInterestIncome": "None", "otherNonOperatingIncome": "None", "depreciation": "None", "depreciationAndAmortization": "47887000", "incomeBeforeTax": "147479000", "incomeTaxExpense": "55503000", "interestAndDebtExpense": "None", "netIncomeFromContinuingOperations": "91976000", "comprehensiveIncomeNetOfTax": "None", "ebit": "147164000", "ebitda": "195051000", "netIncome": "91976000"}, {"fiscalDateEnding": "2016-01-31", "reportedCurrency": "USD", "grossProfit": "439036000", "totalRevenue": "1268295000", "costOfRevenue": "829259000", "costofGoodsAndServicesSold": "829259000", "operatingIncome": "169486000", "sellingGeneralAndAdministrative": "269600000", "researchAndDevelopment": "None", "operatingExpenses": "269550000", "investmentIncomeNet": "None", "netInterestIncome": "None", "interestIncome": "None", "interestExpense": "273000", "nonInterestIncome": "None", "otherNonOperatingIncome": "None", "depreciation": "None", "depreciationAndAmortization": "45998000", "incomeBeforeTax": "169759000", "incomeTaxExpense": "61936000", "interestAndDebtExpense": "None", "netIncomeFromContinuingOperations": "107823000", "comprehensiveIncomeNetOfTax": "None", "ebit": "169486000", "ebitda": "215484000", "netIncome": "107823000"}, {"fiscalDateEnding": "2015-10-31", "reportedCurrency": "USD", "grossProfit": "335638000", "totalRevenue": "910700000", "costOfRevenue": "575062000", "costofGoodsAndServicesSold": "575062000", "operatingIncome": "110769000", "sellingGeneralAndAdministrative": "218763000", "researchAndDevelopment": "None", "operatingExpenses": "224869000", "investmentIncomeNet": "None", "netInterestIncome": "None", "interestIncome": "None", "interestExpense": "283000", "nonInterestIncome": "None", "otherNonOperatingIncome": "None", "depreciation": "None", "depreciationAndAmortization": "42313000", "incomeBeforeTax": "111052000", "incomeTaxExpense": "39982000", "interestAndDebtExpense": "None", "netIncomeFromContinuingOperations": "71070000", "comprehensiveIncomeNetOfTax": "None", "ebit": "110769000", "ebitda": "153082000", "netIncome": "71070000"}, {"fiscalDateEnding": "2015-07-31", "reportedCurrency": "USD", "grossProfit": "306475000", "totalRevenue": "876999000", "costOfRevenue": "570524000", "costofGoodsAndServicesSold": "570524000", "operatingIncome": "118460000", "sellingGeneralAndAdministrative": "188000000", "researchAndDevelopment": "None", "operatingExpenses": "188015000", "investmentIncomeNet": "None", "netInterestIncome": "None", "interestIncome": "None", "interestExpense": "276000", "nonInterestIncome": "None", "otherNonOperatingIncome": "None", "depreciation": "None", "depreciationAndAmortization": "38771000", "incomeBeforeTax": "118736000", "incomeTaxExpense": "44567000", "interestAndDebtExpense": "None", "netIncomeFromContinuingOperations": "74169000", "comprehensiveIncomeNetOfTax": "None", "ebit": "118460000", "ebitda": "157231000", "netIncome": "74169000"}, {"fiscalDateEnding": "2015-04-30", "reportedCurrency": "USD", "grossProfit": "303184000", "totalRevenue": "868122000", "costOfRevenue": "564938000", "costofGoodsAndServicesSold": "564938000", "operatingIncome": "107582000", "sellingGeneralAndAdministrative": "195600000", "researchAndDevelopment": "None", "operatingExpenses": "195602000", "investmentIncomeNet": "None", "netInterestIncome": "None", "interestIncome": "None", "interestExpense": "311000", "nonInterestIncome": "None", "otherNonOperatingIncome": "None", "depreciation": "None", "depreciationAndAmortization": "37967000", "incomeBeforeTax": "107893000", "incomeTaxExpense": "40947000", "interestAndDebtExpense": "None", "netIncomeFromContinuingOperations": "87264000", "comprehensiveIncomeNetOfTax": "None", "ebit": "107582000", "ebitda": "145549000", "netIncome": "66946000"}, {"fiscalDateEnding": "2015-01-31", "reportedCurrency": "USD", "grossProfit": "349737000", "totalRevenue": "1047641000", "costOfRevenue": "697904000", "costofGoodsAndServicesSold": "697904000", "operatingIncome": "137467000", "sellingGeneralAndAdministrative": "210702000", "researchAndDevelopment": "None", "operatingExpenses": "212270000", "investmentIncomeNet": "None", "netInterestIncome": "None", "interestIncome": "None", "interestExpense": "231000", "nonInterestIncome": "None", "otherNonOperatingIncome": "None", "depreciation": "None", "depreciationAndAmortization": "35709000", "incomeBeforeTax": "137698000", "incomeTaxExpense": "50434000", "interestAndDebtExpense": "None", "netIncomeFromContinuingOperations": "None", "comprehensiveIncomeNetOfTax": "None", "ebit": "137467000", "ebitda": "173176000", "netIncome": "87264000"}, {"fiscalDateEnding": "2014-10-31", "reportedCurrency": "USD", "grossProfit": "281755000", "totalRevenue": "745722000", "costOfRevenue": "463967000", "costofGoodsAndServicesSold": "463967000", "operatingIncome": "94088000", "sellingGeneralAndAdministrative": "187700000", "researchAndDevelopment": "None", "operatingExpenses": "187667000", "investmentIncomeNet": "None", "netInterestIncome": "None", "interestIncome": "None", "interestExpense": "254000", "nonInterestIncome": "None", "otherNonOperatingIncome": "None", "depreciation": "None", "depreciationAndAmortization": "33683000", "incomeBeforeTax": "94342000", "incomeTaxExpense": "35218000", "interestAndDebtExpense": "None", "netIncomeFromContinuingOperations": "59124000", "comprehensiveIncomeNetOfTax": "None", "ebit": "94088000", "ebitda": "127771000", "netIncome": "59124000"}, {"fiscalDateEnding": "2014-07-31", "reportedCurrency": "USD", "grossProfit": "259342000", "totalRevenue": "734236000", "costOfRevenue": "474894000", "costofGoodsAndServicesSold": "474894000", "operatingIncome": "97979000", "sellingGeneralAndAdministrative": "161400000", "researchAndDevelopment": "None", "operatingExpenses": "161363000", "investmentIncomeNet": "None", "netInterestIncome": "None", "interestIncome": "None", "interestExpense": "209000", "nonInterestIncome": "None", "otherNonOperatingIncome": "None", "depreciation": "None", "depreciationAndAmortization": "31899000", "incomeBeforeTax": "98188000", "incomeTaxExpense": "37394000", "interestAndDebtExpense": "None", "netIncomeFromContinuingOperations": "60794000", "comprehensiveIncomeNetOfTax": "None", "ebit": "97979000", "ebitda": "129878000", "netIncome": "60794000"}, {"fiscalDateEnding": "2014-04-30", "reportedCurrency": "USD", "grossProfit": "245953000", "totalRevenue": "713770000", "costOfRevenue": "467817000", "costofGoodsAndServicesSold": "467817000", "operatingIncome": "80881000", "sellingGeneralAndAdministrative": "165100000", "researchAndDevelopment": "None", "operatingExpenses": "165072000", "investmentIncomeNet": "None", "netInterestIncome": "None", "interestIncome": "None", "interestExpense": "200000", "nonInterestIncome": "None", "otherNonOperatingIncome": "None", "depreciation": "None", "depreciationAndAmortization": "30473000", "incomeBeforeTax": "81081000", "incomeTaxExpense": "31128000", "interestAndDebtExpense": "None", "netIncomeFromContinuingOperations": "70682000", "comprehensiveIncomeNetOfTax": "None", "ebit": "80881000", "ebitda": "111354000", "netIncome": "49953000"}, {"fiscalDateEnding": "2014-01-31", "reportedCurrency": "USD", "grossProfit": "293561000", "totalRevenue": "868082000", "costOfRevenue": "574521000", "costofGoodsAndServicesSold": "574521000", "operatingIncome": "114138000", "sellingGeneralAndAdministrative": "36862000", "researchAndDevelopment": "None", "operatingExpenses": "179423000", "investmentIncomeNet": "None", "netInterestIncome": "None", "interestIncome": "None", "interestExpense": "69000", "nonInterestIncome": "None", "otherNonOperatingIncome": "None", "depreciation": "None", "depreciationAndAmortization": "28711000", "incomeBeforeTax": "114207000", "incomeTaxExpense": "43525000", "interestAndDebtExpense": "None", "netIncomeFromContinuingOperations": "None", "comprehensiveIncomeNetOfTax": "None", "ebit": "114138000", "ebitda": "142849000", "netIncome": "70682000"}, {"fiscalDateEnding": "2013-10-31", "reportedCurrency": "USD", "grossProfit": "231661000", "totalRevenue": "618781000", "costOfRevenue": "387120000", "costofGoodsAndServicesSold": "387120000", "operatingIncome": "72887000", "sellingGeneralAndAdministrative": "158800000", "researchAndDevelopment": "None", "operatingExpenses": "158774000", "investmentIncomeNet": "None", "netInterestIncome": "None", "interestIncome": "None", "interestExpense": "7000", "nonInterestIncome": "None", "otherNonOperatingIncome": "None", "depreciation": "None", "depreciationAndAmortization": "26825000", "incomeBeforeTax": "72894000", "incomeTaxExpense": "27464000", "interestAndDebtExpense": "None", "netIncomeFromContinuingOperations": "45430000", "comprehensiveIncomeNetOfTax": "None", "ebit": "72887000", "ebitda": "99712000", "netIncome": "45430000"}, {"fiscalDateEnding": "2013-07-31", "reportedCurrency": "USD", "grossProfit": "212077000", "totalRevenue": "600998000", "costOfRevenue": "388921000", "costofGoodsAndServicesSold": "388921000", "operatingIncome": "72868000", "sellingGeneralAndAdministrative": "139200000", "researchAndDevelopment": "None", "operatingExpenses": "139209000", "investmentIncomeNet": "None", "netInterestIncome": "None", "interestIncome": "None", "interestExpense": "18000", "nonInterestIncome": "None", "otherNonOperatingIncome": "None", "depreciation": "None", "depreciationAndAmortization": "25968000", "incomeBeforeTax": "72886000", "incomeTaxExpense": "27975000", "interestAndDebtExpense": "None", "netIncomeFromContinuingOperations": "44911000", "comprehensiveIncomeNetOfTax": "None", "ebit": "77677000", "ebitda": "103645000", "netIncome": "44911000"}, {"fiscalDateEnding": "2013-04-30", "reportedCurrency": "USD", "grossProfit": "203949000", "totalRevenue": "582712000", "costOfRevenue": "378763000", "costofGoodsAndServicesSold": "378763000", "operatingIncome": "67695000", "sellingGeneralAndAdministrative": "136300000", "researchAndDevelopment": "None", "operatingExpenses": "136254000", "investmentIncomeNet": "None", "netInterestIncome": "None", "interestIncome": "None", "interestExpense": "24000", "nonInterestIncome": "None", "otherNonOperatingIncome": "None", "depreciation": "None", "depreciationAndAmortization": "24779000", "incomeBeforeTax": "67719000", "incomeTaxExpense": "25893000", "interestAndDebtExpense": "None", "netIncomeFromContinuingOperations": "41826000", "comprehensiveIncomeNetOfTax": "None", "ebit": "70901000", "ebitda": "95680000", "netIncome": "41826000"}, {"fiscalDateEnding": "2013-01-31", "reportedCurrency": "USD", "grossProfit": "259644000", "totalRevenue": "758835000", "costOfRevenue": "499191000", "costofGoodsAndServicesSold": "499191000", "operatingIncome": "103766000", "sellingGeneralAndAdministrative": "35598000", "researchAndDevelopment": "None", "operatingExpenses": "155878000", "investmentIncomeNet": "None", "netInterestIncome": "None", "interestIncome": "None", "interestExpense": "21000", "nonInterestIncome": "None", "otherNonOperatingIncome": "None", "depreciation": "None", "depreciationAndAmortization": "23401000", "incomeBeforeTax": "103745000", "incomeTaxExpense": "39213000", "interestAndDebtExpense": "None", "netIncomeFromContinuingOperations": "None", "comprehensiveIncomeNetOfTax": "None", "ebit": "103766000", "ebitda": "127167000", "netIncome": "64532000"}, {"fiscalDateEnding": "2012-10-31", "reportedCurrency": "USD", "grossProfit": "185493000", "totalRevenue": "505640000", "costOfRevenue": "320147000", "costofGoodsAndServicesSold": "320147000", "operatingIncome": "61307000", "sellingGeneralAndAdministrative": "124200000", "researchAndDevelopment": "None", "operatingExpenses": "124186000", "investmentIncomeNet": "None", "netInterestIncome": "None", "interestIncome": "None", "interestExpense": "39000", "nonInterestIncome": "None", "otherNonOperatingIncome": "None", "depreciation": "None", "depreciationAndAmortization": "22218000", "incomeBeforeTax": "61268000", "incomeTaxExpense": "23117000", "interestAndDebtExpense": "None", "netIncomeFromContinuingOperations": "38151000", "comprehensiveIncomeNetOfTax": "None", "ebit": "67559000", "ebitda": "89777000", "netIncome": "38151000"}, {"fiscalDateEnding": "2012-07-31", "reportedCurrency": "USD", "grossProfit": "167625000", "totalRevenue": "481683000", "costOfRevenue": "314058000", "costofGoodsAndServicesSold": "314058000", "operatingIncome": "57459000", "sellingGeneralAndAdministrative": "110200000", "researchAndDevelopment": "None", "operatingExpenses": "110166000", "investmentIncomeNet": "None", "netInterestIncome": "None", "interestIncome": "None", "interestExpense": "104000", "nonInterestIncome": "None", "otherNonOperatingIncome": "None", "depreciation": "None", "depreciationAndAmortization": "21629000", "incomeBeforeTax": "57355000", "incomeTaxExpense": "22357000", "interestAndDebtExpense": "None", "netIncomeFromContinuingOperations": "34998000", "comprehensiveIncomeNetOfTax": "None", "ebit": "61585000", "ebitda": "83214000", "netIncome": "34998000"}, {"fiscalDateEnding": "2012-04-30", "reportedCurrency": "USD", "grossProfit": "170912000", "totalRevenue": "474098000", "costOfRevenue": "303186000", "costofGoodsAndServicesSold": "303186000", "operatingIncome": "57446000", "sellingGeneralAndAdministrative": "113500000", "researchAndDevelopment": "None", "operatingExpenses": "113466000", "investmentIncomeNet": "None", "netInterestIncome": "None", "interestIncome": "None", "interestExpense": "21000", "nonInterestIncome": "None", "otherNonOperatingIncome": "None", "depreciation": "None", "depreciationAndAmortization": "20985000", "incomeBeforeTax": "57425000", "incomeTaxExpense": "22557000", "interestAndDebtExpense": "None", "netIncomeFromContinuingOperations": "34868000", "comprehensiveIncomeNetOfTax": "None", "ebit": "59969000", "ebitda": "80954000", "netIncome": "34868000"}, {"fiscalDateEnding": "2012-01-31", "reportedCurrency": "USD", "grossProfit": "198465000", "totalRevenue": "582511000", "costOfRevenue": "384046000", "costofGoodsAndServicesSold": "384046000", "operatingIncome": "73247000", "sellingGeneralAndAdministrative": "125200000", "researchAndDevelopment": "None", "operatingExpenses": "125218000", "investmentIncomeNet": "None", "netInterestIncome": "None", "interestIncome": "None", "interestExpense": "91000", "nonInterestIncome": "None", "otherNonOperatingIncome": "None", "depreciation": "None", "depreciationAndAmortization": "20306000", "incomeBeforeTax": "73156000", "incomeTaxExpense": "26861000", "interestAndDebtExpense": "None", "netIncomeFromContinuingOperations": "46295000", "comprehensiveIncomeNetOfTax": "None", "ebit": "73247000", "ebitda": "93553000", "netIncome": "46295000"}, {"fiscalDateEnding": "2011-10-31", "reportedCurrency": "USD", "grossProfit": "149183000", "totalRevenue": "413067000", "costOfRevenue": "263884000", "costofGoodsAndServicesSold": "263884000", "operatingIncome": "44228000", "sellingGeneralAndAdministrative": "105000000", "researchAndDevelopment": "None", "operatingExpenses": "104955000", "investmentIncomeNet": "None", "netInterestIncome": "None", "interestIncome": "None", "interestExpense": "176000", "nonInterestIncome": "None", "otherNonOperatingIncome": "None", "depreciation": "None", "depreciationAndAmortization": "19225000", "incomeBeforeTax": "44052000", "incomeTaxExpense": "17284000", "interestAndDebtExpense": "None", "netIncomeFromContinuingOperations": "26768000", "comprehensiveIncomeNetOfTax": "None", "ebit": "25003000", "ebitda": "44228000", "netIncome": "26768000"}, {"fiscalDateEnding": "2011-07-31", "reportedCurrency": "USD", "grossProfit": "134287000", "totalRevenue": "394567000", "costOfRevenue": "260280000", "costofGoodsAndServicesSold": "260280000", "operatingIncome": "39660000", "sellingGeneralAndAdministrative": "94600000", "researchAndDevelopment": "None", "operatingExpenses": "94627000", "investmentIncomeNet": "None", "netInterestIncome": "None", "interestIncome": "None", "interestExpense": "147000", "nonInterestIncome": "None", "otherNonOperatingIncome": "None", "depreciation": "None", "depreciationAndAmortization": "18890000", "incomeBeforeTax": "39513000", "incomeTaxExpense": "15608000", "interestAndDebtExpense": "None", "netIncomeFromContinuingOperations": "23905000", "comprehensiveIncomeNetOfTax": "None", "ebit": "20770000", "ebitda": "39660000", "netIncome": "23905000"}, {"fiscalDateEnding": "2011-04-30", "reportedCurrency": "USD", "grossProfit": "134905000", "totalRevenue": "386006000", "costOfRevenue": "251101000", "costofGoodsAndServicesSold": "251101000", "operatingIncome": "39060000", "sellingGeneralAndAdministrative": "95845000", "researchAndDevelopment": "None", "operatingExpenses": "95845000", "investmentIncomeNet": "None", "netInterestIncome": "None", "interestIncome": "None", "interestExpense": "173000", "nonInterestIncome": "None", "otherNonOperatingIncome": "None", "depreciation": "None", "depreciationAndAmortization": "17510000", "incomeBeforeTax": "38887000", "incomeTaxExpense": "15591000", "interestAndDebtExpense": "None", "netIncomeFromContinuingOperations": "23296000", "comprehensiveIncomeNetOfTax": "None", "ebit": "21550000", "ebitda": "39060000", "netIncome": "23296000"}, {"fiscalDateEnding": "2011-01-31", "reportedCurrency": "USD", "grossProfit": "156686000", "totalRevenue": "473659000", "costOfRevenue": "316973000", "costofGoodsAndServicesSold": "316973000", "operatingIncome": "49004000", "sellingGeneralAndAdministrative": "107700000", "researchAndDevelopment": "None", "operatingExpenses": "107682000", "investmentIncomeNet": "None", "netInterestIncome": "None", "interestIncome": "None", "interestExpense": "179000", "nonInterestIncome": "None", "otherNonOperatingIncome": "None", "depreciation": "None", "depreciationAndAmortization": "17238000", "incomeBeforeTax": "48825000", "incomeTaxExpense": "18721000", "interestAndDebtExpense": "None", "netIncomeFromContinuingOperations": "None", "comprehensiveIncomeNetOfTax": "None", "ebit": "49004000", "ebitda": "66242000", "netIncome": "30104000"}, {"fiscalDateEnding": "2010-10-31", "reportedCurrency": "USD", "grossProfit": "118906000", "totalRevenue": "339179000", "costOfRevenue": "220273000", "costofGoodsAndServicesSold": "220273000", "operatingIncome": "24292000", "sellingGeneralAndAdministrative": "94600000", "researchAndDevelopment": "None", "operatingExpenses": "94614000", "investmentIncomeNet": "None", "netInterestIncome": "None", "interestIncome": "None", "interestExpense": "244000", "nonInterestIncome": "None", "otherNonOperatingIncome": "None", "depreciation": "None", "depreciationAndAmortization": "16105000", "incomeBeforeTax": "24048000", "incomeTaxExpense": "9845000", "interestAndDebtExpense": "None", "netIncomeFromContinuingOperations": "None", "comprehensiveIncomeNetOfTax": "None", "ebit": "8187000", "ebitda": "24292000", "netIncome": "14203000"}, {"fiscalDateEnding": "2010-07-31", "reportedCurrency": "USD", "grossProfit": "103958000", "totalRevenue": "321804000", "costOfRevenue": "217846000", "costofGoodsAndServicesSold": "217846000", "operatingIncome": "22256000", "sellingGeneralAndAdministrative": "81702000", "researchAndDevelopment": "None", "operatingExpenses": "81702000", "investmentIncomeNet": "None", "netInterestIncome": "None", "interestIncome": "None", "interestExpense": "214000", "nonInterestIncome": "None", "otherNonOperatingIncome": "None", "depreciation": "None", "depreciationAndAmortization": "15675000", "incomeBeforeTax": "22042000", "incomeTaxExpense": "8980000", "interestAndDebtExpense": "None", "netIncomeFromContinuingOperations": "None", "comprehensiveIncomeNetOfTax": "None", "ebit": "6581000", "ebitda": "22256000", "netIncome": "13062000"}, {"fiscalDateEnding": "2010-04-30", "reportedCurrency": "USD", "grossProfit": "104535000", "totalRevenue": "320196000", "costOfRevenue": "215661000", "costofGoodsAndServicesSold": "215661000", "operatingIncome": "23332000", "sellingGeneralAndAdministrative": "81200000", "researchAndDevelopment": "None", "operatingExpenses": "81203000", "investmentIncomeNet": "None", "netInterestIncome": "None", "interestIncome": "None", "interestExpense": "118000", "nonInterestIncome": "None", "otherNonOperatingIncome": "None", "depreciation": "None", "depreciationAndAmortization": "15918000", "incomeBeforeTax": "23214000", "incomeTaxExpense": "9553000", "interestAndDebtExpense": "None", "netIncomeFromContinuingOperations": "None", "comprehensiveIncomeNetOfTax": "None", "ebit": "7414000", "ebitda": "23332000", "netIncome": "13661000"}, {"fiscalDateEnding": "2010-01-31", "reportedCurrency": "USD", "grossProfit": "124650000", "totalRevenue": "396364000", "costOfRevenue": "271714000", "costofGoodsAndServicesSold": "271714000", "operatingIncome": "34272000", "sellingGeneralAndAdministrative": "92400000", "researchAndDevelopment": "None", "operatingExpenses": "90378000", "investmentIncomeNet": "None", "netInterestIncome": "None", "interestIncome": "None", "interestExpense": "445000", "nonInterestIncome": "None", "otherNonOperatingIncome": "None", "depreciation": "None", "depreciationAndAmortization": "15400000", "incomeBeforeTax": "33827000", "incomeTaxExpense": "13601000", "interestAndDebtExpense": "None", "netIncomeFromContinuingOperations": "None", "comprehensiveIncomeNetOfTax": "None", "ebit": "34272000", "ebitda": "49672000", "netIncome": "20226000"}, {"fiscalDateEnding": "2009-10-31", "reportedCurrency": "USD", "grossProfit": "90545000", "totalRevenue": "284043000", "costOfRevenue": "193498000", "costofGoodsAndServicesSold": "193498000", "operatingIncome": "14691000", "sellingGeneralAndAdministrative": "75854000", "researchAndDevelopment": "None", "operatingExpenses": "75854000", "investmentIncomeNet": "None", "netInterestIncome": "None", "interestIncome": "None", "interestExpense": "441000", "nonInterestIncome": "None", "otherNonOperatingIncome": "None", "depreciation": "None", "depreciationAndAmortization": "15406000", "incomeBeforeTax": "14250000", "incomeTaxExpense": "5790000", "interestAndDebtExpense": "None", "netIncomeFromContinuingOperations": "None", "comprehensiveIncomeNetOfTax": "None", "ebit": "-715000", "ebitda": "14691000", "netIncome": "8460000"}, {"fiscalDateEnding": "2009-07-31", "reportedCurrency": "USD", "grossProfit": "78511000", "totalRevenue": "273539000", "costOfRevenue": "195028000", "costofGoodsAndServicesSold": "195028000", "operatingIncome": "10236000", "sellingGeneralAndAdministrative": "68500000", "researchAndDevelopment": "None", "operatingExpenses": "68275000", "investmentIncomeNet": "None", "netInterestIncome": "None", "interestIncome": "None", "interestExpense": "645000", "nonInterestIncome": "None", "otherNonOperatingIncome": "None", "depreciation": "None", "depreciationAndAmortization": "15995000", "incomeBeforeTax": "9591000", "incomeTaxExpense": "3841000", "interestAndDebtExpense": "None", "netIncomeFromContinuingOperations": "None", "comprehensiveIncomeNetOfTax": "None", "ebit": "-5759000", "ebitda": "10236000", "netIncome": "5750000"}, {"fiscalDateEnding": "2009-04-30", "reportedCurrency": "USD", "grossProfit": "79343000", "totalRevenue": "268825000", "costOfRevenue": "189482000", "costofGoodsAndServicesSold": "189482000", "operatingIncome": "8954000", "sellingGeneralAndAdministrative": "70600000", "researchAndDevelopment": "None", "operatingExpenses": "70389000", "investmentIncomeNet": "None", "netInterestIncome": "None", "interestIncome": "None", "interestExpense": "671000", "nonInterestIncome": "None", "otherNonOperatingIncome": "None", "depreciation": "None", "depreciationAndAmortization": "15365000", "incomeBeforeTax": "8283000", "incomeTaxExpense": "3363000", "interestAndDebtExpense": "None", "netIncomeFromContinuingOperations": "None", "comprehensiveIncomeNetOfTax": "None", "ebit": "-6411000", "ebitda": "8954000", "netIncome": "4920000"}, {"fiscalDateEnding": "2009-01-31", "reportedCurrency": "USD", "grossProfit": "101392000", "totalRevenue": "341394000", "costOfRevenue": "240002000", "costofGoodsAndServicesSold": "240002000", "operatingIncome": "21404000", "sellingGeneralAndAdministrative": "79988000", "researchAndDevelopment": "None", "operatingExpenses": "79988000", "investmentIncomeNet": "None", "netInterestIncome": "None", "interestIncome": "None", "interestExpense": "888000", "nonInterestIncome": "None", "otherNonOperatingIncome": "None", "depreciation": "None", "depreciationAndAmortization": "13826000", "incomeBeforeTax": "20516000", "incomeTaxExpense": "8228000", "interestAndDebtExpense": "None", "netIncomeFromContinuingOperations": "None", "comprehensiveIncomeNetOfTax": "None", "ebit": "21404000", "ebitda": "35230000", "netIncome": "12288000"}, {"fiscalDateEnding": "2008-10-31", "reportedCurrency": "USD", "grossProfit": "79475000", "totalRevenue": "254843000", "costOfRevenue": "175368000", "costofGoodsAndServicesSold": "175368000", "operatingIncome": "9606000", "sellingGeneralAndAdministrative": "69900000", "researchAndDevelopment": "None", "operatingExpenses": "69869000", "investmentIncomeNet": "None", "netInterestIncome": "None", "interestIncome": "None", "interestExpense": "1124000", "nonInterestIncome": "None", "otherNonOperatingIncome": "None", "depreciation": "None", "depreciationAndAmortization": "13265000", "incomeBeforeTax": "8482000", "incomeTaxExpense": "3465000", "interestAndDebtExpense": "None", "netIncomeFromContinuingOperations": "None", "comprehensiveIncomeNetOfTax": "None", "ebit": "-3659000", "ebitda": "9606000", "netIncome": "5017000"}, {"fiscalDateEnding": "2008-07-31", "reportedCurrency": "USD", "grossProfit": "73146000", "totalRevenue": "249111000", "costOfRevenue": "175965000", "costofGoodsAndServicesSold": "175965000", "operatingIncome": "7207000", "sellingGeneralAndAdministrative": "65900000", "researchAndDevelopment": "None", "operatingExpenses": "65939000", "investmentIncomeNet": "None", "netInterestIncome": "None", "interestIncome": "None", "interestExpense": "1016000", "nonInterestIncome": "None", "otherNonOperatingIncome": "None", "depreciation": "None", "depreciationAndAmortization": "12336000", "incomeBeforeTax": "6191000", "incomeTaxExpense": "2503000", "interestAndDebtExpense": "None", "netIncomeFromContinuingOperations": "None", "comprehensiveIncomeNetOfTax": "None", "ebit": "-5129000", "ebitda": "7207000", "netIncome": "3688000"}, {"fiscalDateEnding": "2008-04-30", "reportedCurrency": "USD", "grossProfit": "73921000", "totalRevenue": "239298000", "costOfRevenue": "165377000", "costofGoodsAndServicesSold": "165377000", "operatingIncome": "8084000", "sellingGeneralAndAdministrative": "65800000", "researchAndDevelopment": "None", "operatingExpenses": "65837000", "investmentIncomeNet": "None", "netInterestIncome": "None", "interestIncome": "None", "interestExpense": "915000", "nonInterestIncome": "None", "otherNonOperatingIncome": "None", "depreciation": "None", "depreciationAndAmortization": "12018000", "incomeBeforeTax": "7169000", "incomeTaxExpense": "2894000", "interestAndDebtExpense": "None", "netIncomeFromContinuingOperations": "None", "comprehensiveIncomeNetOfTax": "None", "ebit": "-3934000", "ebitda": "8084000", "netIncome": "4275000"}, {"fiscalDateEnding": "2008-01-31", "reportedCurrency": "USD", "grossProfit": "97022000", "totalRevenue": "309344000", "costOfRevenue": "212322000", "costofGoodsAndServicesSold": "212322000", "operatingIncome": "23940000", "sellingGeneralAndAdministrative": "73100000", "researchAndDevelopment": "None", "operatingExpenses": "73082000", "investmentIncomeNet": "None", "netInterestIncome": "None", "interestIncome": "None", "interestExpense": "1077000", "nonInterestIncome": "None", "otherNonOperatingIncome": "None", "depreciation": "None", "depreciationAndAmortization": "10906000", "incomeBeforeTax": "22863000", "incomeTaxExpense": "9259000", "interestAndDebtExpense": "None", "netIncomeFromContinuingOperations": "None", "comprehensiveIncomeNetOfTax": "None", "ebit": "23940000", "ebitda": "34846000", "netIncome": "13604000"}, {"fiscalDateEnding": "2007-10-31", "reportedCurrency": "USD", "grossProfit": "68079000", "totalRevenue": "208235000", "costOfRevenue": "140156000", "costofGoodsAndServicesSold": "140156000", "operatingIncome": "7976000", "sellingGeneralAndAdministrative": "None", "researchAndDevelopment": "None", "operatingExpenses": "60103000", "investmentIncomeNet": "None", "netInterestIncome": "None", "interestIncome": "None", "interestExpense": "1307000", "nonInterestIncome": "None", "otherNonOperatingIncome": "None", "depreciation": "None", "depreciationAndAmortization": "9494000", "incomeBeforeTax": "6669000", "incomeTaxExpense": "2463000", "interestAndDebtExpense": "None", "netIncomeFromContinuingOperations": "None", "comprehensiveIncomeNetOfTax": "None", "ebit": "-1518000", "ebitda": "7976000", "netIncome": "4206000"}, {"fiscalDateEnding": "2007-07-31", "reportedCurrency": "USD", "grossProfit": "59032000", "totalRevenue": "200449000", "costOfRevenue": "141417000", "costofGoodsAndServicesSold": "141417000", "operatingIncome": "4930000", "sellingGeneralAndAdministrative": "None", "researchAndDevelopment": "None", "operatingExpenses": "54102000", "investmentIncomeNet": "None", "netInterestIncome": "None", "interestIncome": "None", "interestExpense": "1162000", "nonInterestIncome": "None", "otherNonOperatingIncome": "None", "depreciation": "None", "depreciationAndAmortization": "9263000", "incomeBeforeTax": "3768000", "incomeTaxExpense": "1562000", "interestAndDebtExpense": "None", "netIncomeFromContinuingOperations": "None", "comprehensiveIncomeNetOfTax": "None", "ebit": "4930000", "ebitda": "14193000", "netIncome": "2206000"}, {"fiscalDateEnding": "2007-04-30", "reportedCurrency": "USD", "grossProfit": "59513000", "totalRevenue": "194113000", "costOfRevenue": "134600000", "costofGoodsAndServicesSold": "134600000", "operatingIncome": "9875000", "sellingGeneralAndAdministrative": "None", "researchAndDevelopment": "None", "operatingExpenses": "49638000", "investmentIncomeNet": "None", "netInterestIncome": "None", "interestIncome": "None", "interestExpense": "996000", "nonInterestIncome": "None", "otherNonOperatingIncome": "None", "depreciation": "None", "depreciationAndAmortization": "9840000", "incomeBeforeTax": "8879000", "incomeTaxExpense": "3560000", "interestAndDebtExpense": "None", "netIncomeFromContinuingOperations": "None", "comprehensiveIncomeNetOfTax": "None", "ebit": "9875000", "ebitda": "19715000", "netIncome": "5319000"}, {"fiscalDateEnding": "2007-01-31", "reportedCurrency": "USD", "grossProfit": "216543000", "totalRevenue": "216543000", "costOfRevenue": "None", "costofGoodsAndServicesSold": "None", "operatingIncome": "-498482000", "sellingGeneralAndAdministrative": "None", "researchAndDevelopment": "None", "operatingExpenses": "-715025000", "investmentIncomeNet": "None", "netInterestIncome": "None", "interestIncome": "None", "interestExpense": "None", "nonInterestIncome": "None", "otherNonOperatingIncome": "None", "depreciation": "None", "depreciationAndAmortization": "None", "incomeBeforeTax": "None", "incomeTaxExpense": "-505121000", "interestAndDebtExpense": "None", "netIncomeFromContinuingOperations": "None", "comprehensiveIncomeNetOfTax": "None", "ebit": "None", "ebitda": "-498482000", "netIncome": "6639000"}, {"fiscalDateEnding": "2006-10-31", "reportedCurrency": "USD", "grossProfit": "216544000", "totalRevenue": "216544000", "costOfRevenue": "None", "costofGoodsAndServicesSold": "None", "operatingIncome": "216544000", "sellingGeneralAndAdministrative": "None", "researchAndDevelopment": "None", "operatingExpenses": "None", "investmentIncomeNet": "None", "netInterestIncome": "None", "interestIncome": "None", "interestExpense": "None", "nonInterestIncome": "None", "otherNonOperatingIncome": "None", "depreciation": "None", "depreciationAndAmortization": "None", "incomeBeforeTax": "None", "incomeTaxExpense": "209904000", "interestAndDebtExpense": "None", "netIncomeFromContinuingOperations": "None", "comprehensiveIncomeNetOfTax": "None", "ebit": "None", "ebitda": "216544000", "netIncome": "6640000"}, {"fiscalDateEnding": "2006-07-31", "reportedCurrency": "USD", "grossProfit": "162558000", "totalRevenue": "162558000", "costOfRevenue": "None", "costofGoodsAndServicesSold": "None", "operatingIncome": "162558000", "sellingGeneralAndAdministrative": "None", "researchAndDevelopment": "None", "operatingExpenses": "None", "investmentIncomeNet": "None", "netInterestIncome": "None", "interestIncome": "None", "interestExpense": "None", "nonInterestIncome": "None", "otherNonOperatingIncome": "None", "depreciation": "None", "depreciationAndAmortization": "None", "incomeBeforeTax": "None", "incomeTaxExpense": "157994000", "interestAndDebtExpense": "None", "netIncomeFromContinuingOperations": "None", "comprehensiveIncomeNetOfTax": "None", "ebit": "None", "ebitda": "162558000", "netIncome": "4564000"}, {"fiscalDateEnding": "2006-04-30", "reportedCurrency": "USD", "grossProfit": "159468000", "totalRevenue": "159468000", "costOfRevenue": "None", "costofGoodsAndServicesSold": "None", "operatingIncome": "159468000", "sellingGeneralAndAdministrative": "None", "researchAndDevelopment": "None", "operatingExpenses": "None", "investmentIncomeNet": "None", "netInterestIncome": "None", "interestIncome": "None", "interestExpense": "None", "nonInterestIncome": "None", "otherNonOperatingIncome": "None", "depreciation": "None", "depreciationAndAmortization": "None", "incomeBeforeTax": "None", "incomeTaxExpense": "154768000", "interestAndDebtExpense": "None", "netIncomeFromContinuingOperations": "None", "comprehensiveIncomeNetOfTax": "None", "ebit": "None", "ebitda": "159468000", "netIncome": "4700000"}, {"fiscalDateEnding": "2006-01-31", "reportedCurrency": "USD", "grossProfit": "144768000", "totalRevenue": "144768000", "costOfRevenue": "None", "costofGoodsAndServicesSold": "None", "operatingIncome": "-404883000", "sellingGeneralAndAdministrative": "None", "researchAndDevelopment": "None", "operatingExpenses": "-549651000", "investmentIncomeNet": "None", "netInterestIncome": "None", "interestIncome": "None", "interestExpense": "None", "nonInterestIncome": "None", "otherNonOperatingIncome": "None", "depreciation": "None", "depreciationAndAmortization": "None", "incomeBeforeTax": "None", "incomeTaxExpense": "-408876000", "interestAndDebtExpense": "None", "netIncomeFromContinuingOperations": "None", "comprehensiveIncomeNetOfTax": "None", "ebit": "None", "ebitda": "-404883000", "netIncome": "3993000"}, {"fiscalDateEnding": "2005-10-31", "reportedCurrency": "USD", "grossProfit": "144769000", "totalRevenue": "144769000", "costOfRevenue": "None", "costofGoodsAndServicesSold": "None", "operatingIncome": "144769000", "sellingGeneralAndAdministrative": "None", "researchAndDevelopment": "None", "operatingExpenses": "None", "investmentIncomeNet": "None", "netInterestIncome": "None", "interestIncome": "None", "interestExpense": "None", "nonInterestIncome": "None", "otherNonOperatingIncome": "None", "depreciation": "None", "depreciationAndAmortization": "None", "incomeBeforeTax": "None", "incomeTaxExpense": "140777000", "interestAndDebtExpense": "None", "netIncomeFromContinuingOperations": "None", "comprehensiveIncomeNetOfTax": "None", "ebit": "None", "ebitda": "144769000", "netIncome": "3992000"}, {"fiscalDateEnding": "2005-07-31", "reportedCurrency": "USD", "grossProfit": "144769000", "totalRevenue": "144769000", "costOfRevenue": "None", "costofGoodsAndServicesSold": "None", "operatingIncome": "144769000", "sellingGeneralAndAdministrative": "None", "researchAndDevelopment": "None", "operatingExpenses": "None", "investmentIncomeNet": "None", "netInterestIncome": "None", "interestIncome": "None", "interestExpense": "None", "nonInterestIncome": "None", "otherNonOperatingIncome": "None", "depreciation": "None", "depreciationAndAmortization": "None", "incomeBeforeTax": "None", "incomeTaxExpense": "140777000", "interestAndDebtExpense": "None", "netIncomeFromContinuingOperations": "None", "comprehensiveIncomeNetOfTax": "None", "ebit": "None", "ebitda": "144769000", "netIncome": "3992000"}, {"fiscalDateEnding": "2005-04-30", "reportedCurrency": "USD", "grossProfit": "144769000", "totalRevenue": "144769000", "costOfRevenue": "None", "costofGoodsAndServicesSold": "None", "operatingIncome": "144769000", "sellingGeneralAndAdministrative": "None", "researchAndDevelopment": "None", "operatingExpenses": "None", "investmentIncomeNet": "None", "netInterestIncome": "None", "interestIncome": "None", "interestExpense": "None", "nonInterestIncome": "None", "otherNonOperatingIncome": "None", "depreciation": "None", "depreciationAndAmortization": "None", "incomeBeforeTax": "None", "incomeTaxExpense": "140777000", "interestAndDebtExpense": "None", "netIncomeFromContinuingOperations": "None", "comprehensiveIncomeNetOfTax": "None", "ebit": "None", "ebitda": "144769000", "netIncome": "3992000"}]}