{"symbol": "NVR", "annualReports": [{"fiscalDateEnding": "2024-12-31", "reportedCurrency": "USD", "grossProfit": "2693022000", "totalRevenue": "10543571000", "costOfRevenue": "7850549000", "costofGoodsAndServicesSold": "7850549000", "operatingIncome": "1987559000", "sellingGeneralAndAdministrative": "699103000", "researchAndDevelopment": "None", "operatingExpenses": "705463000", "investmentIncomeNet": "None", "netInterestIncome": "-27783000", "interestIncome": "None", "interestExpense": "27783000", "nonInterestIncome": "None", "otherNonOperatingIncome": "None", "depreciation": "None", "depreciationAndAmortization": "18375000", "incomeBeforeTax": "2115506000", "incomeTaxExpense": "433578000", "interestAndDebtExpense": "None", "netIncomeFromContinuingOperations": "1681928000", "comprehensiveIncomeNetOfTax": "None", "ebit": "2143289000", "ebitda": "2161664000", "netIncome": "1681928000"}, {"fiscalDateEnding": "2023-12-31", "reportedCurrency": "USD", "grossProfit": "2483691000", "totalRevenue": "9534889000", "costOfRevenue": "7051198000", "costofGoodsAndServicesSold": "7051198000", "operatingIncome": "1822455000", "sellingGeneralAndAdministrative": "680037000", "researchAndDevelopment": "None", "operatingExpenses": "661236000", "investmentIncomeNet": "None", "netInterestIncome": "-27848000", "interestIncome": "None", "interestExpense": "27740000", "nonInterestIncome": "None", "otherNonOperatingIncome": "None", "depreciation": "None", "depreciationAndAmortization": "16916000", "incomeBeforeTax": "1928373000", "incomeTaxExpense": "336762000", "interestAndDebtExpense": "None", "netIncomeFromContinuingOperations": "1636304000", "comprehensiveIncomeNetOfTax": "None", "ebit": "1956113000", "ebitda": "1973029000", "netIncome": "1591611000"}, {"fiscalDateEnding": "2022-12-31", "reportedCurrency": "USD", "grossProfit": "2876016000", "totalRevenue": "10538287000", "costOfRevenue": "7662271000", "costofGoodsAndServicesSold": "7662271000", "operatingIncome": "2169184000", "sellingGeneralAndAdministrative": "625299000", "researchAndDevelopment": "None", "operatingExpenses": "588261000", "investmentIncomeNet": "None", "netInterestIncome": "-39524000", "interestIncome": "39524000", "interestExpense": "39524000", "nonInterestIncome": "None", "otherNonOperatingIncome": "None", "depreciation": "None", "depreciationAndAmortization": "17396000", "incomeBeforeTax": "2253194000", "incomeTaxExpense": "527619000", "interestAndDebtExpense": "None", "netIncomeFromContinuingOperations": "1725575000", "comprehensiveIncomeNetOfTax": "None", "ebit": "2292718000", "ebitda": "2310114000", "netIncome": "1725575000"}, {"fiscalDateEnding": "2021-12-31", "reportedCurrency": "USD", "grossProfit": "2196635000", "totalRevenue": "8959750000", "costOfRevenue": "6763115000", "costofGoodsAndServicesSold": "6763115000", "operatingIncome": "1470329000", "sellingGeneralAndAdministrative": "563427000", "researchAndDevelopment": "None", "operatingExpenses": "556868000", "investmentIncomeNet": "None", "netInterestIncome": "-53117000", "interestIncome": "53117000", "interestExpense": "53117000", "nonInterestIncome": "None", "otherNonOperatingIncome": "None", "depreciation": "None", "depreciationAndAmortization": "19463000", "incomeBeforeTax": "1590403000", "incomeTaxExpense": "353684000", "interestAndDebtExpense": "None", "netIncomeFromContinuingOperations": "1236719000", "comprehensiveIncomeNetOfTax": "None", "ebit": "1641933000", "ebitda": "1661396000", "netIncome": "1236719000"}, {"fiscalDateEnding": "2020-12-31", "reportedCurrency": "USD", "grossProfit": "1608452000", "totalRevenue": "7545853000", "costOfRevenue": "5937401000", "costofGoodsAndServicesSold": "5937401000", "operatingIncome": "977418000", "sellingGeneralAndAdministrative": "509734000", "researchAndDevelopment": "None", "operatingExpenses": "492796000", "investmentIncomeNet": "None", "netInterestIncome": "-39458000", "interestIncome": "40872000", "interestExpense": "40872000", "nonInterestIncome": "None", "otherNonOperatingIncome": "None", "depreciation": "None", "depreciationAndAmortization": "21992000", "incomeBeforeTax": "1078033000", "incomeTaxExpense": "176785000", "interestAndDebtExpense": "None", "netIncomeFromContinuingOperations": "759761000", "comprehensiveIncomeNetOfTax": "None", "ebit": "1143091000", "ebitda": "1165083000", "netIncome": "901248000"}, {"fiscalDateEnding": "2019-12-31", "reportedCurrency": "USD", "grossProfit": "1550944000", "totalRevenue": "7400806000", "costOfRevenue": "5849862000", "costofGoodsAndServicesSold": "5849862000", "operatingIncome": "948214000", "sellingGeneralAndAdministrative": "527405000", "researchAndDevelopment": "None", "operatingExpenses": "502626000", "investmentIncomeNet": "None", "netInterestIncome": "-24335000", "interestIncome": "25380000", "interestExpense": "25380000", "nonInterestIncome": "None", "otherNonOperatingIncome": "None", "depreciation": "None", "depreciationAndAmortization": "20818000", "incomeBeforeTax": "1025795000", "incomeTaxExpense": "147256000", "interestAndDebtExpense": "None", "netIncomeFromContinuingOperations": "775578000", "comprehensiveIncomeNetOfTax": "None", "ebit": "1050130000", "ebitda": "1070948000", "netIncome": "878539000"}, {"fiscalDateEnding": "2018-12-31", "reportedCurrency": "USD", "grossProfit": "1483140000", "totalRevenue": "7175267000", "costOfRevenue": "5692127000", "costofGoodsAndServicesSold": "5692127000", "operatingIncome": "895142000", "sellingGeneralAndAdministrative": "512712000", "researchAndDevelopment": "0", "operatingExpenses": "500873000", "investmentIncomeNet": "None", "netInterestIncome": "-24036000", "interestIncome": "25081000", "interestExpense": "25081000", "nonInterestIncome": "None", "otherNonOperatingIncome": "None", "depreciation": "None", "depreciationAndAmortization": "20168000", "incomeBeforeTax": "959732000", "incomeTaxExpense": "162535000", "interestAndDebtExpense": "None", "netIncomeFromContinuingOperations": "707526000", "comprehensiveIncomeNetOfTax": "None", "ebit": "983768000", "ebitda": "1003936000", "netIncome": "797197000"}, {"fiscalDateEnding": "2017-12-31", "reportedCurrency": "USD", "grossProfit": "1323312000", "totalRevenue": "6313690000", "costOfRevenue": "4990378000", "costofGoodsAndServicesSold": "4990378000", "operatingIncome": "799407000", "sellingGeneralAndAdministrative": "460800000", "researchAndDevelopment": "0", "operatingExpenses": "454264000", "investmentIncomeNet": "None", "netInterestIncome": "-23037000", "interestIncome": "24185000", "interestExpense": "24185000", "nonInterestIncome": "None", "otherNonOperatingIncome": "None", "depreciation": "None", "depreciationAndAmortization": "22667000", "incomeBeforeTax": "846911000", "incomeTaxExpense": "309390000", "interestAndDebtExpense": "None", "netIncomeFromContinuingOperations": "465832000", "comprehensiveIncomeNetOfTax": "None", "ebit": "869948000", "ebitda": "892615000", "netIncome": "537521000"}, {"fiscalDateEnding": "2016-12-31", "reportedCurrency": "USD", "grossProfit": "1122252000", "totalRevenue": "5830113000", "costOfRevenue": "4707861000", "costofGoodsAndServicesSold": "4707861000", "operatingIncome": "621723000", "sellingGeneralAndAdministrative": "443320000", "researchAndDevelopment": "0", "operatingExpenses": "440500000", "investmentIncomeNet": "None", "netInterestIncome": "-20621000", "interestIncome": "21707000", "interestExpense": "21707000", "nonInterestIncome": "None", "otherNonOperatingIncome": "None", "depreciation": "None", "depreciationAndAmortization": "22269000", "incomeBeforeTax": "661697000", "incomeTaxExpense": "236435000", "interestAndDebtExpense": "None", "netIncomeFromContinuingOperations": "363581000", "comprehensiveIncomeNetOfTax": "None", "ebit": "682318000", "ebitda": "704587000", "netIncome": "425262000"}, {"fiscalDateEnding": "2015-12-31", "reportedCurrency": "USD", "grossProfit": "1046711000", "totalRevenue": "5165493000", "costOfRevenue": "4118782000", "costofGoodsAndServicesSold": "4118782000", "operatingIncome": "578247000", "sellingGeneralAndAdministrative": "424009000", "researchAndDevelopment": "0", "operatingExpenses": "421053000", "investmentIncomeNet": "None", "netInterestIncome": "None", "interestIncome": "23559000", "interestExpense": "23559000", "nonInterestIncome": "None", "otherNonOperatingIncome": "None", "depreciation": "None", "depreciationAndAmortization": "21534000", "incomeBeforeTax": "603212000", "incomeTaxExpense": "220285000", "interestAndDebtExpense": "None", "netIncomeFromContinuingOperations": "334403000", "comprehensiveIncomeNetOfTax": "None", "ebit": "626130000", "ebitda": "647664000", "netIncome": "382927000"}, {"fiscalDateEnding": "2014-12-31", "reportedCurrency": "USD", "grossProfit": "880922000", "totalRevenue": "4449508000", "costOfRevenue": "3568586000", "costofGoodsAndServicesSold": "3568586000", "operatingIncome": "450475000", "sellingGeneralAndAdministrative": "407867000", "researchAndDevelopment": "0", "operatingExpenses": "405014000", "investmentIncomeNet": "None", "netInterestIncome": "None", "interestIncome": "None", "interestExpense": "23140000", "nonInterestIncome": "None", "otherNonOperatingIncome": "None", "depreciation": "None", "depreciationAndAmortization": "17614000", "incomeBeforeTax": "453546000", "incomeTaxExpense": "171916000", "interestAndDebtExpense": "None", "netIncomeFromContinuingOperations": "255419000", "comprehensiveIncomeNetOfTax": "None", "ebit": "476137000", "ebitda": "493751000", "netIncome": "281630000"}, {"fiscalDateEnding": "2013-12-31", "reportedCurrency": "USD", "grossProfit": "792046000", "totalRevenue": "4216250000", "costOfRevenue": "3424204000", "costofGoodsAndServicesSold": "3424204000", "operatingIncome": "401210000", "sellingGeneralAndAdministrative": "355623000", "researchAndDevelopment": "0", "operatingExpenses": "351661000", "investmentIncomeNet": "None", "netInterestIncome": "None", "interestIncome": "None", "interestExpense": "22385000", "nonInterestIncome": "None", "otherNonOperatingIncome": "None", "depreciation": "None", "depreciationAndAmortization": "13391000", "incomeBeforeTax": "418696000", "incomeTaxExpense": "152219000", "interestAndDebtExpense": "None", "netIncomeFromContinuingOperations": "226606000", "comprehensiveIncomeNetOfTax": "None", "ebit": "456536000", "ebitda": "469927000", "netIncome": "266477000"}, {"fiscalDateEnding": "2012-12-31", "reportedCurrency": "USD", "grossProfit": "613515000", "totalRevenue": "3189154000", "costOfRevenue": "2575639000", "costofGoodsAndServicesSold": "2575639000", "operatingIncome": "247907000", "sellingGeneralAndAdministrative": "334959000", "researchAndDevelopment": "0", "operatingExpenses": "331473000", "investmentIncomeNet": "None", "netInterestIncome": "None", "interestIncome": "None", "interestExpense": "7529000", "nonInterestIncome": "None", "otherNonOperatingIncome": "None", "depreciation": "None", "depreciationAndAmortization": "8100000", "incomeBeforeTax": "275077000", "incomeTaxExpense": "94489000", "interestAndDebtExpense": "None", "netIncomeFromContinuingOperations": "145889000", "comprehensiveIncomeNetOfTax": "None", "ebit": "282606000", "ebitda": "290706000", "netIncome": "180588000"}, {"fiscalDateEnding": "2011-12-31", "reportedCurrency": "USD", "grossProfit": "498281000", "totalRevenue": "2663906000", "costOfRevenue": "2165625000", "costofGoodsAndServicesSold": "2165625000", "operatingIncome": "185605000", "sellingGeneralAndAdministrative": "30249000", "researchAndDevelopment": "0", "operatingExpenses": "294515000", "investmentIncomeNet": "None", "netInterestIncome": "None", "interestIncome": "None", "interestExpense": "1892000", "nonInterestIncome": "None", "otherNonOperatingIncome": "None", "depreciation": "None", "depreciationAndAmortization": "6672000", "incomeBeforeTax": "207576000", "incomeTaxExpense": "78156000", "interestAndDebtExpense": "None", "netIncomeFromContinuingOperations": "105557000", "comprehensiveIncomeNetOfTax": "None", "ebit": "210548000", "ebitda": "217220000", "netIncome": "129420000"}, {"fiscalDateEnding": "2010-12-31", "reportedCurrency": "USD", "grossProfit": "613666000", "totalRevenue": "3051958000", "costOfRevenue": "2438292000", "costofGoodsAndServicesSold": "2438292000", "operatingIncome": "323011000", "sellingGeneralAndAdministrative": "33261000", "researchAndDevelopment": "0", "operatingExpenses": "290655000", "investmentIncomeNet": "None", "netInterestIncome": "None", "interestIncome": "None", "interestExpense": "6029000", "nonInterestIncome": "None", "otherNonOperatingIncome": "None", "depreciation": "None", "depreciationAndAmortization": "7263000", "incomeBeforeTax": "322393000", "incomeTaxExpense": "116388000", "interestAndDebtExpense": "None", "netIncomeFromContinuingOperations": "171954000", "comprehensiveIncomeNetOfTax": "None", "ebit": "328422000", "ebitda": "335685000", "netIncome": "206005000"}, {"fiscalDateEnding": "2009-12-31", "reportedCurrency": "USD", "grossProfit": "570420000", "totalRevenue": "2756153000", "costOfRevenue": "2185733000", "costofGoodsAndServicesSold": "2185733000", "operatingIncome": "309794000", "sellingGeneralAndAdministrative": "260626000", "researchAndDevelopment": "None", "operatingExpenses": "260626000", "investmentIncomeNet": "None", "netInterestIncome": "None", "interestIncome": "None", "interestExpense": "11380000", "nonInterestIncome": "None", "otherNonOperatingIncome": "None", "depreciation": "None", "depreciationAndAmortization": "9713000", "incomeBeforeTax": "298414000", "incomeTaxExpense": "106234000", "interestAndDebtExpense": "None", "netIncomeFromContinuingOperations": "None", "comprehensiveIncomeNetOfTax": "None", "ebit": "309794000", "ebitda": "319507000", "netIncome": "192180000"}, {"fiscalDateEnding": "2008-12-31", "reportedCurrency": "USD", "grossProfit": "512029000", "totalRevenue": "3693039000", "costOfRevenue": "3181010000", "costofGoodsAndServicesSold": "3181010000", "operatingIncome": "171711000", "sellingGeneralAndAdministrative": "31579000", "researchAndDevelopment": "None", "operatingExpenses": "340318000", "investmentIncomeNet": "None", "netInterestIncome": "None", "interestIncome": "None", "interestExpense": "13656000", "nonInterestIncome": "None", "otherNonOperatingIncome": "None", "depreciation": "None", "depreciationAndAmortization": "13641000", "incomeBeforeTax": "167455000", "incomeTaxExpense": "66563000", "interestAndDebtExpense": "None", "netIncomeFromContinuingOperations": "None", "comprehensiveIncomeNetOfTax": "None", "ebit": "181111000", "ebitda": "194752000", "netIncome": "100892000"}, {"fiscalDateEnding": "2007-12-31", "reportedCurrency": "USD", "grossProfit": "902283000", "totalRevenue": "5129342000", "costOfRevenue": "4227059000", "costofGoodsAndServicesSold": "4227059000", "operatingIncome": "498726000", "sellingGeneralAndAdministrative": "32505000", "researchAndDevelopment": "None", "operatingExpenses": "403557000", "investmentIncomeNet": "None", "netInterestIncome": "None", "interestIncome": "None", "interestExpense": "13831000", "nonInterestIncome": "None", "otherNonOperatingIncome": "None", "depreciation": "None", "depreciationAndAmortization": "17036000", "incomeBeforeTax": "539505000", "incomeTaxExpense": "205550000", "interestAndDebtExpense": "None", "netIncomeFromContinuingOperations": "None", "comprehensiveIncomeNetOfTax": "None", "ebit": "553336000", "ebitda": "570372000", "netIncome": "333955000"}, {"fiscalDateEnding": "2006-12-31", "reportedCurrency": "USD", "grossProfit": "1432859000", "totalRevenue": "6134124000", "costOfRevenue": "4701265000", "costofGoodsAndServicesSold": "4701265000", "operatingIncome": "916261000", "sellingGeneralAndAdministrative": "38988000", "researchAndDevelopment": "None", "operatingExpenses": "516598000", "investmentIncomeNet": "None", "netInterestIncome": "None", "interestIncome": "None", "interestExpense": "18423000", "nonInterestIncome": "None", "otherNonOperatingIncome": "None", "depreciation": "None", "depreciationAndAmortization": "14158000", "incomeBeforeTax": "962971000", "incomeTaxExpense": "375559000", "interestAndDebtExpense": "None", "netIncomeFromContinuingOperations": "None", "comprehensiveIncomeNetOfTax": "None", "ebit": "916261000", "ebitda": "930419000", "netIncome": "587412000"}, {"fiscalDateEnding": "2005-12-31", "reportedCurrency": "USD", "grossProfit": "1537067000", "totalRevenue": "5275097000", "costOfRevenue": "3738030000", "costofGoodsAndServicesSold": "3738030000", "operatingIncome": "1100489000", "sellingGeneralAndAdministrative": "31555000", "researchAndDevelopment": "None", "operatingExpenses": "436578000", "investmentIncomeNet": "None", "netInterestIncome": "None", "interestIncome": "None", "interestExpense": "13809000", "nonInterestIncome": "None", "otherNonOperatingIncome": "None", "depreciation": "None", "depreciationAndAmortization": "10690000", "incomeBeforeTax": "1144419000", "incomeTaxExpense": "446860000", "interestAndDebtExpense": "None", "netIncomeFromContinuingOperations": "None", "comprehensiveIncomeNetOfTax": "None", "ebit": "1014450000", "ebitda": "1025140000", "netIncome": "697559000"}], "quarterlyReports": [{"fiscalDateEnding": "2024-12-31", "reportedCurrency": "USD", "grossProfit": "725575000", "totalRevenue": "2851208000", "costOfRevenue": "2125633000", "costofGoodsAndServicesSold": "2125633000", "operatingIncome": "533464000", "sellingGeneralAndAdministrative": "180584000", "researchAndDevelopment": "None", "operatingExpenses": "192111000", "investmentIncomeNet": "None", "netInterestIncome": "-7013000", "interestIncome": "None", "interestExpense": "7013000", "nonInterestIncome": "None", "otherNonOperatingIncome": "None", "depreciation": "None", "depreciationAndAmortization": "4953000", "incomeBeforeTax": "572634000", "incomeTaxExpense": "115202000", "interestAndDebtExpense": "None", "netIncomeFromContinuingOperations": "457432000", "comprehensiveIncomeNetOfTax": "None", "ebit": "579647000", "ebitda": "584600000", "netIncome": "457432000"}, {"fiscalDateEnding": "2024-09-30", "reportedCurrency": "USD", "grossProfit": "686592000", "totalRevenue": "2737679000", "costOfRevenue": "2051087000", "costofGoodsAndServicesSold": "2051087000", "operatingIncome": "510522000", "sellingGeneralAndAdministrative": "176094000", "researchAndDevelopment": "None", "operatingExpenses": "176094000", "investmentIncomeNet": "None", "netInterestIncome": "-7046000", "interestIncome": "None", "interestExpense": "7046000", "nonInterestIncome": "None", "otherNonOperatingIncome": "None", "depreciation": "None", "depreciationAndAmortization": "4685000", "incomeBeforeTax": "538612000", "incomeTaxExpense": "109289000", "interestAndDebtExpense": "None", "netIncomeFromContinuingOperations": "429323000", "comprehensiveIncomeNetOfTax": "None", "ebit": "545658000", "ebitda": "550343000", "netIncome": "429323000"}, {"fiscalDateEnding": "2024-06-30", "reportedCurrency": "USD", "grossProfit": "611814000", "totalRevenue": "2559430000", "costOfRevenue": "1947616000", "costofGoodsAndServicesSold": "1947616000", "operatingIncome": "445250000", "sellingGeneralAndAdministrative": "166564000", "researchAndDevelopment": "None", "operatingExpenses": "166564000", "investmentIncomeNet": "None", "netInterestIncome": "-6898000", "interestIncome": "None", "interestExpense": "6898000", "nonInterestIncome": "None", "otherNonOperatingIncome": "None", "depreciation": "None", "depreciationAndAmortization": "4356000", "incomeBeforeTax": "533568000", "incomeTaxExpense": "132663999", "interestAndDebtExpense": "None", "netIncomeFromContinuingOperations": "400904000", "comprehensiveIncomeNetOfTax": "None", "ebit": "540278000", "ebitda": "544634000", "netIncome": "400904000"}, {"fiscalDateEnding": "2024-03-31", "reportedCurrency": "USD", "grossProfit": "607250000", "totalRevenue": "2333463000", "costOfRevenue": "1726213000", "costofGoodsAndServicesSold": "1726213000", "operatingIncome": "431389000", "sellingGeneralAndAdministrative": "175861000", "researchAndDevelopment": "None", "operatingExpenses": "175861000", "investmentIncomeNet": "None", "netInterestIncome": "-6826000", "interestIncome": "None", "interestExpense": "6826000", "nonInterestIncome": "None", "otherNonOperatingIncome": "None", "depreciation": "None", "depreciationAndAmortization": "4381000", "incomeBeforeTax": "470692000", "incomeTaxExpense": "76423000", "interestAndDebtExpense": "None", "netIncomeFromContinuingOperations": "394269000", "comprehensiveIncomeNetOfTax": "None", "ebit": "477518000", "ebitda": "481899000", "netIncome": "394269000"}, {"fiscalDateEnding": "2023-12-31", "reportedCurrency": "USD", "grossProfit": "538695000", "totalRevenue": "2351663000", "costOfRevenue": "1812968000", "costofGoodsAndServicesSold": "1812968000", "operatingIncome": "363072000", "sellingGeneralAndAdministrative": "175623000", "researchAndDevelopment": "None", "operatingExpenses": "175623000", "investmentIncomeNet": "None", "netInterestIncome": "-6791000", "interestIncome": "None", "interestExpense": "6791000", "nonInterestIncome": "None", "otherNonOperatingIncome": "None", "depreciation": "None", "depreciationAndAmortization": "4331000", "incomeBeforeTax": "484047000", "incomeTaxExpense": "73972000", "interestAndDebtExpense": "None", "netIncomeFromContinuingOperations": "410075000", "comprehensiveIncomeNetOfTax": "None", "ebit": "490665000", "ebitda": "494996000", "netIncome": "410075000"}, {"fiscalDateEnding": "2023-09-30", "reportedCurrency": "USD", "grossProfit": "671918000", "totalRevenue": "2574092000", "costOfRevenue": "1902174000", "costofGoodsAndServicesSold": "1902174000", "operatingIncome": "507434000", "sellingGeneralAndAdministrative": "166765000", "researchAndDevelopment": "None", "operatingExpenses": "126851000", "investmentIncomeNet": "None", "netInterestIncome": "-6896000", "interestIncome": "6896000", "interestExpense": "6896000", "nonInterestIncome": "None", "otherNonOperatingIncome": "None", "depreciation": "None", "depreciationAndAmortization": "4179999", "incomeBeforeTax": "539340000", "incomeTaxExpense": "106183000", "interestAndDebtExpense": "None", "netIncomeFromContinuingOperations": "433157000", "comprehensiveIncomeNetOfTax": "None", "ebit": "545968001", "ebitda": "550148000", "netIncome": "433157000"}, {"fiscalDateEnding": "2023-06-30", "reportedCurrency": "USD", "grossProfit": "614007000", "totalRevenue": "2342153000", "costOfRevenue": "1728146000", "costofGoodsAndServicesSold": "1728146000", "operatingIncome": "441339000", "sellingGeneralAndAdministrative": "171397000", "researchAndDevelopment": "None", "operatingExpenses": "137138000", "investmentIncomeNet": "None", "netInterestIncome": "-6795000", "interestIncome": "6795000", "interestExpense": "6795000", "nonInterestIncome": "None", "otherNonOperatingIncome": "None", "depreciation": "None", "depreciationAndAmortization": "4217000", "incomeBeforeTax": "471176000", "incomeTaxExpense": "67149000", "interestAndDebtExpense": "None", "netIncomeFromContinuingOperations": "404027000", "comprehensiveIncomeNetOfTax": "None", "ebit": "477804000", "ebitda": "482021000", "netIncome": "404027000"}, {"fiscalDateEnding": "2023-03-31", "reportedCurrency": "USD", "grossProfit": "573385000", "totalRevenue": "2181295000", "costOfRevenue": "1607910000", "costofGoodsAndServicesSold": "1607910000", "operatingIncome": "412751000", "sellingGeneralAndAdministrative": "166252000", "researchAndDevelopment": "None", "operatingExpenses": "160634000", "investmentIncomeNet": "None", "netInterestIncome": "-7258000", "interestIncome": "7258000", "interestExpense": "7258000", "nonInterestIncome": "None", "otherNonOperatingIncome": "None", "depreciation": "None", "depreciationAndAmortization": "4188000", "incomeBeforeTax": "433810000", "incomeTaxExpense": "89458000", "interestAndDebtExpense": "None", "netIncomeFromContinuingOperations": "344352000", "comprehensiveIncomeNetOfTax": "None", "ebit": "441068000", "ebitda": "445256000", "netIncome": "344352000"}, {"fiscalDateEnding": "2022-12-31", "reportedCurrency": "USD", "grossProfit": "722030000", "totalRevenue": "2715752000", "costOfRevenue": "1993722000", "costofGoodsAndServicesSold": "1993722000", "operatingIncome": "554911000", "sellingGeneralAndAdministrative": "163295000", "researchAndDevelopment": "None", "operatingExpenses": "141703000", "investmentIncomeNet": "None", "netInterestIncome": "-6899000", "interestIncome": "6899000", "interestExpense": "6899000", "nonInterestIncome": "None", "otherNonOperatingIncome": "None", "depreciation": "None", "depreciationAndAmortization": "4159000", "incomeBeforeTax": "574722000", "incomeTaxExpense": "119954000", "interestAndDebtExpense": "None", "netIncomeFromContinuingOperations": "454768000", "comprehensiveIncomeNetOfTax": "None", "ebit": "581621000", "ebitda": "585780000", "netIncome": "454768000"}, {"fiscalDateEnding": "2022-09-30", "reportedCurrency": "USD", "grossProfit": "687880000", "totalRevenue": "2780337000", "costOfRevenue": "2092457000", "costofGoodsAndServicesSold": "2092457000", "operatingIncome": "527783000", "sellingGeneralAndAdministrative": "153668000", "researchAndDevelopment": "None", "operatingExpenses": "143457000", "investmentIncomeNet": "None", "netInterestIncome": "-7202000", "interestIncome": "7202000", "interestExpense": "7202000", "nonInterestIncome": "None", "otherNonOperatingIncome": "None", "depreciation": "None", "depreciationAndAmortization": "4246000", "incomeBeforeTax": "538515000", "incomeTaxExpense": "127122000", "interestAndDebtExpense": "None", "netIncomeFromContinuingOperations": "393459000", "comprehensiveIncomeNetOfTax": "None", "ebit": "545369000", "ebitda": "549615000", "netIncome": "411393000"}, {"fiscalDateEnding": "2022-06-30", "reportedCurrency": "USD", "grossProfit": "736988000", "totalRevenue": "2661715000", "costOfRevenue": "1924727000", "costofGoodsAndServicesSold": "1924727000", "operatingIncome": "556799000", "sellingGeneralAndAdministrative": "155918000", "researchAndDevelopment": "None", "operatingExpenses": "152022000", "investmentIncomeNet": "None", "netInterestIncome": "-12257000", "interestIncome": "12257000", "interestExpense": "12257000", "nonInterestIncome": "None", "otherNonOperatingIncome": "None", "depreciation": "None", "depreciationAndAmortization": "4531000", "incomeBeforeTax": "574012000", "incomeTaxExpense": "140698000", "interestAndDebtExpense": "None", "netIncomeFromContinuingOperations": "433314000", "comprehensiveIncomeNetOfTax": "None", "ebit": "585864000", "ebitda": "590395000", "netIncome": "433314000"}, {"fiscalDateEnding": "2022-03-31", "reportedCurrency": "USD", "grossProfit": "729118000", "totalRevenue": "2380483000", "costOfRevenue": "1651365000", "costofGoodsAndServicesSold": "1651365000", "operatingIncome": "529691000", "sellingGeneralAndAdministrative": "152418000", "researchAndDevelopment": "None", "operatingExpenses": "151079000", "investmentIncomeNet": "None", "netInterestIncome": "-13166000", "interestIncome": "13166000", "interestExpense": "13166000", "nonInterestIncome": "None", "otherNonOperatingIncome": "None", "depreciation": "None", "depreciationAndAmortization": "4460000", "incomeBeforeTax": "565945000", "incomeTaxExpense": "139845000", "interestAndDebtExpense": "None", "netIncomeFromContinuingOperations": "376680000", "comprehensiveIncomeNetOfTax": "None", "ebit": "578749000", "ebitda": "583209000", "netIncome": "426100000"}, {"fiscalDateEnding": "2021-12-31", "reportedCurrency": "USD", "grossProfit": "586439000", "totalRevenue": "2232489000", "costOfRevenue": "1646050000", "costofGoodsAndServicesSold": "1646050000", "operatingIncome": "404845000", "sellingGeneralAndAdministrative": "149148000", "researchAndDevelopment": "None", "operatingExpenses": "147303000", "investmentIncomeNet": "None", "netInterestIncome": "-13207000", "interestIncome": "13207000", "interestExpense": "13207000", "nonInterestIncome": "None", "otherNonOperatingIncome": "None", "depreciation": "None", "depreciationAndAmortization": "4743000", "incomeBeforeTax": "426805000", "incomeTaxExpense": "92224000", "interestAndDebtExpense": "None", "netIncomeFromContinuingOperations": "334581000", "comprehensiveIncomeNetOfTax": "None", "ebit": "439641000", "ebitda": "444384000", "netIncome": "334581000"}, {"fiscalDateEnding": "2021-09-30", "reportedCurrency": "USD", "grossProfit": "580037000", "totalRevenue": "2397976000", "costOfRevenue": "1817939000", "costofGoodsAndServicesSold": "1817939000", "operatingIncome": "407946000", "sellingGeneralAndAdministrative": "135185000", "researchAndDevelopment": "None", "operatingExpenses": "133689000", "investmentIncomeNet": "None", "netInterestIncome": "-13243000", "interestIncome": "13243000", "interestExpense": "13243000", "nonInterestIncome": "None", "otherNonOperatingIncome": "None", "depreciation": "None", "depreciationAndAmortization": "4682000", "incomeBeforeTax": "434127000", "incomeTaxExpense": "102046000", "interestAndDebtExpense": "None", "netIncomeFromContinuingOperations": "332081000", "comprehensiveIncomeNetOfTax": "None", "ebit": "446965000", "ebitda": "451647000", "netIncome": "332081000"}, {"fiscalDateEnding": "2021-06-30", "reportedCurrency": "USD", "grossProfit": "564134000", "totalRevenue": "2285807000", "costOfRevenue": "1721673000", "costofGoodsAndServicesSold": "1721673000", "operatingIncome": "391113000", "sellingGeneralAndAdministrative": "136019000", "researchAndDevelopment": "None", "operatingExpenses": "134387000", "investmentIncomeNet": "None", "netInterestIncome": "-13270000", "interestIncome": "13270000", "interestExpense": "13270000", "nonInterestIncome": "None", "otherNonOperatingIncome": "None", "depreciation": "None", "depreciationAndAmortization": "4835000", "incomeBeforeTax": "417465000", "incomeTaxExpense": "96170000", "interestAndDebtExpense": "None", "netIncomeFromContinuingOperations": "321295000", "comprehensiveIncomeNetOfTax": "None", "ebit": "430315000", "ebitda": "435150000", "netIncome": "321295000"}, {"fiscalDateEnding": "2021-03-31", "reportedCurrency": "USD", "grossProfit": "466025000", "totalRevenue": "2043478000", "costOfRevenue": "1577453000", "costofGoodsAndServicesSold": "1577453000", "operatingIncome": "266425000", "sellingGeneralAndAdministrative": "143075000", "researchAndDevelopment": "None", "operatingExpenses": "141489000", "investmentIncomeNet": "None", "netInterestIncome": "-13397000", "interestIncome": "13397000", "interestExpense": "13397000", "nonInterestIncome": "None", "otherNonOperatingIncome": "None", "depreciation": "None", "depreciationAndAmortization": "5203000", "incomeBeforeTax": "312006000", "incomeTaxExpense": "63244000", "interestAndDebtExpense": "None", "netIncomeFromContinuingOperations": "189784000", "comprehensiveIncomeNetOfTax": "None", "ebit": "325012000", "ebitda": "330215000", "netIncome": "248762000"}, {"fiscalDateEnding": "2020-12-31", "reportedCurrency": "USD", "grossProfit": "524279000", "totalRevenue": "2346400000", "costOfRevenue": "1822121000", "costofGoodsAndServicesSold": "1822121000", "operatingIncome": "336360000", "sellingGeneralAndAdministrative": "133975000", "researchAndDevelopment": "None", "operatingExpenses": "126769000", "investmentIncomeNet": "None", "netInterestIncome": "-12769000", "interestIncome": "13174000", "interestExpense": "13174000", "nonInterestIncome": "None", "otherNonOperatingIncome": "None", "depreciation": "None", "depreciationAndAmortization": "5191000", "incomeBeforeTax": "385370000", "incomeTaxExpense": "80366000", "interestAndDebtExpense": "None", "netIncomeFromContinuingOperations": "242820000", "comprehensiveIncomeNetOfTax": "None", "ebit": "398139000", "ebitda": "403330000", "netIncome": "305004000"}, {"fiscalDateEnding": "2020-09-30", "reportedCurrency": "USD", "grossProfit": "456190000", "totalRevenue": "1992234000", "costOfRevenue": "1536044000", "costofGoodsAndServicesSold": "1536044000", "operatingIncome": "280954000", "sellingGeneralAndAdministrative": "125921000", "researchAndDevelopment": "None", "operatingExpenses": "123933000", "investmentIncomeNet": "None", "netInterestIncome": "-11309000", "interestIncome": "11687000", "interestExpense": "11687000", "nonInterestIncome": "None", "otherNonOperatingIncome": "None", "depreciation": "None", "depreciationAndAmortization": "5547000", "incomeBeforeTax": "321457000", "incomeTaxExpense": "64991000", "interestAndDebtExpense": "None", "netIncomeFromContinuingOperations": "204276000", "comprehensiveIncomeNetOfTax": "None", "ebit": "332766000", "ebitda": "338313000", "netIncome": "256466000"}, {"fiscalDateEnding": "2020-06-30", "reportedCurrency": "USD", "grossProfit": "337729000", "totalRevenue": "1622222000", "costOfRevenue": "1284493000", "costofGoodsAndServicesSold": "1284493000", "operatingIncome": "203971000", "sellingGeneralAndAdministrative": "121460000", "researchAndDevelopment": "None", "operatingExpenses": "119052000", "investmentIncomeNet": "None", "netInterestIncome": "-9166000", "interestIncome": "9525000", "interestExpense": "9525000", "nonInterestIncome": "None", "otherNonOperatingIncome": "None", "depreciation": "None", "depreciationAndAmortization": "5632000", "incomeBeforeTax": "209831000", "incomeTaxExpense": "45756000", "interestAndDebtExpense": "None", "netIncomeFromContinuingOperations": "148690000", "comprehensiveIncomeNetOfTax": "None", "ebit": "218997000", "ebitda": "224629000", "netIncome": "164075000"}, {"fiscalDateEnding": "2020-03-31", "reportedCurrency": "USD", "grossProfit": "290254000", "totalRevenue": "1584997000", "costOfRevenue": "1294743000", "costofGoodsAndServicesSold": "1294743000", "operatingIncome": "156133000", "sellingGeneralAndAdministrative": "128378000", "researchAndDevelopment": "None", "operatingExpenses": "123042000", "investmentIncomeNet": "None", "netInterestIncome": "-6214000", "interestIncome": "6486000", "interestExpense": "6486000", "nonInterestIncome": "None", "otherNonOperatingIncome": "None", "depreciation": "None", "depreciationAndAmortization": "5622000", "incomeBeforeTax": "161375000", "incomeTaxExpense": "-14328000", "interestAndDebtExpense": "None", "netIncomeFromContinuingOperations": "163975000", "comprehensiveIncomeNetOfTax": "None", "ebit": "203989000", "ebitda": "209611000", "netIncome": "175703000"}, {"fiscalDateEnding": "2019-12-31", "reportedCurrency": "USD", "grossProfit": "426035000", "totalRevenue": "1993427000", "costOfRevenue": "1567392000", "costofGoodsAndServicesSold": "1567392000", "operatingIncome": "276346000", "sellingGeneralAndAdministrative": "131493000", "researchAndDevelopment": "None", "operatingExpenses": "124980000", "investmentIncomeNet": "None", "netInterestIncome": "-6301000", "interestIncome": "6571000", "interestExpense": "6571000", "nonInterestIncome": "None", "otherNonOperatingIncome": "None", "depreciation": "None", "depreciationAndAmortization": "5449000", "incomeBeforeTax": "295302000", "incomeTaxExpense": "39165000", "interestAndDebtExpense": "None", "netIncomeFromContinuingOperations": "230610000", "comprehensiveIncomeNetOfTax": "None", "ebit": "301603000", "ebitda": "307052000", "netIncome": "256137000"}, {"fiscalDateEnding": "2019-09-30", "reportedCurrency": "USD", "grossProfit": "396328000", "totalRevenue": "1914604000", "costOfRevenue": "1518276000", "costofGoodsAndServicesSold": "1518276000", "operatingIncome": "251782000", "sellingGeneralAndAdministrative": "130376000", "researchAndDevelopment": "None", "operatingExpenses": "123680000", "investmentIncomeNet": "None", "netInterestIncome": "-6008000", "interestIncome": "6293000", "interestExpense": "6293000", "nonInterestIncome": "None", "otherNonOperatingIncome": "None", "depreciation": "None", "depreciationAndAmortization": "5223000", "incomeBeforeTax": "267174000", "incomeTaxExpense": "43387000", "interestAndDebtExpense": "None", "netIncomeFromContinuingOperations": "202102000", "comprehensiveIncomeNetOfTax": "None", "ebit": "273182000", "ebitda": "278405000", "netIncome": "223787000"}, {"fiscalDateEnding": "2019-06-30", "reportedCurrency": "USD", "grossProfit": "377543000", "totalRevenue": "1802931000", "costOfRevenue": "1425388000", "costofGoodsAndServicesSold": "1425388000", "operatingIncome": "225683000", "sellingGeneralAndAdministrative": "133044000", "researchAndDevelopment": "None", "operatingExpenses": "127211000", "investmentIncomeNet": "None", "netInterestIncome": "-6033000", "interestIncome": "6301000", "interestExpense": "6301000", "nonInterestIncome": "None", "otherNonOperatingIncome": "None", "depreciation": "None", "depreciationAndAmortization": "5084000", "incomeBeforeTax": "244712000", "incomeTaxExpense": "34503000", "interestAndDebtExpense": "None", "netIncomeFromContinuingOperations": "184879000", "comprehensiveIncomeNetOfTax": "None", "ebit": "250745000", "ebitda": "255829000", "netIncome": "210209000"}, {"fiscalDateEnding": "2019-03-31", "reportedCurrency": "USD", "grossProfit": "351038000", "totalRevenue": "1689844000", "costOfRevenue": "1338806000", "costofGoodsAndServicesSold": "1338806000", "operatingIncome": "194403000", "sellingGeneralAndAdministrative": "132492000", "researchAndDevelopment": "None", "operatingExpenses": "126755000", "investmentIncomeNet": "None", "netInterestIncome": "-5993000", "interestIncome": "None", "interestExpense": "6215000", "nonInterestIncome": "None", "otherNonOperatingIncome": "None", "depreciation": "None", "depreciationAndAmortization": "5062000", "incomeBeforeTax": "218607000", "incomeTaxExpense": "30201000", "interestAndDebtExpense": "None", "netIncomeFromContinuingOperations": "157987000", "comprehensiveIncomeNetOfTax": "None", "ebit": "224600000", "ebitda": "229662000", "netIncome": "188406000"}, {"fiscalDateEnding": "2018-12-31", "reportedCurrency": "USD", "grossProfit": "407036000", "totalRevenue": "1997771000", "costOfRevenue": "1590735000", "costofGoodsAndServicesSold": "1590735000", "operatingIncome": "261088000", "sellingGeneralAndAdministrative": "128905000", "researchAndDevelopment": "0", "operatingExpenses": "124047000", "investmentIncomeNet": "None", "netInterestIncome": "None", "interestIncome": "None", "interestExpense": "6273000", "nonInterestIncome": "None", "otherNonOperatingIncome": "None", "depreciation": "None", "depreciationAndAmortization": "5115000", "incomeBeforeTax": "277438000", "incomeTaxExpense": "45280000", "interestAndDebtExpense": "None", "netIncomeFromContinuingOperations": "209535000", "comprehensiveIncomeNetOfTax": "None", "ebit": "283452000", "ebitda": "288567000", "netIncome": "232158000"}, {"fiscalDateEnding": "2018-09-30", "reportedCurrency": "USD", "grossProfit": "383120000", "totalRevenue": "1855769000", "costOfRevenue": "1472649000", "costofGoodsAndServicesSold": "1472649000", "operatingIncome": "230164000", "sellingGeneralAndAdministrative": "130712000", "researchAndDevelopment": "0", "operatingExpenses": "127872000", "investmentIncomeNet": "None", "netInterestIncome": "None", "interestIncome": "None", "interestExpense": "6197000", "nonInterestIncome": "None", "otherNonOperatingIncome": "None", "depreciation": "None", "depreciationAndAmortization": "5029000", "incomeBeforeTax": "249710000", "incomeTaxExpense": "53894000", "interestAndDebtExpense": "None", "netIncomeFromContinuingOperations": "170073000", "comprehensiveIncomeNetOfTax": "None", "ebit": "255678000", "ebitda": "260707000", "netIncome": "195816000"}, {"fiscalDateEnding": "2018-06-30", "reportedCurrency": "USD", "grossProfit": "373423000", "totalRevenue": "1790220000", "costOfRevenue": "1416797000", "costofGoodsAndServicesSold": "1416797000", "operatingIncome": "229313000", "sellingGeneralAndAdministrative": "128313000", "researchAndDevelopment": "0", "operatingExpenses": "126149000", "investmentIncomeNet": "None", "netInterestIncome": "None", "interestIncome": "None", "interestExpense": "6329000", "nonInterestIncome": "None", "otherNonOperatingIncome": "None", "depreciation": "None", "depreciationAndAmortization": "4988000", "incomeBeforeTax": "241586000", "incomeTaxExpense": "38412000", "interestAndDebtExpense": "None", "netIncomeFromContinuingOperations": "184572000", "comprehensiveIncomeNetOfTax": "None", "ebit": "247633000", "ebitda": "252621000", "netIncome": "203174000"}, {"fiscalDateEnding": "2018-03-31", "reportedCurrency": "USD", "grossProfit": "319561000", "totalRevenue": "1531507000", "costOfRevenue": "1211946000", "costofGoodsAndServicesSold": "1211946000", "operatingIncome": "174577000", "sellingGeneralAndAdministrative": "124782000", "researchAndDevelopment": "0", "operatingExpenses": "122805000", "investmentIncomeNet": "None", "netInterestIncome": "None", "interestIncome": "None", "interestExpense": "6282000", "nonInterestIncome": "None", "otherNonOperatingIncome": "None", "depreciation": "None", "depreciationAndAmortization": "5036000", "incomeBeforeTax": "190998000", "incomeTaxExpense": "24949000", "interestAndDebtExpense": "None", "netIncomeFromContinuingOperations": "143346000", "comprehensiveIncomeNetOfTax": "None", "ebit": "197005000", "ebitda": "202041000", "netIncome": "166049000"}, {"fiscalDateEnding": "2017-12-31", "reportedCurrency": "USD", "grossProfit": "380711000", "totalRevenue": "1819018000", "costOfRevenue": "1438307000", "costofGoodsAndServicesSold": "1438307000", "operatingIncome": "247797000", "sellingGeneralAndAdministrative": "116000000", "researchAndDevelopment": "0", "operatingExpenses": "113728000", "investmentIncomeNet": "None", "netInterestIncome": "None", "interestIncome": "None", "interestExpense": "6315000", "nonInterestIncome": "None", "otherNonOperatingIncome": "None", "depreciation": "None", "depreciationAndAmortization": "5580000", "incomeBeforeTax": "261318000", "incomeTaxExpense": "136699000", "interestAndDebtExpense": "None", "netIncomeFromContinuingOperations": "104783000", "comprehensiveIncomeNetOfTax": "None", "ebit": "267315000", "ebitda": "272895000", "netIncome": "124619000"}, {"fiscalDateEnding": "2017-09-30", "reportedCurrency": "USD", "grossProfit": "361902000", "totalRevenue": "1669873000", "costOfRevenue": "1307971000", "costofGoodsAndServicesSold": "1307971000", "operatingIncome": "231864000", "sellingGeneralAndAdministrative": "113616000", "researchAndDevelopment": "0", "operatingExpenses": "111901000", "investmentIncomeNet": "None", "netInterestIncome": "None", "interestIncome": "None", "interestExpense": "6120000", "nonInterestIncome": "None", "otherNonOperatingIncome": "None", "depreciation": "None", "depreciationAndAmortization": "5593000", "incomeBeforeTax": "244464000", "incomeTaxExpense": "82362000", "interestAndDebtExpense": "None", "netIncomeFromContinuingOperations": "143382000", "comprehensiveIncomeNetOfTax": "None", "ebit": "250285000", "ebitda": "255878000", "netIncome": "162102000"}, {"fiscalDateEnding": "2017-06-30", "reportedCurrency": "USD", "grossProfit": "327963000", "totalRevenue": "1546046000", "costOfRevenue": "1218083000", "costofGoodsAndServicesSold": "1218083000", "operatingIncome": "196978000", "sellingGeneralAndAdministrative": "115034000", "researchAndDevelopment": "0", "operatingExpenses": "113587000", "investmentIncomeNet": "None", "netInterestIncome": "None", "interestIncome": "None", "interestExpense": "5914000", "nonInterestIncome": "None", "otherNonOperatingIncome": "None", "depreciation": "None", "depreciationAndAmortization": "5795000", "incomeBeforeTax": "208968000", "incomeTaxExpense": "61091000", "interestAndDebtExpense": "None", "netIncomeFromContinuingOperations": "129973000", "comprehensiveIncomeNetOfTax": "None", "ebit": "214609000", "ebitda": "220404000", "netIncome": "147877000"}, {"fiscalDateEnding": "2017-03-31", "reportedCurrency": "USD", "grossProfit": "252736000", "totalRevenue": "1278753000", "costOfRevenue": "1026017000", "costofGoodsAndServicesSold": "1026017000", "operatingIncome": "122768000", "sellingGeneralAndAdministrative": "116150000", "researchAndDevelopment": "0", "operatingExpenses": "115048000", "investmentIncomeNet": "None", "netInterestIncome": "None", "interestIncome": "None", "interestExpense": "5836000", "nonInterestIncome": "None", "otherNonOperatingIncome": "None", "depreciation": "None", "depreciationAndAmortization": "5699000", "incomeBeforeTax": "132161000", "incomeTaxExpense": "29238000", "interestAndDebtExpense": "None", "netIncomeFromContinuingOperations": "87694000", "comprehensiveIncomeNetOfTax": "None", "ebit": "137739000", "ebitda": "143438000", "netIncome": "102923000"}, {"fiscalDateEnding": "2016-12-31", "reportedCurrency": "USD", "grossProfit": "341784000", "totalRevenue": "1755224000", "costOfRevenue": "1413440000", "costofGoodsAndServicesSold": "1413440000", "operatingIncome": "214150000", "sellingGeneralAndAdministrative": "108050000", "researchAndDevelopment": "0", "operatingExpenses": "107453000", "investmentIncomeNet": "None", "netInterestIncome": "None", "interestIncome": "None", "interestExpense": "6181000", "nonInterestIncome": "None", "otherNonOperatingIncome": "None", "depreciation": "None", "depreciationAndAmortization": "5678000", "incomeBeforeTax": "228662000", "incomeTaxExpense": "77771000", "interestAndDebtExpense": "None", "netIncomeFromContinuingOperations": "130198000", "comprehensiveIncomeNetOfTax": "None", "ebit": "234549000", "ebitda": "240227000", "netIncome": "150891000"}, {"fiscalDateEnding": "2016-09-30", "reportedCurrency": "USD", "grossProfit": "297277000", "totalRevenue": "1539569000", "costOfRevenue": "1242292000", "costofGoodsAndServicesSold": "1242292000", "operatingIncome": "172995000", "sellingGeneralAndAdministrative": "107826000", "researchAndDevelopment": "0", "operatingExpenses": "107123000", "investmentIncomeNet": "None", "netInterestIncome": "None", "interestIncome": "None", "interestExpense": "5624000", "nonInterestIncome": "None", "otherNonOperatingIncome": "None", "depreciation": "None", "depreciationAndAmortization": "5657000", "incomeBeforeTax": "185003000", "incomeTaxExpense": "67611000", "interestAndDebtExpense": "None", "netIncomeFromContinuingOperations": "99760000", "comprehensiveIncomeNetOfTax": "None", "ebit": "190341000", "ebitda": "195998000", "netIncome": "117392000"}, {"fiscalDateEnding": "2016-06-30", "reportedCurrency": "USD", "grossProfit": "263251000", "totalRevenue": "1389620000", "costOfRevenue": "1126369000", "costofGoodsAndServicesSold": "1126369000", "operatingIncome": "136082000", "sellingGeneralAndAdministrative": "114879000", "researchAndDevelopment": "0", "operatingExpenses": "114126000", "investmentIncomeNet": "None", "netInterestIncome": "None", "interestIncome": "None", "interestExpense": "4814000", "nonInterestIncome": "None", "otherNonOperatingIncome": "None", "depreciation": "None", "depreciationAndAmortization": "5487000", "incomeBeforeTax": "144720000", "incomeTaxExpense": "53044000", "interestAndDebtExpense": "None", "netIncomeFromContinuingOperations": "78224000", "comprehensiveIncomeNetOfTax": "None", "ebit": "149274000", "ebitda": "154761000", "netIncome": "91676000"}, {"fiscalDateEnding": "2016-03-31", "reportedCurrency": "USD", "grossProfit": "219940000", "totalRevenue": "1145700000", "costOfRevenue": "925760000", "costofGoodsAndServicesSold": "925760000", "operatingIncome": "98496000", "sellingGeneralAndAdministrative": "112565000", "researchAndDevelopment": "0", "operatingExpenses": "111798000", "investmentIncomeNet": "None", "netInterestIncome": "None", "interestIncome": "None", "interestExpense": "5088000", "nonInterestIncome": "None", "otherNonOperatingIncome": "None", "depreciation": "None", "depreciationAndAmortization": "5447000", "incomeBeforeTax": "103312000", "incomeTaxExpense": "38009000", "interestAndDebtExpense": "None", "netIncomeFromContinuingOperations": "55399000", "comprehensiveIncomeNetOfTax": "None", "ebit": "108154000", "ebitda": "113601000", "netIncome": "65303000"}, {"fiscalDateEnding": "2015-12-31", "reportedCurrency": "USD", "grossProfit": "318819000", "totalRevenue": "1557407000", "costOfRevenue": "1238588000", "costofGoodsAndServicesSold": "1238588000", "operatingIncome": "198042000", "sellingGeneralAndAdministrative": "106914000", "researchAndDevelopment": "0", "operatingExpenses": "106448000", "investmentIncomeNet": "None", "netInterestIncome": "None", "interestIncome": "None", "interestExpense": "5604000", "nonInterestIncome": "None", "otherNonOperatingIncome": "None", "depreciation": "None", "depreciationAndAmortization": "5352000", "incomeBeforeTax": "207169000", "incomeTaxExpense": "73165000", "interestAndDebtExpense": "None", "netIncomeFromContinuingOperations": "119273000", "comprehensiveIncomeNetOfTax": "None", "ebit": "212588000", "ebitda": "217940000", "netIncome": "134004000"}, {"fiscalDateEnding": "2015-09-30", "reportedCurrency": "USD", "grossProfit": "292651000", "totalRevenue": "1404323000", "costOfRevenue": "1111672000", "costofGoodsAndServicesSold": "1111672000", "operatingIncome": "174774000", "sellingGeneralAndAdministrative": "102580000", "researchAndDevelopment": "0", "operatingExpenses": "101937000", "investmentIncomeNet": "None", "netInterestIncome": "None", "interestIncome": "None", "interestExpense": "6081000", "nonInterestIncome": "None", "otherNonOperatingIncome": "None", "depreciation": "None", "depreciationAndAmortization": "5441000", "incomeBeforeTax": "184996000", "incomeTaxExpense": "68526000", "interestAndDebtExpense": "None", "netIncomeFromContinuingOperations": "100167000", "comprehensiveIncomeNetOfTax": "None", "ebit": "190896000", "ebitda": "196337000", "netIncome": "116470000"}, {"fiscalDateEnding": "2015-06-30", "reportedCurrency": "USD", "grossProfit": "258082000", "totalRevenue": "1244936000", "costOfRevenue": "986854000", "costofGoodsAndServicesSold": "986854000", "operatingIncome": "143065000", "sellingGeneralAndAdministrative": "104807000", "researchAndDevelopment": "0", "operatingExpenses": "103685000", "investmentIncomeNet": "None", "netInterestIncome": "None", "interestIncome": "None", "interestExpense": "5956000", "nonInterestIncome": "None", "otherNonOperatingIncome": "None", "depreciation": "None", "depreciationAndAmortization": "5460000", "incomeBeforeTax": "148684000", "incomeTaxExpense": "55289000", "interestAndDebtExpense": "None", "netIncomeFromContinuingOperations": "81820000", "comprehensiveIncomeNetOfTax": "None", "ebit": "154501000", "ebitda": "159961000", "netIncome": "93395000"}, {"fiscalDateEnding": "2015-03-31", "reportedCurrency": "USD", "grossProfit": "177159000", "totalRevenue": "958827000", "costOfRevenue": "781668000", "costofGoodsAndServicesSold": "781668000", "operatingIncome": "62366000", "sellingGeneralAndAdministrative": "109708000", "researchAndDevelopment": "0", "operatingExpenses": "108983000", "investmentIncomeNet": "None", "netInterestIncome": "None", "interestIncome": "None", "interestExpense": "5918000", "nonInterestIncome": "None", "otherNonOperatingIncome": "None", "depreciation": "None", "depreciationAndAmortization": "5281000", "incomeBeforeTax": "62363000", "incomeTaxExpense": "23305000", "interestAndDebtExpense": "None", "netIncomeFromContinuingOperations": "33143000", "comprehensiveIncomeNetOfTax": "None", "ebit": "68145000", "ebitda": "73426000", "netIncome": "39058000"}, {"fiscalDateEnding": "2014-12-31", "reportedCurrency": "USD", "grossProfit": "258995000", "totalRevenue": "1329596000", "costOfRevenue": "1070601000", "costofGoodsAndServicesSold": "1070601000", "operatingIncome": "145775000", "sellingGeneralAndAdministrative": "102707000", "researchAndDevelopment": "0", "operatingExpenses": "102208000", "investmentIncomeNet": "None", "netInterestIncome": "None", "interestIncome": "None", "interestExpense": "5848000", "nonInterestIncome": "None", "otherNonOperatingIncome": "None", "depreciation": "None", "depreciationAndAmortization": "5031000", "incomeBeforeTax": "151224000", "incomeTaxExpense": "51773000", "interestAndDebtExpense": "None", "netIncomeFromContinuingOperations": "88154000", "comprehensiveIncomeNetOfTax": "None", "ebit": "156920000", "ebitda": "161951000", "netIncome": "99451000"}, {"fiscalDateEnding": "2014-09-30", "reportedCurrency": "USD", "grossProfit": "244484000", "totalRevenue": "1204539000", "costOfRevenue": "960055000", "costofGoodsAndServicesSold": "960055000", "operatingIncome": "142129000", "sellingGeneralAndAdministrative": "96063000", "researchAndDevelopment": "0", "operatingExpenses": "95158000", "investmentIncomeNet": "None", "netInterestIncome": "None", "interestIncome": "None", "interestExpense": "5775000", "nonInterestIncome": "None", "otherNonOperatingIncome": "None", "depreciation": "None", "depreciationAndAmortization": "4657000", "incomeBeforeTax": "143791000", "incomeTaxExpense": "53639000", "interestAndDebtExpense": "None", "netIncomeFromContinuingOperations": "82715000", "comprehensiveIncomeNetOfTax": "None", "ebit": "149409000", "ebitda": "154066000", "netIncome": "90152000"}, {"fiscalDateEnding": "2014-06-30", "reportedCurrency": "USD", "grossProfit": "220101000", "totalRevenue": "1102879000", "costOfRevenue": "882778000", "costofGoodsAndServicesSold": "882778000", "operatingIncome": "108171000", "sellingGeneralAndAdministrative": "106200000", "researchAndDevelopment": "0", "operatingExpenses": "105748000", "investmentIncomeNet": "None", "netInterestIncome": "None", "interestIncome": "None", "interestExpense": "5723000", "nonInterestIncome": "None", "otherNonOperatingIncome": "None", "depreciation": "None", "depreciationAndAmortization": "4216000", "incomeBeforeTax": "108824000", "incomeTaxExpense": "40646000", "interestAndDebtExpense": "None", "netIncomeFromContinuingOperations": "61802000", "comprehensiveIncomeNetOfTax": "None", "ebit": "114417000", "ebitda": "118633000", "netIncome": "68178000"}, {"fiscalDateEnding": "2014-03-31", "reportedCurrency": "USD", "grossProfit": "157342000", "totalRevenue": "812494000", "costOfRevenue": "655152000", "costofGoodsAndServicesSold": "655152000", "operatingIncome": "54400000", "sellingGeneralAndAdministrative": "102897000", "researchAndDevelopment": "0", "operatingExpenses": "101900000", "investmentIncomeNet": "None", "netInterestIncome": "None", "interestIncome": "None", "interestExpense": "5794000", "nonInterestIncome": "None", "otherNonOperatingIncome": "None", "depreciation": "None", "depreciationAndAmortization": "3710000", "incomeBeforeTax": "49707000", "incomeTaxExpense": "25858000", "interestAndDebtExpense": "None", "netIncomeFromContinuingOperations": "22748000", "comprehensiveIncomeNetOfTax": "None", "ebit": "55391000", "ebitda": "59101000", "netIncome": "23849000"}, {"fiscalDateEnding": "2013-12-31", "reportedCurrency": "USD", "grossProfit": "242322000", "totalRevenue": "1243737000", "costOfRevenue": "1001415000", "costofGoodsAndServicesSold": "1001415000", "operatingIncome": "149602000", "sellingGeneralAndAdministrative": "85734000", "researchAndDevelopment": "0", "operatingExpenses": "84926000", "investmentIncomeNet": "None", "netInterestIncome": "None", "interestIncome": "None", "interestExpense": "5763000", "nonInterestIncome": "None", "otherNonOperatingIncome": "None", "depreciation": "None", "depreciationAndAmortization": "4016000", "incomeBeforeTax": "151820000", "incomeTaxExpense": "54009000", "interestAndDebtExpense": "None", "netIncomeFromContinuingOperations": "89830000", "comprehensiveIncomeNetOfTax": "None", "ebit": "173446000", "ebitda": "177462000", "netIncome": "97811000"}, {"fiscalDateEnding": "2013-09-30", "reportedCurrency": "USD", "grossProfit": "225947000", "totalRevenue": "1190363000", "costOfRevenue": "964416000", "costofGoodsAndServicesSold": "964416000", "operatingIncome": "125312000", "sellingGeneralAndAdministrative": "89923000", "researchAndDevelopment": "0", "operatingExpenses": "88893000", "investmentIncomeNet": "None", "netInterestIncome": "None", "interestIncome": "None", "interestExpense": "5682000", "nonInterestIncome": "None", "otherNonOperatingIncome": "None", "depreciation": "None", "depreciationAndAmortization": "3527000", "incomeBeforeTax": "131590000", "incomeTaxExpense": "48655000", "interestAndDebtExpense": "None", "netIncomeFromContinuingOperations": "70975000", "comprehensiveIncomeNetOfTax": "None", "ebit": "137115000", "ebitda": "140642000", "netIncome": "82935000"}, {"fiscalDateEnding": "2013-06-30", "reportedCurrency": "USD", "grossProfit": "176651000", "totalRevenue": "1010939000", "costOfRevenue": "834288000", "costofGoodsAndServicesSold": "834288000", "operatingIncome": "76900000", "sellingGeneralAndAdministrative": "92372000", "researchAndDevelopment": "0", "operatingExpenses": "91274000", "investmentIncomeNet": "None", "netInterestIncome": "None", "interestIncome": "None", "interestExpense": "5374000", "nonInterestIncome": "None", "otherNonOperatingIncome": "None", "depreciation": "None", "depreciationAndAmortization": "3076000", "incomeBeforeTax": "80181000", "incomeTaxExpense": "29491000", "interestAndDebtExpense": "None", "netIncomeFromContinuingOperations": "42035000", "comprehensiveIncomeNetOfTax": "None", "ebit": "85555000", "ebitda": "88631000", "netIncome": "50690000"}, {"fiscalDateEnding": "2013-03-31", "reportedCurrency": "USD", "grossProfit": "147126000", "totalRevenue": "771211000", "costOfRevenue": "624085000", "costofGoodsAndServicesSold": "624085000", "operatingIncome": "49396000", "sellingGeneralAndAdministrative": "87594000", "researchAndDevelopment": "0", "operatingExpenses": "86568000", "investmentIncomeNet": "None", "netInterestIncome": "None", "interestIncome": "None", "interestExpense": "5566000", "nonInterestIncome": "None", "otherNonOperatingIncome": "None", "depreciation": "None", "depreciationAndAmortization": "2772000", "incomeBeforeTax": "55105000", "incomeTaxExpense": "20064000", "interestAndDebtExpense": "None", "netIncomeFromContinuingOperations": "23766000", "comprehensiveIncomeNetOfTax": "None", "ebit": "60671000", "ebitda": "63443000", "netIncome": "35041000"}, {"fiscalDateEnding": "2012-12-31", "reportedCurrency": "USD", "grossProfit": "188341000", "totalRevenue": "944737000", "costOfRevenue": "756396000", "costofGoodsAndServicesSold": "756396000", "operatingIncome": "91707000", "sellingGeneralAndAdministrative": "88447000", "researchAndDevelopment": "0", "operatingExpenses": "87006000", "investmentIncomeNet": "None", "netInterestIncome": "None", "interestIncome": "None", "interestExpense": "5495000", "nonInterestIncome": "None", "otherNonOperatingIncome": "None", "depreciation": "None", "depreciationAndAmortization": "2278000", "incomeBeforeTax": "96031000", "incomeTaxExpense": "35404000", "interestAndDebtExpense": "None", "netIncomeFromContinuingOperations": "50808000", "comprehensiveIncomeNetOfTax": "None", "ebit": "101526000", "ebitda": "103804000", "netIncome": "60627000"}, {"fiscalDateEnding": "2012-09-30", "reportedCurrency": "USD", "grossProfit": "168961000", "totalRevenue": "871397000", "costOfRevenue": "702436000", "costofGoodsAndServicesSold": "702436000", "operatingIncome": "85644000", "sellingGeneralAndAdministrative": "84342000", "researchAndDevelopment": "0", "operatingExpenses": "84342000", "investmentIncomeNet": "None", "netInterestIncome": "None", "interestIncome": "None", "interestExpense": "1511000", "nonInterestIncome": "None", "otherNonOperatingIncome": "None", "depreciation": "None", "depreciationAndAmortization": "2092000", "incomeBeforeTax": "84133000", "incomeTaxExpense": "31133000", "interestAndDebtExpense": "None", "netIncomeFromContinuingOperations": "43362000", "comprehensiveIncomeNetOfTax": "None", "ebit": "85644000", "ebitda": "87736000", "netIncome": "53000000"}, {"fiscalDateEnding": "2012-06-30", "reportedCurrency": "USD", "grossProfit": "145479000", "totalRevenue": "770457000", "costOfRevenue": "624978000", "costofGoodsAndServicesSold": "624978000", "operatingIncome": "64213000", "sellingGeneralAndAdministrative": "82081000", "researchAndDevelopment": "0", "operatingExpenses": "82081000", "investmentIncomeNet": "None", "netInterestIncome": "None", "interestIncome": "None", "interestExpense": "258000", "nonInterestIncome": "None", "otherNonOperatingIncome": "None", "depreciation": "None", "depreciationAndAmortization": "1925000", "incomeBeforeTax": "63955000", "incomeTaxExpense": "17117000", "interestAndDebtExpense": "None", "netIncomeFromContinuingOperations": "39721000", "comprehensiveIncomeNetOfTax": "None", "ebit": "64213000", "ebitda": "66138000", "netIncome": "46838000"}, {"fiscalDateEnding": "2012-03-31", "reportedCurrency": "USD", "grossProfit": "109647000", "totalRevenue": "601476000", "costOfRevenue": "491829000", "costofGoodsAndServicesSold": "491829000", "operatingIncome": "31223000", "sellingGeneralAndAdministrative": "80089000", "researchAndDevelopment": "0", "operatingExpenses": "80089000", "investmentIncomeNet": "None", "netInterestIncome": "None", "interestIncome": "None", "interestExpense": "265000", "nonInterestIncome": "None", "otherNonOperatingIncome": "None", "depreciation": "None", "depreciationAndAmortization": "1805000", "incomeBeforeTax": "30958000", "incomeTaxExpense": "10835000", "interestAndDebtExpense": "None", "netIncomeFromContinuingOperations": "11998000", "comprehensiveIncomeNetOfTax": "None", "ebit": "31223000", "ebitda": "33028000", "netIncome": "20123000"}, {"fiscalDateEnding": "2011-12-31", "reportedCurrency": "USD", "grossProfit": "125350000", "totalRevenue": "742072000", "costOfRevenue": "616722000", "costofGoodsAndServicesSold": "616722000", "operatingIncome": "44154000", "sellingGeneralAndAdministrative": "76449000", "researchAndDevelopment": "0", "operatingExpenses": "76449000", "investmentIncomeNet": "None", "netInterestIncome": "None", "interestIncome": "None", "interestExpense": "369000", "nonInterestIncome": "None", "otherNonOperatingIncome": "None", "depreciation": "None", "depreciationAndAmortization": "1724000", "incomeBeforeTax": "50445000", "incomeTaxExpense": "18053000", "interestAndDebtExpense": "None", "netIncomeFromContinuingOperations": "25732000", "comprehensiveIncomeNetOfTax": "None", "ebit": "50814000", "ebitda": "52538000", "netIncome": "32392000"}, {"fiscalDateEnding": "2011-09-30", "reportedCurrency": "USD", "grossProfit": "136087000", "totalRevenue": "708469000", "costOfRevenue": "572382000", "costofGoodsAndServicesSold": "572382000", "operatingIncome": "69418000", "sellingGeneralAndAdministrative": "68258000", "researchAndDevelopment": "0", "operatingExpenses": "68258000", "investmentIncomeNet": "None", "netInterestIncome": "None", "interestIncome": "None", "interestExpense": "476000", "nonInterestIncome": "None", "otherNonOperatingIncome": "None", "depreciation": "None", "depreciationAndAmortization": "1712000", "incomeBeforeTax": "68942000", "incomeTaxExpense": "25533000", "interestAndDebtExpense": "None", "netIncomeFromContinuingOperations": "38969000", "comprehensiveIncomeNetOfTax": "None", "ebit": "67706000", "ebitda": "69418000", "netIncome": "43409000"}, {"fiscalDateEnding": "2011-06-30", "reportedCurrency": "USD", "grossProfit": "138763000", "totalRevenue": "697364000", "costOfRevenue": "558601000", "costofGoodsAndServicesSold": "558601000", "operatingIncome": "63905000", "sellingGeneralAndAdministrative": "75943000", "researchAndDevelopment": "0", "operatingExpenses": "75943000", "investmentIncomeNet": "None", "netInterestIncome": "None", "interestIncome": "None", "interestExpense": "551000", "nonInterestIncome": "None", "otherNonOperatingIncome": "None", "depreciation": "None", "depreciationAndAmortization": "1638000", "incomeBeforeTax": "63354000", "incomeTaxExpense": "24909000", "interestAndDebtExpense": "None", "netIncomeFromContinuingOperations": "31919000", "comprehensiveIncomeNetOfTax": "None", "ebit": "62267000", "ebitda": "63905000", "netIncome": "38445000"}, {"fiscalDateEnding": "2011-03-31", "reportedCurrency": "USD", "grossProfit": "99196000", "totalRevenue": "517116000", "costOfRevenue": "417920000", "costofGoodsAndServicesSold": "417920000", "operatingIncome": "25331000", "sellingGeneralAndAdministrative": "73865000", "researchAndDevelopment": "0", "operatingExpenses": "73865000", "investmentIncomeNet": "None", "netInterestIncome": "None", "interestIncome": "None", "interestExpense": "496000", "nonInterestIncome": "None", "otherNonOperatingIncome": "None", "depreciation": "None", "depreciationAndAmortization": "1598000", "incomeBeforeTax": "24835000", "incomeTaxExpense": "9661000", "interestAndDebtExpense": "None", "netIncomeFromContinuingOperations": "8937000", "comprehensiveIncomeNetOfTax": "None", "ebit": "23733000", "ebitda": "25331000", "netIncome": "15174000"}, {"fiscalDateEnding": "2010-12-31", "reportedCurrency": "USD", "grossProfit": "157764000", "totalRevenue": "812729000", "costOfRevenue": "654965000", "costofGoodsAndServicesSold": "654965000", "operatingIncome": "87136000", "sellingGeneralAndAdministrative": "72236000", "researchAndDevelopment": "0", "operatingExpenses": "72236000", "investmentIncomeNet": "None", "netInterestIncome": "None", "interestIncome": "None", "interestExpense": "623000", "nonInterestIncome": "None", "otherNonOperatingIncome": "None", "depreciation": "None", "depreciationAndAmortization": "1715000", "incomeBeforeTax": "86513000", "incomeTaxExpense": "27815000", "interestAndDebtExpense": "None", "netIncomeFromContinuingOperations": "0", "comprehensiveIncomeNetOfTax": "None", "ebit": "87136000", "ebitda": "88851000", "netIncome": "58698000"}, {"fiscalDateEnding": "2010-09-30", "reportedCurrency": "USD", "grossProfit": "140405000", "totalRevenue": "681188000", "costOfRevenue": "540783000", "costofGoodsAndServicesSold": "540783000", "operatingIncome": "65668000", "sellingGeneralAndAdministrative": "74737000", "researchAndDevelopment": "0", "operatingExpenses": "74737000", "investmentIncomeNet": "None", "netInterestIncome": "None", "interestIncome": "None", "interestExpense": "778000", "nonInterestIncome": "None", "otherNonOperatingIncome": "None", "depreciation": "None", "depreciationAndAmortization": "1820000", "incomeBeforeTax": "64890000", "incomeTaxExpense": "20946000", "interestAndDebtExpense": "None", "netIncomeFromContinuingOperations": "43944000", "comprehensiveIncomeNetOfTax": "None", "ebit": "63848000", "ebitda": "65668000", "netIncome": "43944000"}, {"fiscalDateEnding": "2010-06-30", "reportedCurrency": "USD", "grossProfit": "195372000", "totalRevenue": "966847000", "costOfRevenue": "771475000", "costofGoodsAndServicesSold": "771475000", "operatingIncome": "119751000", "sellingGeneralAndAdministrative": "76412000", "researchAndDevelopment": "0", "operatingExpenses": "76412000", "investmentIncomeNet": "None", "netInterestIncome": "None", "interestIncome": "None", "interestExpense": "2193000", "nonInterestIncome": "None", "otherNonOperatingIncome": "None", "depreciation": "None", "depreciationAndAmortization": "1847000", "incomeBeforeTax": "118259000", "incomeTaxExpense": "46983000", "interestAndDebtExpense": "None", "netIncomeFromContinuingOperations": "71276000", "comprehensiveIncomeNetOfTax": "None", "ebit": "118605000", "ebitda": "120452000", "netIncome": "71276000"}, {"fiscalDateEnding": "2010-03-31", "reportedCurrency": "USD", "grossProfit": "121680000", "totalRevenue": "592749000", "costOfRevenue": "471069000", "costofGoodsAndServicesSold": "471069000", "operatingIncome": "53487000", "sellingGeneralAndAdministrative": "67270000", "researchAndDevelopment": "0", "operatingExpenses": "67270000", "investmentIncomeNet": "None", "netInterestIncome": "None", "interestIncome": "None", "interestExpense": "2435000", "nonInterestIncome": "None", "otherNonOperatingIncome": "None", "depreciation": "None", "depreciationAndAmortization": "1881000", "incomeBeforeTax": "52731000", "incomeTaxExpense": "20644000", "interestAndDebtExpense": "None", "netIncomeFromContinuingOperations": "0", "comprehensiveIncomeNetOfTax": "None", "ebit": "53285000", "ebitda": "55166000", "netIncome": "32087000"}, {"fiscalDateEnding": "2009-12-31", "reportedCurrency": "USD", "grossProfit": "153581000", "totalRevenue": "745802000", "costOfRevenue": "592221000", "costofGoodsAndServicesSold": "592221000", "operatingIncome": "86948000", "sellingGeneralAndAdministrative": "69887000", "researchAndDevelopment": "0", "operatingExpenses": "69887000", "investmentIncomeNet": "None", "netInterestIncome": "None", "interestIncome": "None", "interestExpense": "2421000", "nonInterestIncome": "None", "otherNonOperatingIncome": "None", "depreciation": "None", "depreciationAndAmortization": "2017000", "incomeBeforeTax": "84527000", "incomeTaxExpense": "23888000", "interestAndDebtExpense": "None", "netIncomeFromContinuingOperations": "0", "comprehensiveIncomeNetOfTax": "None", "ebit": "86948000", "ebitda": "88965000", "netIncome": "60639000"}, {"fiscalDateEnding": "2009-09-30", "reportedCurrency": "USD", "grossProfit": "155868000", "totalRevenue": "792510000", "costOfRevenue": "636642000", "costofGoodsAndServicesSold": "636642000", "operatingIncome": "101428000", "sellingGeneralAndAdministrative": "64148000", "researchAndDevelopment": "0", "operatingExpenses": "64148000", "investmentIncomeNet": "None", "netInterestIncome": "None", "interestIncome": "None", "interestExpense": "3110000", "nonInterestIncome": "None", "otherNonOperatingIncome": "None", "depreciation": "None", "depreciationAndAmortization": "2719000", "incomeBeforeTax": "113440000", "incomeTaxExpense": "41313000", "interestAndDebtExpense": "None", "netIncomeFromContinuingOperations": "0", "comprehensiveIncomeNetOfTax": "None", "ebit": "116550000", "ebitda": "119269000", "netIncome": "72127000"}, {"fiscalDateEnding": "2009-06-30", "reportedCurrency": "USD", "grossProfit": "118248000", "totalRevenue": "612488000", "costOfRevenue": "494240000", "costofGoodsAndServicesSold": "494240000", "operatingIncome": "135163000", "sellingGeneralAndAdministrative": "61139000", "researchAndDevelopment": "0", "operatingExpenses": "61139000", "investmentIncomeNet": "None", "netInterestIncome": "None", "interestIncome": "None", "interestExpense": "2738000", "nonInterestIncome": "None", "otherNonOperatingIncome": "None", "depreciation": "None", "depreciationAndAmortization": "2396000", "incomeBeforeTax": "69829000", "incomeTaxExpense": "28403000", "interestAndDebtExpense": "None", "netIncomeFromContinuingOperations": "0", "comprehensiveIncomeNetOfTax": "None", "ebit": "72567000", "ebitda": "74963000", "netIncome": "41426000"}, {"fiscalDateEnding": "2009-03-31", "reportedCurrency": "USD", "grossProfit": "99181000", "totalRevenue": "561811000", "costOfRevenue": "462630000", "costofGoodsAndServicesSold": "462630000", "operatingIncome": "33729000", "sellingGeneralAndAdministrative": "65452000", "researchAndDevelopment": "0", "operatingExpenses": "65452000", "investmentIncomeNet": "None", "netInterestIncome": "None", "interestIncome": "None", "interestExpense": "3111000", "nonInterestIncome": "None", "otherNonOperatingIncome": "None", "depreciation": "None", "depreciationAndAmortization": "2581000", "incomeBeforeTax": "30618000", "incomeTaxExpense": "12630000", "interestAndDebtExpense": "None", "netIncomeFromContinuingOperations": "0", "comprehensiveIncomeNetOfTax": "None", "ebit": "33729000", "ebitda": "36310000", "netIncome": "17988000"}, {"fiscalDateEnding": "2008-12-31", "reportedCurrency": "USD", "grossProfit": "34395000", "totalRevenue": "910174000", "costOfRevenue": "875779000", "costofGoodsAndServicesSold": "875779000", "operatingIncome": "-31867000", "sellingGeneralAndAdministrative": "75662000", "researchAndDevelopment": "0", "operatingExpenses": "75662000", "investmentIncomeNet": "None", "netInterestIncome": "None", "interestIncome": "None", "interestExpense": "3633000", "nonInterestIncome": "None", "otherNonOperatingIncome": "None", "depreciation": "None", "depreciationAndAmortization": "2929000", "incomeBeforeTax": "-52744000", "incomeTaxExpense": "-22287000", "interestAndDebtExpense": "None", "netIncomeFromContinuingOperations": "0", "comprehensiveIncomeNetOfTax": "None", "ebit": "-31867000", "ebitda": "-28938000", "netIncome": "-30457000"}, {"fiscalDateEnding": "2008-09-30", "reportedCurrency": "USD", "grossProfit": "133280000", "totalRevenue": "939211000", "costOfRevenue": "805931000", "costofGoodsAndServicesSold": "805931000", "operatingIncome": "58723000", "sellingGeneralAndAdministrative": "74557000", "researchAndDevelopment": "0", "operatingExpenses": "74557000", "investmentIncomeNet": "None", "netInterestIncome": "None", "interestIncome": "None", "interestExpense": "3489000", "nonInterestIncome": "None", "otherNonOperatingIncome": "None", "depreciation": "None", "depreciationAndAmortization": "3249000", "incomeBeforeTax": "60607000", "incomeTaxExpense": "24056000", "interestAndDebtExpense": "None", "netIncomeFromContinuingOperations": "0", "comprehensiveIncomeNetOfTax": "None", "ebit": "64096000", "ebitda": "67345000", "netIncome": "36551000"}, {"fiscalDateEnding": "2008-06-30", "reportedCurrency": "USD", "grossProfit": "183354000", "totalRevenue": "955723000", "costOfRevenue": "772369000", "costofGoodsAndServicesSold": "772369000", "operatingIncome": "82494000", "sellingGeneralAndAdministrative": "98279000", "researchAndDevelopment": "0", "operatingExpenses": "100860000", "investmentIncomeNet": "None", "netInterestIncome": "None", "interestIncome": "None", "interestExpense": "3412000", "nonInterestIncome": "None", "otherNonOperatingIncome": "None", "depreciation": "None", "depreciationAndAmortization": "3626000", "incomeBeforeTax": "86417000", "incomeTaxExpense": "35085000", "interestAndDebtExpense": "None", "netIncomeFromContinuingOperations": "0", "comprehensiveIncomeNetOfTax": "None", "ebit": "78609000", "ebitda": "82235000", "netIncome": "51332000"}, {"fiscalDateEnding": "2008-03-31", "reportedCurrency": "USD", "grossProfit": "161000000", "totalRevenue": "887931000", "costOfRevenue": "726931000", "costofGoodsAndServicesSold": "726931000", "operatingIncome": "65171000", "sellingGeneralAndAdministrative": "91820000", "researchAndDevelopment": "0", "operatingExpenses": "95829000", "investmentIncomeNet": "None", "netInterestIncome": "None", "interestIncome": "None", "interestExpense": "3373000", "nonInterestIncome": "None", "otherNonOperatingIncome": "None", "depreciation": "None", "depreciationAndAmortization": "3837000", "incomeBeforeTax": "73175000", "incomeTaxExpense": "29709000", "interestAndDebtExpense": "None", "netIncomeFromContinuingOperations": "0", "comprehensiveIncomeNetOfTax": "None", "ebit": "76548000", "ebitda": "80385000", "netIncome": "43466000"}, {"fiscalDateEnding": "2007-12-31", "reportedCurrency": "USD", "grossProfit": "203084000", "totalRevenue": "1427397000", "costOfRevenue": "1224313000", "costofGoodsAndServicesSold": "1224313000", "operatingIncome": "77315000", "sellingGeneralAndAdministrative": "98237000", "researchAndDevelopment": "0", "operatingExpenses": "125769000", "investmentIncomeNet": "None", "netInterestIncome": "None", "interestIncome": "None", "interestExpense": "3323000", "nonInterestIncome": "None", "otherNonOperatingIncome": "None", "depreciation": "None", "depreciationAndAmortization": "4140000", "incomeBeforeTax": "107982000", "incomeTaxExpense": "40708000", "interestAndDebtExpense": "None", "netIncomeFromContinuingOperations": "0", "comprehensiveIncomeNetOfTax": "None", "ebit": "77315000", "ebitda": "81455000", "netIncome": "67274000"}, {"fiscalDateEnding": "2007-09-30", "reportedCurrency": "USD", "grossProfit": "204689000", "totalRevenue": "1292088000", "costOfRevenue": "1087399000", "costofGoodsAndServicesSold": "1087399000", "operatingIncome": "143782000", "sellingGeneralAndAdministrative": "60907000", "researchAndDevelopment": "0", "operatingExpenses": "60907000", "investmentIncomeNet": "None", "netInterestIncome": "None", "interestIncome": "None", "interestExpense": "3375000", "nonInterestIncome": "None", "otherNonOperatingIncome": "None", "depreciation": "None", "depreciationAndAmortization": "4264000", "incomeBeforeTax": "145814000", "incomeTaxExpense": "54701000", "interestAndDebtExpense": "None", "netIncomeFromContinuingOperations": "0", "comprehensiveIncomeNetOfTax": "None", "ebit": "143782000", "ebitda": "148046000", "netIncome": "91113000"}, {"fiscalDateEnding": "2007-06-30", "reportedCurrency": "USD", "grossProfit": "254731000", "totalRevenue": "1316668000", "costOfRevenue": "1061937000", "costofGoodsAndServicesSold": "1061937000", "operatingIncome": "144579000", "sellingGeneralAndAdministrative": "110152000", "researchAndDevelopment": "0", "operatingExpenses": "110152000", "investmentIncomeNet": "None", "netInterestIncome": "None", "interestIncome": "None", "interestExpense": "3298000", "nonInterestIncome": "None", "otherNonOperatingIncome": "None", "depreciation": "None", "depreciationAndAmortization": "4295000", "incomeBeforeTax": "147677000", "incomeTaxExpense": "56930000", "interestAndDebtExpense": "None", "netIncomeFromContinuingOperations": "0", "comprehensiveIncomeNetOfTax": "None", "ebit": "144579000", "ebitda": "148874000", "netIncome": "90747000"}, {"fiscalDateEnding": "2007-03-31", "reportedCurrency": "USD", "grossProfit": "239779000", "totalRevenue": "1093189000", "costOfRevenue": "853410000", "costofGoodsAndServicesSold": "853410000", "operatingIncome": "133050000", "sellingGeneralAndAdministrative": "106729000", "researchAndDevelopment": "0", "operatingExpenses": "106729000", "investmentIncomeNet": "None", "netInterestIncome": "None", "interestIncome": "None", "interestExpense": "3322000", "nonInterestIncome": "None", "otherNonOperatingIncome": "None", "depreciation": "None", "depreciationAndAmortization": "4337000", "incomeBeforeTax": "138032000", "incomeTaxExpense": "53211000", "interestAndDebtExpense": "None", "netIncomeFromContinuingOperations": "0", "comprehensiveIncomeNetOfTax": "None", "ebit": "133050000", "ebitda": "137387000", "netIncome": "84821000"}, {"fiscalDateEnding": "2006-12-31", "reportedCurrency": "USD", "grossProfit": "329758000", "totalRevenue": "1627130000", "costOfRevenue": "1297372000", "costofGoodsAndServicesSold": "1297372000", "operatingIncome": "170158000", "sellingGeneralAndAdministrative": "114309000", "researchAndDevelopment": "0", "operatingExpenses": "159600000", "investmentIncomeNet": "None", "netInterestIncome": "None", "interestIncome": "None", "interestExpense": "3836000", "nonInterestIncome": "None", "otherNonOperatingIncome": "None", "depreciation": "None", "depreciationAndAmortization": "4069000", "incomeBeforeTax": "219759000", "incomeTaxExpense": "84592000", "interestAndDebtExpense": "None", "netIncomeFromContinuingOperations": "0", "comprehensiveIncomeNetOfTax": "None", "ebit": "170158000", "ebitda": "174227000", "netIncome": "135167000"}, {"fiscalDateEnding": "2006-09-30", "reportedCurrency": "USD", "grossProfit": "314740000", "totalRevenue": "1553411000", "costOfRevenue": "1238671000", "costofGoodsAndServicesSold": "1238671000", "operatingIncome": "210319000", "sellingGeneralAndAdministrative": "104421000", "researchAndDevelopment": "0", "operatingExpenses": "104421000", "investmentIncomeNet": "None", "netInterestIncome": "None", "interestIncome": "None", "interestExpense": "3141000", "nonInterestIncome": "None", "otherNonOperatingIncome": "None", "depreciation": "None", "depreciationAndAmortization": "3767000", "incomeBeforeTax": "212107000", "incomeTaxExpense": "82774000", "interestAndDebtExpense": "None", "netIncomeFromContinuingOperations": "0", "comprehensiveIncomeNetOfTax": "None", "ebit": "210319000", "ebitda": "214086000", "netIncome": "129333000"}, {"fiscalDateEnding": "2006-06-30", "reportedCurrency": "USD", "grossProfit": "444745000", "totalRevenue": "1748928000", "costOfRevenue": "1304183000", "costofGoodsAndServicesSold": "1304183000", "operatingIncome": "315342000", "sellingGeneralAndAdministrative": "129403000", "researchAndDevelopment": "0", "operatingExpenses": "129403000", "investmentIncomeNet": "None", "netInterestIncome": "None", "interestIncome": "None", "interestExpense": "6105000", "nonInterestIncome": "None", "otherNonOperatingIncome": "None", "depreciation": "None", "depreciationAndAmortization": "3311000", "incomeBeforeTax": "313078000", "incomeTaxExpense": "122726000", "interestAndDebtExpense": "None", "netIncomeFromContinuingOperations": "0", "comprehensiveIncomeNetOfTax": "None", "ebit": "315342000", "ebitda": "318653000", "netIncome": "190352000"}, {"fiscalDateEnding": "2006-03-31", "reportedCurrency": "USD", "grossProfit": "343616000", "totalRevenue": "1204655000", "costOfRevenue": "861039000", "costofGoodsAndServicesSold": "861039000", "operatingIncome": "220442000", "sellingGeneralAndAdministrative": "123174000", "researchAndDevelopment": "0", "operatingExpenses": "123174000", "investmentIncomeNet": "None", "netInterestIncome": "None", "interestIncome": "None", "interestExpense": "5527000", "nonInterestIncome": "None", "otherNonOperatingIncome": "None", "depreciation": "None", "depreciationAndAmortization": "3011000", "incomeBeforeTax": "218027000", "incomeTaxExpense": "85467000", "interestAndDebtExpense": "None", "netIncomeFromContinuingOperations": "0", "comprehensiveIncomeNetOfTax": "None", "ebit": "220442000", "ebitda": "223453000", "netIncome": "132560000"}, {"fiscalDateEnding": "2005-12-31", "reportedCurrency": "USD", "grossProfit": "481737000", "totalRevenue": "1662499000", "costOfRevenue": "1180762000", "costofGoodsAndServicesSold": "1180762000", "operatingIncome": "349911000", "sellingGeneralAndAdministrative": "111318000", "researchAndDevelopment": "0", "operatingExpenses": "131826000", "investmentIncomeNet": "None", "netInterestIncome": "None", "interestIncome": "None", "interestExpense": "6003000", "nonInterestIncome": "None", "otherNonOperatingIncome": "None", "depreciation": "None", "depreciationAndAmortization": "3272000", "incomeBeforeTax": "364416000", "incomeTaxExpense": "141879000", "interestAndDebtExpense": "None", "netIncomeFromContinuingOperations": "0", "comprehensiveIncomeNetOfTax": "None", "ebit": "349911000", "ebitda": "353183000", "netIncome": "222537000"}, {"fiscalDateEnding": "2005-09-30", "reportedCurrency": "USD", "grossProfit": "405736000", "totalRevenue": "1376173000", "costOfRevenue": "970437000", "costofGoodsAndServicesSold": "970437000", "operatingIncome": "294626000", "sellingGeneralAndAdministrative": "94583000", "researchAndDevelopment": "0", "operatingExpenses": "111110000", "investmentIncomeNet": "None", "netInterestIncome": "None", "interestIncome": "None", "interestExpense": "2905000", "nonInterestIncome": "None", "otherNonOperatingIncome": "None", "depreciation": "None", "depreciationAndAmortization": "2621000", "incomeBeforeTax": "307971000", "incomeTaxExpense": "118528000", "interestAndDebtExpense": "None", "netIncomeFromContinuingOperations": "0", "comprehensiveIncomeNetOfTax": "None", "ebit": "294626000", "ebitda": "297247000", "netIncome": "189443000"}, {"fiscalDateEnding": "2005-06-30", "reportedCurrency": "USD", "grossProfit": "372519000", "totalRevenue": "1279803000", "costOfRevenue": "907284000", "costofGoodsAndServicesSold": "907284000", "operatingIncome": "266603000", "sellingGeneralAndAdministrative": "92128000", "researchAndDevelopment": "0", "operatingExpenses": "105916000", "investmentIncomeNet": "None", "netInterestIncome": "None", "interestIncome": "None", "interestExpense": "3006000", "nonInterestIncome": "None", "otherNonOperatingIncome": "None", "depreciation": "None", "depreciationAndAmortization": "2391000", "incomeBeforeTax": "277107000", "incomeTaxExpense": "109458000", "interestAndDebtExpense": "None", "netIncomeFromContinuingOperations": "0", "comprehensiveIncomeNetOfTax": "None", "ebit": "266603000", "ebitda": "268994000", "netIncome": "167649000"}, {"fiscalDateEnding": "2005-03-31", "reportedCurrency": "USD", "grossProfit": "262895000", "totalRevenue": "942442000", "costOfRevenue": "679547000", "costofGoodsAndServicesSold": "679547000", "operatingIncome": "189349000", "sellingGeneralAndAdministrative": "79051000", "researchAndDevelopment": "0", "operatingExpenses": "73546000", "investmentIncomeNet": "None", "netInterestIncome": "None", "interestIncome": "None", "interestExpense": "2924000", "nonInterestIncome": "None", "otherNonOperatingIncome": "None", "depreciation": "None", "depreciationAndAmortization": "2406000", "incomeBeforeTax": "194925000", "incomeTaxExpense": "76995000", "interestAndDebtExpense": "None", "netIncomeFromContinuingOperations": "0", "comprehensiveIncomeNetOfTax": "None", "ebit": "194834000", "ebitda": "197240000", "netIncome": "117930000"}, {"fiscalDateEnding": "2004-12-31", "reportedCurrency": "USD", "grossProfit": "329267000", "totalRevenue": "1258369000", "costOfRevenue": "929102000", "costofGoodsAndServicesSold": "929102000", "operatingIncome": "274814000", "sellingGeneralAndAdministrative": "80046000", "researchAndDevelopment": "0", "operatingExpenses": "54453000", "investmentIncomeNet": "None", "netInterestIncome": "None", "interestIncome": "None", "interestExpense": "11934000", "nonInterestIncome": "None", "otherNonOperatingIncome": "None", "depreciation": "None", "depreciationAndAmortization": "2382000", "incomeBeforeTax": "264895000", "incomeTaxExpense": "105957000", "interestAndDebtExpense": "None", "netIncomeFromContinuingOperations": "0", "comprehensiveIncomeNetOfTax": "None", "ebit": "274814000", "ebitda": "277196000", "netIncome": "158938000"}]}