{"symbol": "EQR", "annualReports": [{"fiscalDateEnding": "2024-12-31", "reportedCurrency": "USD", "grossProfit": "2548019000", "totalRevenue": "2980108000", "costOfRevenue": "432089000", "costofGoodsAndServicesSold": "432089000", "operatingIncome": "2486366000", "sellingGeneralAndAdministrative": "61653000", "researchAndDevelopment": "None", "operatingExpenses": "61653000", "investmentIncomeNet": "None", "netInterestIncome": "-263240000", "interestIncome": "30329000", "interestExpense": "285735000", "nonInterestIncome": "None", "otherNonOperatingIncome": "None", "depreciation": "None", "depreciationAndAmortization": "966739000", "incomeBeforeTax": "1081205000", "incomeTaxExpense": "1256000", "interestAndDebtExpense": "None", "netIncomeFromContinuingOperations": "1070975000", "comprehensiveIncomeNetOfTax": "None", "ebit": "1366940000", "ebitda": "2333679000", "netIncome": "1035831000"}, {"fiscalDateEnding": "2023-12-31", "reportedCurrency": "USD", "grossProfit": "2179311000", "totalRevenue": "2873964000", "costOfRevenue": "694653000", "costofGoodsAndServicesSold": "694653000", "operatingIncome": "1160585000", "sellingGeneralAndAdministrative": "60716000", "researchAndDevelopment": "0.31", "operatingExpenses": "60716000", "investmentIncomeNet": "None", "netInterestIncome": "-267395000", "interestIncome": "8645000", "interestExpense": "266709000", "nonInterestIncome": "None", "otherNonOperatingIncome": "None", "depreciation": "None", "depreciationAndAmortization": "901504000", "incomeBeforeTax": "875014000", "incomeTaxExpense": "39576000", "interestAndDebtExpense": "None", "netIncomeFromContinuingOperations": "1066197000", "comprehensiveIncomeNetOfTax": "None", "ebit": "1160585000", "ebitda": "1160585000", "netIncome": "835438000"}, {"fiscalDateEnding": "2022-12-31", "reportedCurrency": "USD", "grossProfit": "1752599000", "totalRevenue": "2735180000", "costOfRevenue": "982581000", "costofGoodsAndServicesSold": "982581000", "operatingIncome": "791521000", "sellingGeneralAndAdministrative": "58710000", "researchAndDevelopment": "0.30", "operatingExpenses": "940878000", "investmentIncomeNet": "None", "netInterestIncome": "-289456000", "interestIncome": "289456000", "interestExpense": "282920000", "nonInterestIncome": "None", "otherNonOperatingIncome": "-16502000", "depreciation": "None", "depreciationAndAmortization": "1896889000", "incomeBeforeTax": "812926000", "incomeTaxExpense": "900000", "interestAndDebtExpense": "None", "netIncomeFromContinuingOperations": "806995000", "comprehensiveIncomeNetOfTax": "None", "ebit": "-190843000", "ebitda": "1706046000", "netIncome": "776911000"}, {"fiscalDateEnding": "2021-12-31", "reportedCurrency": "USD", "grossProfit": "1515205000", "totalRevenue": "2463997000", "costOfRevenue": "948792000", "costofGoodsAndServicesSold": "948792000", "operatingIncome": "618081000", "sellingGeneralAndAdministrative": "56506000", "researchAndDevelopment": "0.58", "operatingExpenses": "894778000", "investmentIncomeNet": "None", "netInterestIncome": "-255544000", "interestIncome": "25666000", "interestExpense": "272473000", "nonInterestIncome": "None", "otherNonOperatingIncome": "2993000", "depreciation": "None", "depreciationAndAmortization": "1812085000", "incomeBeforeTax": "1401022000", "incomeTaxExpense": "915000", "interestAndDebtExpense": "None", "netIncomeFromContinuingOperations": "1396709000", "comprehensiveIncomeNetOfTax": "None", "ebit": "712794000", "ebitda": "2524879000", "netIncome": "1332850000"}, {"fiscalDateEnding": "2020-12-31", "reportedCurrency": "USD", "grossProfit": "1655320000", "totalRevenue": "2571705000", "costOfRevenue": "916385000", "costofGoodsAndServicesSold": "916385000", "operatingIncome": "765669000", "sellingGeneralAndAdministrative": "48305000", "researchAndDevelopment": "0.37", "operatingExpenses": "869137000", "investmentIncomeNet": "None", "netInterestIncome": "-368077000", "interestIncome": "5935000", "interestExpense": "365073000", "nonInterestIncome": "None", "otherNonOperatingIncome": "-14859000", "depreciation": "None", "depreciationAndAmortization": "1743017000", "incomeBeforeTax": "932403000", "incomeTaxExpense": "852000", "interestAndDebtExpense": "None", "netIncomeFromContinuingOperations": "931551000", "comprehensiveIncomeNetOfTax": "None", "ebit": "386902000", "ebitda": "2129919000", "netIncome": "913636000"}, {"fiscalDateEnding": "2019-12-31", "reportedCurrency": "USD", "grossProfit": "1792747000", "totalRevenue": "2701075000", "costOfRevenue": "908328000", "costofGoodsAndServicesSold": "908328000", "operatingIncome": "881877000", "sellingGeneralAndAdministrative": "52757000", "researchAndDevelopment": "0.35", "operatingExpenses": "883840000", "investmentIncomeNet": "None", "netInterestIncome": "-398929000", "interestIncome": "2817000", "interestExpense": "390076000", "nonInterestIncome": "None", "otherNonOperatingIncome": "50585000", "depreciation": "None", "depreciationAndAmortization": "1780101000", "incomeBeforeTax": "939438000", "incomeTaxExpense": "-2281000", "interestAndDebtExpense": "None", "netIncomeFromContinuingOperations": "941719000", "comprehensiveIncomeNetOfTax": "None", "ebit": "-67141000", "ebitda": "1712960000", "netIncome": "970377000"}, {"fiscalDateEnding": "2018-12-31", "reportedCurrency": "USD", "grossProfit": "1698800000", "totalRevenue": "2578434000", "costOfRevenue": "879634000", "costofGoodsAndServicesSold": "879634000", "operatingIncome": "858560000", "sellingGeneralAndAdministrative": "53813000", "researchAndDevelopment": "0.17", "operatingExpenses": "839538000", "investmentIncomeNet": "None", "netInterestIncome": "-409353000", "interestIncome": "15317000", "interestExpense": "413360000", "nonInterestIncome": "None", "otherNonOperatingIncome": "239883000", "depreciation": "None", "depreciationAndAmortization": "1723564000", "incomeBeforeTax": "688750000", "incomeTaxExpense": "878000", "interestAndDebtExpense": "None", "netIncomeFromContinuingOperations": "685192000", "comprehensiveIncomeNetOfTax": "None", "ebit": "-74938000", "ebitda": "1648626000", "netIncome": "657535000"}, {"fiscalDateEnding": "2017-12-31", "reportedCurrency": "USD", "grossProfit": "1645137000", "totalRevenue": "2471406000", "costOfRevenue": "826269000", "costofGoodsAndServicesSold": "826269000", "operatingIncome": "847471000", "sellingGeneralAndAdministrative": "52224000", "researchAndDevelopment": "0.19", "operatingExpenses": "795973000", "investmentIncomeNet": "None", "netInterestIncome": "-386280000", "interestIncome": "6136000", "interestExpense": "383890000", "nonInterestIncome": "None", "otherNonOperatingIncome": "146111000", "depreciation": "None", "depreciationAndAmortization": "1626070000", "incomeBeforeTax": "613062000", "incomeTaxExpense": "478000", "interestAndDebtExpense": "None", "netIncomeFromContinuingOperations": "628381000", "comprehensiveIncomeNetOfTax": "None", "ebit": "-29329000", "ebitda": "1596741000", "netIncome": "603454000"}, {"fiscalDateEnding": "2016-12-31", "reportedCurrency": "USD", "grossProfit": "1619575000", "totalRevenue": "2425800000", "costOfRevenue": "806225000", "costofGoodsAndServicesSold": "806225000", "operatingIncome": "856086000", "sellingGeneralAndAdministrative": "57840000", "researchAndDevelopment": "0.17", "operatingExpenses": "763489000", "investmentIncomeNet": "None", "netInterestIncome": "-429106000", "interestIncome": "65773000", "interestExpense": "482246000", "nonInterestIncome": "None", "otherNonOperatingIncome": "4091628000", "depreciation": "None", "depreciationAndAmortization": "1573140000", "incomeBeforeTax": "4460667000", "incomeTaxExpense": "1613000", "interestAndDebtExpense": "None", "netIncomeFromContinuingOperations": "4479586000", "comprehensiveIncomeNetOfTax": "None", "ebit": "-7979000", "ebitda": "1565161000", "netIncome": "4292163000"}, {"fiscalDateEnding": "2015-12-31", "reportedCurrency": "USD", "grossProfit": "1839797000", "totalRevenue": "2744965000", "costOfRevenue": "905168000", "costofGoodsAndServicesSold": "905168000", "operatingIncome": "1008820000", "sellingGeneralAndAdministrative": "65082000", "researchAndDevelopment": "0", "operatingExpenses": "830977000", "investmentIncomeNet": "None", "netInterestIncome": "None", "interestIncome": "447916000", "interestExpense": "444069000", "nonInterestIncome": "None", "otherNonOperatingIncome": "7372000", "depreciation": "None", "depreciationAndAmortization": "765895000", "incomeBeforeTax": "893514000", "incomeTaxExpense": "917000", "interestAndDebtExpense": "None", "netIncomeFromContinuingOperations": "907621000", "comprehensiveIncomeNetOfTax": "None", "ebit": "1012620000", "ebitda": "1778515000", "netIncome": "870120000"}, {"fiscalDateEnding": "2014-12-31", "reportedCurrency": "USD", "grossProfit": "1731184000", "totalRevenue": "2614748000", "costOfRevenue": "883564000", "costofGoodsAndServicesSold": "883564000", "operatingIncome": "921375000", "sellingGeneralAndAdministrative": "50948000", "researchAndDevelopment": "0", "operatingExpenses": "809809000", "investmentIncomeNet": "None", "netInterestIncome": "None", "interestIncome": "None", "interestExpense": "457191000", "nonInterestIncome": "None", "otherNonOperatingIncome": "-7952000", "depreciation": "None", "depreciationAndAmortization": "758861000", "incomeBeforeTax": "661170000", "incomeTaxExpense": "1394000", "interestAndDebtExpense": "None", "netIncomeFromContinuingOperations": "657101000", "comprehensiveIncomeNetOfTax": "None", "ebit": "924866000", "ebitda": "1683727000", "netIncome": "631308000"}, {"fiscalDateEnding": "2013-12-31", "reportedCurrency": "USD", "grossProfit": "1553440000", "totalRevenue": "2387702000", "costOfRevenue": "834262000", "costofGoodsAndServicesSold": "834262000", "operatingIncome": "512288000", "sellingGeneralAndAdministrative": "62179000", "researchAndDevelopment": "0", "operatingExpenses": "1041152000", "investmentIncomeNet": "None", "netInterestIncome": "None", "interestIncome": "None", "interestExpense": "586854000", "nonInterestIncome": "None", "otherNonOperatingIncome": "-30798000", "depreciation": "None", "depreciationAndAmortization": "978973000", "incomeBeforeTax": "-175073000", "incomeTaxExpense": "1169000", "interestAndDebtExpense": "None", "netIncomeFromContinuingOperations": "-168174000", "comprehensiveIncomeNetOfTax": "None", "ebit": "431638000", "ebitda": "1410611000", "netIncome": "1830613000"}, {"fiscalDateEnding": "2012-12-31", "reportedCurrency": "USD", "grossProfit": "1379288000", "totalRevenue": "2123715000", "costOfRevenue": "744427000", "costofGoodsAndServicesSold": "744427000", "operatingIncome": "667958000", "sellingGeneralAndAdministrative": "47248000", "researchAndDevelopment": "0", "operatingExpenses": "711330000", "investmentIncomeNet": "None", "netInterestIncome": "None", "interestIncome": "None", "interestExpense": "457666000", "nonInterestIncome": "None", "otherNonOperatingIncome": "150547000", "depreciation": "None", "depreciationAndAmortization": "664082000", "incomeBeforeTax": "312108000", "incomeTaxExpense": "539000", "interestAndDebtExpense": "None", "netIncomeFromContinuingOperations": "311555000", "comprehensiveIncomeNetOfTax": "None", "ebit": "188922000", "ebitda": "853004000", "netIncome": "841719000"}, {"fiscalDateEnding": "2011-12-31", "reportedCurrency": "USD", "grossProfit": "1250881000", "totalRevenue": "1969269000", "costOfRevenue": "718388000", "costofGoodsAndServicesSold": "718388000", "operatingIncome": "564860000", "sellingGeneralAndAdministrative": "43606000", "researchAndDevelopment": "0", "operatingExpenses": "686021000", "investmentIncomeNet": "None", "netInterestIncome": "None", "interestIncome": "None", "interestExpense": "468320000", "nonInterestIncome": "None", "otherNonOperatingIncome": "-23586000", "depreciation": "None", "depreciationAndAmortization": "663616000", "incomeBeforeTax": "72954000", "incomeTaxExpense": "728000", "interestAndDebtExpense": "None", "netIncomeFromContinuingOperations": "83998000", "comprehensiveIncomeNetOfTax": "None", "ebit": "383720000", "ebitda": "1047336000", "netIncome": "893585000"}, {"fiscalDateEnding": "2010-12-31", "reportedCurrency": "USD", "grossProfit": "1166621000", "totalRevenue": "1966849000", "costOfRevenue": "800228000", "costofGoodsAndServicesSold": "800228000", "operatingIncome": "432663000", "sellingGeneralAndAdministrative": "39887000", "researchAndDevelopment": "0", "operatingExpenses": "688578000", "investmentIncomeNet": "None", "netInterestIncome": "None", "interestIncome": "None", "interestExpense": "480723000", "nonInterestIncome": "None", "otherNonOperatingIncome": "-17563000", "depreciation": "None", "depreciationAndAmortization": "673403000", "incomeBeforeTax": "-54675000", "incomeTaxExpense": "331000", "interestAndDebtExpense": "None", "netIncomeFromContinuingOperations": "-19844000", "comprehensiveIncomeNetOfTax": "None", "ebit": "360061000", "ebitda": "1033464000", "netIncome": "283610000"}, {"fiscalDateEnding": "2009-12-31", "reportedCurrency": "USD", "grossProfit": "1169307000", "totalRevenue": "1943711000", "costOfRevenue": "774404000", "costofGoodsAndServicesSold": "774404000", "operatingIncome": "529390000", "sellingGeneralAndAdministrative": "38994000", "researchAndDevelopment": "0", "operatingExpenses": "628793000", "investmentIncomeNet": "None", "netInterestIncome": "None", "interestIncome": "None", "interestExpense": "516622000", "nonInterestIncome": "None", "otherNonOperatingIncome": "None", "depreciation": "None", "depreciationAndAmortization": "600375000", "incomeBeforeTax": "22965000", "incomeTaxExpense": "2808000", "interestAndDebtExpense": "None", "netIncomeFromContinuingOperations": "None", "comprehensiveIncomeNetOfTax": "None", "ebit": "430413000", "ebitda": "1030788000", "netIncome": "362273000"}, {"fiscalDateEnding": "2008-12-31", "reportedCurrency": "USD", "grossProfit": "1483770000", "totalRevenue": "2103204000", "costOfRevenue": "619434000", "costofGoodsAndServicesSold": "619434000", "operatingIncome": "500112000", "sellingGeneralAndAdministrative": "44951000", "researchAndDevelopment": "None", "operatingExpenses": "1480989000", "investmentIncomeNet": "None", "netInterestIncome": "None", "interestIncome": "None", "interestExpense": "488802000", "nonInterestIncome": "None", "otherNonOperatingIncome": "None", "depreciation": "None", "depreciationAndAmortization": "591162000", "incomeBeforeTax": "44850000", "incomeTaxExpense": "5286000", "interestAndDebtExpense": "None", "netIncomeFromContinuingOperations": "None", "comprehensiveIncomeNetOfTax": "None", "ebit": "139625000", "ebitda": "730787000", "netIncome": "420092000"}, {"fiscalDateEnding": "2007-12-31", "reportedCurrency": "USD", "grossProfit": "1746152000", "totalRevenue": "1953438000", "costOfRevenue": "207286000", "costofGoodsAndServicesSold": "207286000", "operatingIncome": "539249000", "sellingGeneralAndAdministrative": "49289000", "researchAndDevelopment": "None", "operatingExpenses": "921248000", "investmentIncomeNet": "None", "netInterestIncome": "None", "interestIncome": "None", "interestExpense": "492941000", "nonInterestIncome": "None", "otherNonOperatingIncome": "None", "depreciation": "None", "depreciationAndAmortization": "623848000", "incomeBeforeTax": "989622000", "incomeTaxExpense": "-989622000", "interestAndDebtExpense": "None", "netIncomeFromContinuingOperations": "None", "comprehensiveIncomeNetOfTax": "None", "ebit": "559272000", "ebitda": "1183120000", "netIncome": "989622000"}, {"fiscalDateEnding": "2006-12-31", "reportedCurrency": "USD", "grossProfit": "1790854000", "totalRevenue": "1990436000", "costOfRevenue": "199582000", "costofGoodsAndServicesSold": "199582000", "operatingIncome": "513143000", "sellingGeneralAndAdministrative": "48465000", "researchAndDevelopment": "None", "operatingExpenses": "1443291000", "investmentIncomeNet": "None", "netInterestIncome": "None", "interestIncome": "None", "interestExpense": "1072844000", "nonInterestIncome": "None", "otherNonOperatingIncome": "None", "depreciation": "None", "depreciationAndAmortization": "593478000", "incomeBeforeTax": "1072844000", "incomeTaxExpense": "-1072844000", "interestAndDebtExpense": "None", "netIncomeFromContinuingOperations": "None", "comprehensiveIncomeNetOfTax": "None", "ebit": "578355000", "ebitda": "1171833000", "netIncome": "1072844000"}, {"fiscalDateEnding": "2005-12-31", "reportedCurrency": "USD", "grossProfit": "1730537000", "totalRevenue": "1954937000", "costOfRevenue": "224400000", "costofGoodsAndServicesSold": "224400000", "operatingIncome": "511944000", "sellingGeneralAndAdministrative": "71799000", "researchAndDevelopment": "None", "operatingExpenses": "1442993000", "investmentIncomeNet": "None", "netInterestIncome": "None", "interestIncome": "None", "interestExpense": "861793000", "nonInterestIncome": "None", "otherNonOperatingIncome": "None", "depreciation": "None", "depreciationAndAmortization": "528958000", "incomeBeforeTax": "861793000", "incomeTaxExpense": "-861793000", "interestAndDebtExpense": "None", "netIncomeFromContinuingOperations": "None", "comprehensiveIncomeNetOfTax": "None", "ebit": "-17014000", "ebitda": "511944000", "netIncome": "861793000"}], "quarterlyReports": [{"fiscalDateEnding": "2024-12-31", "reportedCurrency": "USD", "grossProfit": "489396000", "totalRevenue": "766779000", "costOfRevenue": "277383000", "costofGoodsAndServicesSold": "277383000", "operatingIncome": "476645000", "sellingGeneralAndAdministrative": "12751000", "researchAndDevelopment": "None", "operatingExpenses": "12751000", "investmentIncomeNet": "None", "netInterestIncome": "-78195000", "interestIncome": "3828000", "interestExpense": "79973000", "nonInterestIncome": "None", "otherNonOperatingIncome": "None", "depreciation": "None", "depreciationAndAmortization": "267378000", "incomeBeforeTax": "438311000", "incomeTaxExpense": "331000", "interestAndDebtExpense": "None", "netIncomeFromContinuingOperations": "433871000", "comprehensiveIncomeNetOfTax": "None", "ebit": "183065000", "ebitda": "450443000", "netIncome": "419115000"}, {"fiscalDateEnding": "2024-09-30", "reportedCurrency": "USD", "grossProfit": "475761000", "totalRevenue": "748348000", "costOfRevenue": "272587000", "costofGoodsAndServicesSold": "272587000", "operatingIncome": "223262000", "sellingGeneralAndAdministrative": "14551000", "researchAndDevelopment": "None", "operatingExpenses": "475761000", "investmentIncomeNet": "None", "netInterestIncome": "-58826000", "interestIncome": "15844000", "interestExpense": "72722000", "nonInterestIncome": "None", "otherNonOperatingIncome": "None", "depreciation": "None", "depreciationAndAmortization": "242798000", "incomeBeforeTax": "150300000", "incomeTaxExpense": "290000", "interestAndDebtExpense": "None", "netIncomeFromContinuingOperations": "148517000", "comprehensiveIncomeNetOfTax": "None", "ebit": "223022000", "ebitda": "465820000", "netIncome": "143446000"}, {"fiscalDateEnding": "2024-06-30", "reportedCurrency": "USD", "grossProfit": "236261000", "totalRevenue": "726239000", "costOfRevenue": "489978000", "costofGoodsAndServicesSold": "489978000", "operatingIncome": "225554000", "sellingGeneralAndAdministrative": "18631000", "researchAndDevelopment": "None", "operatingExpenses": "243029000", "investmentIncomeNet": "None", "netInterestIncome": "-66418000", "interestIncome": "1328000", "interestExpense": "65828000", "nonInterestIncome": "None", "otherNonOperatingIncome": "None", "depreciation": "None", "depreciationAndAmortization": "224398000", "incomeBeforeTax": "185560000", "incomeTaxExpense": "331000", "interestAndDebtExpense": "None", "netIncomeFromContinuingOperations": "183555000", "comprehensiveIncomeNetOfTax": "None", "ebit": "225554000", "ebitda": "449952000", "netIncome": "177483000"}, {"fiscalDateEnding": "2024-03-31", "reportedCurrency": "USD", "grossProfit": "216893000", "totalRevenue": "721603000", "costOfRevenue": "504710000", "costofGoodsAndServicesSold": "504710000", "operatingIncome": "210388000", "sellingGeneralAndAdministrative": "15720000", "researchAndDevelopment": "None", "operatingExpenses": "6505000", "investmentIncomeNet": "None", "netInterestIncome": "-59801000", "interestIncome": "9329000", "interestExpense": "67212000", "nonInterestIncome": "None", "otherNonOperatingIncome": "None", "depreciation": "None", "depreciationAndAmortization": "225695000", "incomeBeforeTax": "307034000", "incomeTaxExpense": "304000", "interestAndDebtExpense": "None", "netIncomeFromContinuingOperations": "305032000", "comprehensiveIncomeNetOfTax": "None", "ebit": "210388000", "ebitda": "436083000", "netIncome": "295787000"}, {"fiscalDateEnding": "2023-12-31", "reportedCurrency": "USD", "grossProfit": "-410720000", "totalRevenue": "736473000", "costOfRevenue": "1147193000", "costofGoodsAndServicesSold": "1147193000", "operatingIncome": "-440279000", "sellingGeneralAndAdministrative": "11581000", "researchAndDevelopment": "None", "operatingExpenses": "29559000", "investmentIncomeNet": "None", "netInterestIncome": "-59543000", "interestIncome": "11049000", "interestExpense": "72687000", "nonInterestIncome": "None", "otherNonOperatingIncome": "None", "depreciation": "None", "depreciationAndAmortization": "901504000", "incomeBeforeTax": "324056000", "incomeTaxExpense": "256000", "interestAndDebtExpense": "None", "netIncomeFromContinuingOperations": "576337000", "comprehensiveIncomeNetOfTax": "None", "ebit": "-440279000", "ebitda": "461225000", "netIncome": "311692000"}, {"fiscalDateEnding": "2023-09-30", "reportedCurrency": "USD", "grossProfit": "463953000", "totalRevenue": "724067000", "costOfRevenue": "260114000", "costofGoodsAndServicesSold": "260114000", "operatingIncome": "252035000", "sellingGeneralAndAdministrative": "14094000", "researchAndDevelopment": "None", "operatingExpenses": "238830000", "investmentIncomeNet": "None", "netInterestIncome": "-64291000", "interestIncome": "64291000", "interestExpense": "68891000", "nonInterestIncome": "None", "otherNonOperatingIncome": "None", "depreciation": "None", "depreciationAndAmortization": "224736000", "incomeBeforeTax": "182786000", "incomeTaxExpense": "258000", "interestAndDebtExpense": "None", "netIncomeFromContinuingOperations": "181286000", "comprehensiveIncomeNetOfTax": "None", "ebit": "225123000", "ebitda": "449859000", "netIncome": "172508000"}, {"fiscalDateEnding": "2023-06-30", "reportedCurrency": "USD", "grossProfit": "458779000", "totalRevenue": "717309000", "costOfRevenue": "258530000", "costofGoodsAndServicesSold": "258530000", "operatingIncome": "218461000", "sellingGeneralAndAdministrative": "18876000", "researchAndDevelopment": "None", "operatingExpenses": "240231000", "investmentIncomeNet": "None", "netInterestIncome": "-65476000", "interestIncome": "2131000", "interestExpense": "65590000", "nonInterestIncome": "None", "otherNonOperatingIncome": "None", "depreciation": "None", "depreciationAndAmortization": "221355000", "incomeBeforeTax": "146421000", "incomeTaxExpense": "336000", "interestAndDebtExpense": "None", "netIncomeFromContinuingOperations": "144862000", "comprehensiveIncomeNetOfTax": "None", "ebit": "218548000", "ebitda": "439903000", "netIncome": "139203000"}, {"fiscalDateEnding": "2023-03-31", "reportedCurrency": "USD", "grossProfit": "429374000", "totalRevenue": "705088000", "costOfRevenue": "275714000", "costofGoodsAndServicesSold": "275714000", "operatingIncome": "187943000", "sellingGeneralAndAdministrative": "16165000", "researchAndDevelopment": "None", "operatingExpenses": "231995000", "investmentIncomeNet": "None", "netInterestIncome": "-66842000", "interestIncome": "1538000", "interestExpense": "66401000", "nonInterestIncome": "None", "otherNonOperatingIncome": "-8839000", "depreciation": "None", "depreciationAndAmortization": "215830000", "incomeBeforeTax": "221751000", "incomeTaxExpense": "298000", "interestAndDebtExpense": "None", "netIncomeFromContinuingOperations": "220071000", "comprehensiveIncomeNetOfTax": "None", "ebit": "197379000", "ebitda": "413209000", "netIncome": "212035000"}, {"fiscalDateEnding": "2022-12-31", "reportedCurrency": "USD", "grossProfit": "468333000", "totalRevenue": "699703000", "costOfRevenue": "231370000", "costofGoodsAndServicesSold": "231370000", "operatingIncome": "242363000", "sellingGeneralAndAdministrative": "11677000", "researchAndDevelopment": "None", "operatingExpenses": "225949000", "investmentIncomeNet": "None", "netInterestIncome": "-70786000", "interestIncome": "70786000", "interestExpense": "68478000", "nonInterestIncome": "None", "otherNonOperatingIncome": "-8699000", "depreciation": "None", "depreciationAndAmortization": "217306000", "incomeBeforeTax": "167104000", "incomeTaxExpense": "175000", "interestAndDebtExpense": "None", "netIncomeFromContinuingOperations": "165354000", "comprehensiveIncomeNetOfTax": "None", "ebit": "242384000", "ebitda": "459690000", "netIncome": "159020000"}, {"fiscalDateEnding": "2022-09-30", "reportedCurrency": "USD", "grossProfit": "444961000", "totalRevenue": "695099000", "costOfRevenue": "250138000", "costofGoodsAndServicesSold": "250138000", "operatingIncome": "212205000", "sellingGeneralAndAdministrative": "13372000", "researchAndDevelopment": "None", "operatingExpenses": "227501000", "investmentIncomeNet": "None", "netInterestIncome": "-73912000", "interestIncome": "720000", "interestExpense": "72412000", "nonInterestIncome": "None", "otherNonOperatingIncome": "-4062000", "depreciation": "None", "depreciationAndAmortization": "214129000", "incomeBeforeTax": "336344000", "incomeTaxExpense": "152000", "interestAndDebtExpense": "None", "netIncomeFromContinuingOperations": "335165000", "comprehensiveIncomeNetOfTax": "None", "ebit": "212205000", "ebitda": "426334000", "netIncome": "323025000"}, {"fiscalDateEnding": "2022-06-30", "reportedCurrency": "USD", "grossProfit": "442266000", "totalRevenue": "687030000", "costOfRevenue": "244764000", "costofGoodsAndServicesSold": "244764000", "operatingIncome": "309934000", "sellingGeneralAndAdministrative": "16423000", "researchAndDevelopment": "None", "operatingExpenses": "240229000", "investmentIncomeNet": "None", "netInterestIncome": "-73417000", "interestIncome": "596000", "interestExpense": "71889000", "nonInterestIncome": "None", "otherNonOperatingIncome": "-2952000", "depreciation": "None", "depreciationAndAmortization": "223806000", "incomeBeforeTax": "234137000", "incomeTaxExpense": "291000", "interestAndDebtExpense": "None", "netIncomeFromContinuingOperations": "232678000", "comprehensiveIncomeNetOfTax": "None", "ebit": "309083000", "ebitda": "532889000", "netIncome": "224101000"}, {"fiscalDateEnding": "2022-03-31", "reportedCurrency": "USD", "grossProfit": "397039000", "totalRevenue": "653348000", "costOfRevenue": "256309000", "costofGoodsAndServicesSold": "256309000", "operatingIncome": "149738000", "sellingGeneralAndAdministrative": "17238000", "researchAndDevelopment": "None", "operatingExpenses": "247199000", "investmentIncomeNet": "None", "netInterestIncome": "-71341000", "interestIncome": "3528000", "interestExpense": "72792000", "nonInterestIncome": "None", "otherNonOperatingIncome": "-789000", "depreciation": "None", "depreciationAndAmortization": "229961000", "incomeBeforeTax": "75341000", "incomeTaxExpense": "282000", "interestAndDebtExpense": "None", "netIncomeFromContinuingOperations": "73798000", "comprehensiveIncomeNetOfTax": "None", "ebit": "149840000", "ebitda": "379801000", "netIncome": "70765000"}, {"fiscalDateEnding": "2021-12-31", "reportedCurrency": "USD", "grossProfit": "409736000", "totalRevenue": "645130000", "costOfRevenue": "235394000", "costofGoodsAndServicesSold": "235394000", "operatingIncome": "641883000", "sellingGeneralAndAdministrative": "13404000", "researchAndDevelopment": "None", "operatingExpenses": "235644000", "investmentIncomeNet": "None", "netInterestIncome": "-71932000", "interestIncome": "373000", "interestExpense": "69740000", "nonInterestIncome": "None", "otherNonOperatingIncome": "-8364000", "depreciation": "None", "depreciationAndAmortization": "222240000", "incomeBeforeTax": "561584000", "incomeTaxExpense": "236000", "interestAndDebtExpense": "None", "netIncomeFromContinuingOperations": "560978000", "comprehensiveIncomeNetOfTax": "None", "ebit": "634304000", "ebitda": "856544000", "netIncome": "526974000"}, {"fiscalDateEnding": "2021-09-30", "reportedCurrency": "USD", "grossProfit": "386064000", "totalRevenue": "623206000", "costOfRevenue": "237142000", "costofGoodsAndServicesSold": "237142000", "operatingIncome": "521554000", "sellingGeneralAndAdministrative": "13041000", "researchAndDevelopment": "None", "operatingExpenses": "228438000", "investmentIncomeNet": "None", "netInterestIncome": "-69326000", "interestIncome": "973000", "interestExpense": "68251000", "nonInterestIncome": "None", "otherNonOperatingIncome": "-3639000", "depreciation": "None", "depreciationAndAmortization": "215397000", "incomeBeforeTax": "448772000", "incomeTaxExpense": "284000", "interestAndDebtExpense": "None", "netIncomeFromContinuingOperations": "447332000", "comprehensiveIncomeNetOfTax": "None", "ebit": "520001000", "ebitda": "735398000", "netIncome": "431951000"}, {"fiscalDateEnding": "2021-06-30", "reportedCurrency": "USD", "grossProfit": "368457000", "totalRevenue": "598059000", "costOfRevenue": "229602000", "costofGoodsAndServicesSold": "229602000", "operatingIncome": "376844000", "sellingGeneralAndAdministrative": "14678000", "researchAndDevelopment": "None", "operatingExpenses": "215351000", "investmentIncomeNet": "None", "netInterestIncome": "-44959000", "interestIncome": "44959000", "interestExpense": "67124000", "nonInterestIncome": "None", "otherNonOperatingIncome": "20501000", "depreciation": "None", "depreciationAndAmortization": "200673000", "incomeBeforeTax": "328543000", "incomeTaxExpense": "242000", "interestAndDebtExpense": "None", "netIncomeFromContinuingOperations": "328040000", "comprehensiveIncomeNetOfTax": "None", "ebit": "153106000", "ebitda": "353779000", "netIncome": "316386000"}, {"fiscalDateEnding": "2021-03-31", "reportedCurrency": "USD", "grossProfit": "350948000", "totalRevenue": "597602000", "costOfRevenue": "246654000", "costofGoodsAndServicesSold": "246654000", "operatingIncome": "135560000", "sellingGeneralAndAdministrative": "15383000", "researchAndDevelopment": "None", "operatingExpenses": "215345000", "investmentIncomeNet": "None", "netInterestIncome": "-69327000", "interestIncome": "216000", "interestExpense": "67358000", "nonInterestIncome": "None", "otherNonOperatingIncome": "-5505000", "depreciation": "None", "depreciationAndAmortization": "199962000", "incomeBeforeTax": "62123000", "incomeTaxExpense": "153000", "interestAndDebtExpense": "None", "netIncomeFromContinuingOperations": "60364000", "comprehensiveIncomeNetOfTax": "None", "ebit": "135603000", "ebitda": "335565000", "netIncome": "57539000"}, {"fiscalDateEnding": "2020-12-31", "reportedCurrency": "USD", "grossProfit": "389939000", "totalRevenue": "613435000", "costOfRevenue": "223496000", "costofGoodsAndServicesSold": "223496000", "operatingIncome": "356606000", "sellingGeneralAndAdministrative": "11093000", "researchAndDevelopment": "None", "operatingExpenses": "212922000", "investmentIncomeNet": "None", "netInterestIncome": "-117481000", "interestIncome": "1929000", "interestExpense": "116724000", "nonInterestIncome": "None", "otherNonOperatingIncome": "-8072000", "depreciation": "None", "depreciationAndAmortization": "201829000", "incomeBeforeTax": "229939000", "incomeTaxExpense": "350000", "interestAndDebtExpense": "None", "netIncomeFromContinuingOperations": "229589000", "comprehensiveIncomeNetOfTax": "None", "ebit": "177017000", "ebitda": "378846000", "netIncome": "252856000"}, {"fiscalDateEnding": "2020-09-30", "reportedCurrency": "USD", "grossProfit": "393899000", "totalRevenue": "622433000", "costOfRevenue": "228534000", "costofGoodsAndServicesSold": "228534000", "operatingIncome": "182410000", "sellingGeneralAndAdministrative": "10859000", "researchAndDevelopment": "None", "operatingExpenses": "211464000", "investmentIncomeNet": "None", "netInterestIncome": "-82440000", "interestIncome": "82440000", "interestExpense": "80874000", "nonInterestIncome": "None", "otherNonOperatingIncome": "-3808000", "depreciation": "None", "depreciationAndAmortization": "200605000", "incomeBeforeTax": "95873000", "incomeTaxExpense": "262000", "interestAndDebtExpense": "None", "netIncomeFromContinuingOperations": "95611000", "comprehensiveIncomeNetOfTax": "None", "ebit": "182435000", "ebitda": "383040000", "netIncome": "91286000"}, {"fiscalDateEnding": "2020-06-30", "reportedCurrency": "USD", "grossProfit": "430434000", "totalRevenue": "653532000", "costOfRevenue": "223098000", "costofGoodsAndServicesSold": "223098000", "operatingIncome": "356889000", "sellingGeneralAndAdministrative": "11835000", "researchAndDevelopment": "None", "operatingExpenses": "217811000", "investmentIncomeNet": "None", "netInterestIncome": "-82485000", "interestIncome": "1511000", "interestExpense": "81885000", "nonInterestIncome": "None", "otherNonOperatingIncome": "-1225000", "depreciation": "None", "depreciationAndAmortization": "205976000", "incomeBeforeTax": "272710000", "incomeTaxExpense": "187000", "interestAndDebtExpense": "None", "netIncomeFromContinuingOperations": "272523000", "comprehensiveIncomeNetOfTax": "None", "ebit": "212623000", "ebitda": "418599000", "netIncome": "260888000"}, {"fiscalDateEnding": "2020-03-31", "reportedCurrency": "USD", "grossProfit": "441072000", "totalRevenue": "682329000", "costOfRevenue": "241257000", "costofGoodsAndServicesSold": "241257000", "operatingIncome": "422109000", "sellingGeneralAndAdministrative": "14518000", "researchAndDevelopment": "None", "operatingExpenses": "226940000", "investmentIncomeNet": "None", "netInterestIncome": "-85695000", "interestIncome": "1936000", "interestExpense": "85590000", "nonInterestIncome": "None", "otherNonOperatingIncome": "-1754000", "depreciation": "None", "depreciationAndAmortization": "212422000", "incomeBeforeTax": "333881000", "incomeTaxExpense": "53000", "interestAndDebtExpense": "None", "netIncomeFromContinuingOperations": "333828000", "comprehensiveIncomeNetOfTax": "None", "ebit": "214132000", "ebitda": "426554000", "netIncome": "308606000"}, {"fiscalDateEnding": "2019-12-31", "reportedCurrency": "USD", "grossProfit": "457227000", "totalRevenue": "683919000", "costOfRevenue": "226692000", "costofGoodsAndServicesSold": "226692000", "operatingIncome": "408952000", "sellingGeneralAndAdministrative": "11630000", "researchAndDevelopment": "None", "operatingExpenses": "226512000", "investmentIncomeNet": "None", "netInterestIncome": "-102710000", "interestIncome": "596000", "interestExpense": "100300000", "nonInterestIncome": "None", "otherNonOperatingIncome": "-1554000", "depreciation": "None", "depreciationAndAmortization": "214882000", "incomeBeforeTax": "299270000", "incomeTaxExpense": "-3030000", "interestAndDebtExpense": "None", "netIncomeFromContinuingOperations": "302300000", "comprehensiveIncomeNetOfTax": "None", "ebit": "230715000", "ebitda": "445597000", "netIncome": "289764000"}, {"fiscalDateEnding": "2019-09-30", "reportedCurrency": "USD", "grossProfit": "460693000", "totalRevenue": "685145000", "costOfRevenue": "224452000", "costofGoodsAndServicesSold": "224452000", "operatingIncome": "368363000", "sellingGeneralAndAdministrative": "11417000", "researchAndDevelopment": "None", "operatingExpenses": "222895000", "investmentIncomeNet": "None", "netInterestIncome": "-88186000", "interestIncome": "631000", "interestExpense": "85936000", "nonInterestIncome": "None", "otherNonOperatingIncome": "-3334000", "depreciation": "None", "depreciationAndAmortization": "211478000", "incomeBeforeTax": "277364000", "incomeTaxExpense": "265000", "interestAndDebtExpense": "None", "netIncomeFromContinuingOperations": "277099000", "comprehensiveIncomeNetOfTax": "None", "ebit": "237798000", "ebitda": "449276000", "netIncome": "267106000"}, {"fiscalDateEnding": "2019-06-30", "reportedCurrency": "USD", "grossProfit": "445241000", "totalRevenue": "669517000", "costOfRevenue": "224276000", "costofGoodsAndServicesSold": "224276000", "operatingIncome": "369260000", "sellingGeneralAndAdministrative": "14329000", "researchAndDevelopment": "None", "operatingExpenses": "214837000", "investmentIncomeNet": "None", "netInterestIncome": "-111540000", "interestIncome": "1009000", "interestExpense": "108902000", "nonInterestIncome": "None", "otherNonOperatingIncome": "61010000", "depreciation": "None", "depreciationAndAmortization": "200508000", "incomeBeforeTax": "252603000", "incomeTaxExpense": "246000", "interestAndDebtExpense": "None", "netIncomeFromContinuingOperations": "252357000", "comprehensiveIncomeNetOfTax": "None", "ebit": "230404000", "ebitda": "430912000", "netIncome": "308968000"}, {"fiscalDateEnding": "2019-03-31", "reportedCurrency": "USD", "grossProfit": "429586000", "totalRevenue": "662494000", "costOfRevenue": "232908000", "costofGoodsAndServicesSold": "232908000", "operatingIncome": "209969000", "sellingGeneralAndAdministrative": "15381000", "researchAndDevelopment": "None", "operatingExpenses": "219596000", "investmentIncomeNet": "None", "netInterestIncome": "-96493000", "interestIncome": "581000", "interestExpense": "94938000", "nonInterestIncome": "None", "otherNonOperatingIncome": "-5537000", "depreciation": "None", "depreciationAndAmortization": "204215000", "incomeBeforeTax": "110201000", "incomeTaxExpense": "238000", "interestAndDebtExpense": "None", "netIncomeFromContinuingOperations": "109963000", "comprehensiveIncomeNetOfTax": "None", "ebit": "209990000", "ebitda": "414205000", "netIncome": "104539000"}, {"fiscalDateEnding": "2018-12-31", "reportedCurrency": "USD", "grossProfit": "433555000", "totalRevenue": "652743000", "costOfRevenue": "219188000", "costofGoodsAndServicesSold": "219188000", "operatingIncome": "219306000", "sellingGeneralAndAdministrative": "12393000", "researchAndDevelopment": "0", "operatingExpenses": "214249000", "investmentIncomeNet": "None", "netInterestIncome": "None", "interestIncome": "None", "interestExpense": "91906000", "nonInterestIncome": "None", "otherNonOperatingIncome": "-4893000", "depreciation": "None", "depreciationAndAmortization": "201856000", "incomeBeforeTax": "123181000", "incomeTaxExpense": "111000", "interestAndDebtExpense": "None", "netIncomeFromContinuingOperations": "377224000", "comprehensiveIncomeNetOfTax": "None", "ebit": "220404000", "ebitda": "422260000", "netIncome": "117187000"}, {"fiscalDateEnding": "2018-09-30", "reportedCurrency": "USD", "grossProfit": "432691000", "totalRevenue": "652867000", "costOfRevenue": "220176000", "costofGoodsAndServicesSold": "220176000", "operatingIncome": "224731000", "sellingGeneralAndAdministrative": "12640000", "researchAndDevelopment": "0", "operatingExpenses": "207258000", "investmentIncomeNet": "None", "netInterestIncome": "None", "interestIncome": "None", "interestExpense": "111219000", "nonInterestIncome": "None", "otherNonOperatingIncome": "110614000", "depreciation": "None", "depreciationAndAmortization": "194618000", "incomeBeforeTax": "225111000", "incomeTaxExpense": "280000", "interestAndDebtExpense": "None", "netIncomeFromContinuingOperations": "110159000", "comprehensiveIncomeNetOfTax": "None", "ebit": "226531000", "ebitda": "421149000", "netIncome": "214937000"}, {"fiscalDateEnding": "2018-06-30", "reportedCurrency": "USD", "grossProfit": "423098000", "totalRevenue": "639808000", "costOfRevenue": "216710000", "costofGoodsAndServicesSold": "216710000", "operatingIncome": "217654000", "sellingGeneralAndAdministrative": "12502000", "researchAndDevelopment": "0", "operatingExpenses": "205444000", "investmentIncomeNet": "None", "netInterestIncome": "None", "interestIncome": "None", "interestExpense": "94131000", "nonInterestIncome": "None", "otherNonOperatingIncome": "-5834000", "depreciation": "None", "depreciationAndAmortization": "192942000", "incomeBeforeTax": "118720000", "incomeTaxExpense": "274000", "interestAndDebtExpense": "None", "netIncomeFromContinuingOperations": "118497000", "comprehensiveIncomeNetOfTax": "None", "ebit": "218752000", "ebitda": "411694000", "netIncome": "113602000"}, {"fiscalDateEnding": "2018-03-31", "reportedCurrency": "USD", "grossProfit": "409456000", "totalRevenue": "633016000", "costOfRevenue": "223560000", "costofGoodsAndServicesSold": "223560000", "operatingIncome": "196869000", "sellingGeneralAndAdministrative": "16278000", "researchAndDevelopment": "0", "operatingExpenses": "212587000", "investmentIncomeNet": "None", "netInterestIncome": "None", "interestIncome": "None", "interestExpense": "116104000", "nonInterestIncome": "None", "otherNonOperatingIncome": "139996000", "depreciation": "None", "depreciationAndAmortization": "196309000", "incomeBeforeTax": "221738000", "incomeTaxExpense": "213000", "interestAndDebtExpense": "None", "netIncomeFromContinuingOperations": "79312000", "comprehensiveIncomeNetOfTax": "None", "ebit": "197967000", "ebitda": "394276000", "netIncome": "211809000"}, {"fiscalDateEnding": "2017-12-31", "reportedCurrency": "USD", "grossProfit": "429100000", "totalRevenue": "630704000", "costOfRevenue": "201604000", "costofGoodsAndServicesSold": "201604000", "operatingIncome": "214764000", "sellingGeneralAndAdministrative": "11858000", "researchAndDevelopment": "0", "operatingExpenses": "212643000", "investmentIncomeNet": "None", "netInterestIncome": "None", "interestIncome": "None", "interestExpense": "95311000", "nonInterestIncome": "None", "otherNonOperatingIncome": "10402000", "depreciation": "None", "depreciationAndAmortization": "200785000", "incomeBeforeTax": "131072000", "incomeTaxExpense": "-232000", "interestAndDebtExpense": "None", "netIncomeFromContinuingOperations": "130084000", "comprehensiveIncomeNetOfTax": "None", "ebit": "217556000", "ebitda": "418341000", "netIncome": "125442000"}, {"fiscalDateEnding": "2017-09-30", "reportedCurrency": "USD", "grossProfit": "414453000", "totalRevenue": "624122000", "costOfRevenue": "209669000", "costofGoodsAndServicesSold": "209669000", "operatingIncome": "217786000", "sellingGeneralAndAdministrative": "12567000", "researchAndDevelopment": "0", "operatingExpenses": "196667000", "investmentIncomeNet": "None", "netInterestIncome": "None", "interestIncome": "None", "interestExpense": "91145000", "nonInterestIncome": "None", "otherNonOperatingIncome": "17783000", "depreciation": "None", "depreciationAndAmortization": "184100000", "incomeBeforeTax": "144822000", "incomeTaxExpense": "228000", "interestAndDebtExpense": "None", "netIncomeFromContinuingOperations": "144196000", "comprehensiveIncomeNetOfTax": "None", "ebit": "218798000", "ebitda": "402898000", "netIncome": "138229000"}, {"fiscalDateEnding": "2017-06-30", "reportedCurrency": "USD", "grossProfit": "404072000", "totalRevenue": "612480000", "costOfRevenue": "208408000", "costofGoodsAndServicesSold": "208408000", "operatingIncome": "210550000", "sellingGeneralAndAdministrative": "13626000", "researchAndDevelopment": "0", "operatingExpenses": "193522000", "investmentIncomeNet": "None", "netInterestIncome": "None", "interestIncome": "None", "interestExpense": "91224000", "nonInterestIncome": "None", "otherNonOperatingIncome": "85077000", "depreciation": "None", "depreciationAndAmortization": "179896000", "incomeBeforeTax": "205085000", "incomeTaxExpense": "220000", "interestAndDebtExpense": "None", "netIncomeFromContinuingOperations": "204160000", "comprehensiveIncomeNetOfTax": "None", "ebit": "211411000", "ebitda": "391307000", "netIncome": "196041000"}, {"fiscalDateEnding": "2017-03-31", "reportedCurrency": "USD", "grossProfit": "397512000", "totalRevenue": "604100000", "costOfRevenue": "206588000", "costofGoodsAndServicesSold": "206588000", "operatingIncome": "204371000", "sellingGeneralAndAdministrative": "14173000", "researchAndDevelopment": "0", "operatingExpenses": "193141000", "investmentIncomeNet": "None", "netInterestIncome": "None", "interestIncome": "None", "interestExpense": "106210000", "nonInterestIncome": "None", "otherNonOperatingIncome": "32849000", "depreciation": "None", "depreciationAndAmortization": "178968000", "incomeBeforeTax": "132083000", "incomeTaxExpense": "262000", "interestAndDebtExpense": "None", "netIncomeFromContinuingOperations": "149941000", "comprehensiveIncomeNetOfTax": "None", "ebit": "205227000", "ebitda": "384195000", "netIncome": "143742000"}, {"fiscalDateEnding": "2016-12-31", "reportedCurrency": "USD", "grossProfit": "411909000", "totalRevenue": "605489000", "costOfRevenue": "193580000", "costofGoodsAndServicesSold": "193580000", "operatingIncome": "224070000", "sellingGeneralAndAdministrative": "10432000", "researchAndDevelopment": "0", "operatingExpenses": "187839000", "investmentIncomeNet": "None", "netInterestIncome": "None", "interestIncome": "None", "interestExpense": "95930000", "nonInterestIncome": "None", "otherNonOperatingIncome": "214911000", "depreciation": "None", "depreciationAndAmortization": "177407000", "incomeBeforeTax": "303484000", "incomeTaxExpense": "424000", "interestAndDebtExpense": "None", "netIncomeFromContinuingOperations": "301987000", "comprehensiveIncomeNetOfTax": "None", "ebit": "224930000", "ebitda": "402337000", "netIncome": "277250000"}, {"fiscalDateEnding": "2016-09-30", "reportedCurrency": "USD", "grossProfit": "400998000", "totalRevenue": "606074000", "costOfRevenue": "205076000", "costofGoodsAndServicesSold": "205076000", "operatingIncome": "209373000", "sellingGeneralAndAdministrative": "12395000", "researchAndDevelopment": "0", "operatingExpenses": "191625000", "investmentIncomeNet": "None", "netInterestIncome": "None", "interestIncome": "None", "interestExpense": "86352000", "nonInterestIncome": "None", "otherNonOperatingIncome": "97786000", "depreciation": "None", "depreciationAndAmortization": "179230000", "incomeBeforeTax": "205885000", "incomeTaxExpense": "426000", "interestAndDebtExpense": "None", "netIncomeFromContinuingOperations": "217246000", "comprehensiveIncomeNetOfTax": "None", "ebit": "210231000", "ebitda": "389461000", "netIncome": "208316000"}, {"fiscalDateEnding": "2016-06-30", "reportedCurrency": "USD", "grossProfit": "400441000", "totalRevenue": "595154000", "costOfRevenue": "194713000", "costofGoodsAndServicesSold": "194713000", "operatingIncome": "206018000", "sellingGeneralAndAdministrative": "18296000", "researchAndDevelopment": "0", "operatingExpenses": "194423000", "investmentIncomeNet": "None", "netInterestIncome": "None", "interestIncome": "None", "interestExpense": "86472000", "nonInterestIncome": "None", "otherNonOperatingIncome": "56556000", "depreciation": "None", "depreciationAndAmortization": "176127000", "incomeBeforeTax": "229578000", "incomeTaxExpense": "413000", "interestAndDebtExpense": "None", "netIncomeFromContinuingOperations": "228365000", "comprehensiveIncomeNetOfTax": "None", "ebit": "206875000", "ebitda": "383002000", "netIncome": "218839000"}, {"fiscalDateEnding": "2016-03-31", "reportedCurrency": "USD", "grossProfit": "406227000", "totalRevenue": "619083000", "costOfRevenue": "212856000", "costofGoodsAndServicesSold": "212856000", "operatingIncome": "216625000", "sellingGeneralAndAdministrative": "16717000", "researchAndDevelopment": "0", "operatingExpenses": "189602000", "investmentIncomeNet": "None", "netInterestIncome": "None", "interestIncome": "None", "interestExpense": "213492000", "nonInterestIncome": "None", "otherNonOperatingIncome": "3722375000", "depreciation": "None", "depreciationAndAmortization": "172885000", "incomeBeforeTax": "3721720000", "incomeTaxExpense": "350000", "interestAndDebtExpense": "None", "netIncomeFromContinuingOperations": "3731988000", "comprehensiveIncomeNetOfTax": "None", "ebit": "217476000", "ebitda": "390361000", "netIncome": "3587758000"}, {"fiscalDateEnding": "2015-12-31", "reportedCurrency": "USD", "grossProfit": "482137000", "totalRevenue": "703193000", "costOfRevenue": "221056000", "costofGoodsAndServicesSold": "221056000", "operatingIncome": "286964000", "sellingGeneralAndAdministrative": "14140000", "researchAndDevelopment": "0", "operatingExpenses": "195173000", "investmentIncomeNet": "None", "netInterestIncome": "None", "interestIncome": "None", "interestExpense": "110447000", "nonInterestIncome": "None", "otherNonOperatingIncome": "None", "depreciation": "None", "depreciationAndAmortization": "181033000", "incomeBeforeTax": "213255000", "incomeTaxExpense": "219000", "interestAndDebtExpense": "None", "netIncomeFromContinuingOperations": "907621000", "comprehensiveIncomeNetOfTax": "None", "ebit": "287906000", "ebitda": "468939000", "netIncome": "204486000"}, {"fiscalDateEnding": "2015-09-30", "reportedCurrency": "USD", "grossProfit": "468850000", "totalRevenue": "696289000", "costOfRevenue": "227439000", "costofGoodsAndServicesSold": "227439000", "operatingIncome": "257501000", "sellingGeneralAndAdministrative": "15290000", "researchAndDevelopment": "0", "operatingExpenses": "211349000", "investmentIncomeNet": "None", "netInterestIncome": "None", "interestIncome": "None", "interestExpense": "114205000", "nonInterestIncome": "None", "otherNonOperatingIncome": "65898000", "depreciation": "None", "depreciationAndAmortization": "196059000", "incomeBeforeTax": "206745000", "incomeTaxExpense": "329000", "interestAndDebtExpense": "None", "netIncomeFromContinuingOperations": "205375000", "comprehensiveIncomeNetOfTax": "None", "ebit": "258437000", "ebitda": "454496000", "netIncome": "196692000"}, {"fiscalDateEnding": "2015-06-30", "reportedCurrency": "USD", "grossProfit": "456196000", "totalRevenue": "679112000", "costOfRevenue": "222916000", "costofGoodsAndServicesSold": "222916000", "operatingIncome": "246184000", "sellingGeneralAndAdministrative": "15730000", "researchAndDevelopment": "0", "operatingExpenses": "210012000", "investmentIncomeNet": "None", "netInterestIncome": "None", "interestIncome": "None", "interestExpense": "110795000", "nonInterestIncome": "None", "otherNonOperatingIncome": "None", "depreciation": "None", "depreciationAndAmortization": "194282000", "incomeBeforeTax": "286364000", "incomeTaxExpense": "326000", "interestAndDebtExpense": "None", "netIncomeFromContinuingOperations": "0", "comprehensiveIncomeNetOfTax": "None", "ebit": "247100000", "ebitda": "441382000", "netIncome": "286420000"}, {"fiscalDateEnding": "2015-03-31", "reportedCurrency": "USD", "grossProfit": "432614000", "totalRevenue": "666371000", "costOfRevenue": "233757000", "costofGoodsAndServicesSold": "233757000", "operatingIncome": "218171000", "sellingGeneralAndAdministrative": "19922000", "researchAndDevelopment": "0", "operatingExpenses": "214443000", "investmentIncomeNet": "None", "netInterestIncome": "None", "interestIncome": "None", "interestExpense": "108622000", "nonInterestIncome": "None", "otherNonOperatingIncome": "None", "depreciation": "None", "depreciationAndAmortization": "194521000", "incomeBeforeTax": "187101000", "incomeTaxExpense": "43000", "interestAndDebtExpense": "None", "netIncomeFromContinuingOperations": "0", "comprehensiveIncomeNetOfTax": "None", "ebit": "219177000", "ebitda": "413698000", "netIncome": "182522000"}, {"fiscalDateEnding": "2014-12-31", "reportedCurrency": "USD", "grossProfit": "453273000", "totalRevenue": "664660000", "costOfRevenue": "211387000", "costofGoodsAndServicesSold": "211387000", "operatingIncome": "250532000", "sellingGeneralAndAdministrative": "9652000", "researchAndDevelopment": "0", "operatingExpenses": "202741000", "investmentIncomeNet": "None", "netInterestIncome": "None", "interestIncome": "None", "interestExpense": "109967000", "nonInterestIncome": "None", "otherNonOperatingIncome": "-126295000", "depreciation": "None", "depreciationAndAmortization": "193089000", "incomeBeforeTax": "221527000", "incomeTaxExpense": "248000", "interestAndDebtExpense": "None", "netIncomeFromContinuingOperations": "355485000", "comprehensiveIncomeNetOfTax": "None", "ebit": "251378000", "ebitda": "444467000", "netIncome": "217739000"}, {"fiscalDateEnding": "2014-09-30", "reportedCurrency": "USD", "grossProfit": "443706000", "totalRevenue": "664078000", "costOfRevenue": "220372000", "costofGoodsAndServicesSold": "220372000", "operatingIncome": "243269000", "sellingGeneralAndAdministrative": "9968000", "researchAndDevelopment": "0", "operatingExpenses": "200437000", "investmentIncomeNet": "None", "netInterestIncome": "None", "interestIncome": "None", "interestExpense": "118251000", "nonInterestIncome": "None", "otherNonOperatingIncome": "112465000", "depreciation": "None", "depreciationAndAmortization": "190469000", "incomeBeforeTax": "117995000", "incomeTaxExpense": "260000", "interestAndDebtExpense": "None", "netIncomeFromContinuingOperations": "117611000", "comprehensiveIncomeNetOfTax": "None", "ebit": "244120000", "ebitda": "434589000", "netIncome": "221744000"}, {"fiscalDateEnding": "2014-06-30", "reportedCurrency": "USD", "grossProfit": "432192000", "totalRevenue": "652568000", "costOfRevenue": "220376000", "costofGoodsAndServicesSold": "220376000", "operatingIncome": "228304000", "sellingGeneralAndAdministrative": "13752000", "researchAndDevelopment": "0", "operatingExpenses": "203888000", "investmentIncomeNet": "None", "netInterestIncome": "None", "interestIncome": "None", "interestExpense": "115924000", "nonInterestIncome": "None", "otherNonOperatingIncome": "7287000", "depreciation": "None", "depreciationAndAmortization": "190136000", "incomeBeforeTax": "109745000", "incomeTaxExpense": "646000", "interestAndDebtExpense": "None", "netIncomeFromContinuingOperations": "102307000", "comprehensiveIncomeNetOfTax": "None", "ebit": "229011000", "ebitda": "419147000", "netIncome": "112690000"}, {"fiscalDateEnding": "2014-03-31", "reportedCurrency": "USD", "grossProfit": "401995000", "totalRevenue": "633442000", "costOfRevenue": "231447000", "costofGoodsAndServicesSold": "231447000", "operatingIncome": "199252000", "sellingGeneralAndAdministrative": "17576000", "researchAndDevelopment": "0", "operatingExpenses": "202743000", "investmentIncomeNet": "None", "netInterestIncome": "None", "interestIncome": "None", "interestExpense": "113049000", "nonInterestIncome": "None", "otherNonOperatingIncome": "-1409000", "depreciation": "None", "depreciationAndAmortization": "185167000", "incomeBeforeTax": "83359000", "incomeTaxExpense": "222000", "interestAndDebtExpense": "None", "netIncomeFromContinuingOperations": "81698000", "comprehensiveIncomeNetOfTax": "None", "ebit": "200088000", "ebitda": "385255000", "netIncome": "79135000"}, {"fiscalDateEnding": "2013-12-31", "reportedCurrency": "USD", "grossProfit": "421571000", "totalRevenue": "639134000", "costOfRevenue": "217563000", "costofGoodsAndServicesSold": "217563000", "operatingIncome": "223669000", "sellingGeneralAndAdministrative": "15162000", "researchAndDevelopment": "0", "operatingExpenses": "197902000", "investmentIncomeNet": "None", "netInterestIncome": "None", "interestIncome": "None", "interestExpense": "149402000", "nonInterestIncome": "None", "otherNonOperatingIncome": "None", "depreciation": "None", "depreciationAndAmortization": "182740000", "incomeBeforeTax": "70112000", "incomeTaxExpense": "-156000", "interestAndDebtExpense": "None", "netIncomeFromContinuingOperations": "0", "comprehensiveIncomeNetOfTax": "None", "ebit": "215812000", "ebitda": "398552000", "netIncome": "110976000"}, {"fiscalDateEnding": "2013-09-30", "reportedCurrency": "USD", "grossProfit": "413168000", "totalRevenue": "629446000", "costOfRevenue": "216278000", "costofGoodsAndServicesSold": "216278000", "operatingIncome": "121394000", "sellingGeneralAndAdministrative": "14438000", "researchAndDevelopment": "0", "operatingExpenses": "291774000", "investmentIncomeNet": "None", "netInterestIncome": "None", "interestIncome": "None", "interestExpense": "120035000", "nonInterestIncome": "None", "otherNonOperatingIncome": "-1454000", "depreciation": "None", "depreciationAndAmortization": "277336000", "incomeBeforeTax": "-8083000", "incomeTaxExpense": "493000", "interestAndDebtExpense": "None", "netIncomeFromContinuingOperations": "-12467000", "comprehensiveIncomeNetOfTax": "None", "ebit": "115979000", "ebitda": "393315000", "netIncome": "377192000"}, {"fiscalDateEnding": "2013-06-30", "reportedCurrency": "USD", "grossProfit": "415104000", "totalRevenue": "635078000", "costOfRevenue": "219974000", "costofGoodsAndServicesSold": "219974000", "operatingIncome": "71033000", "sellingGeneralAndAdministrative": "16086000", "researchAndDevelopment": "0", "operatingExpenses": "344071000", "investmentIncomeNet": "None", "netInterestIncome": "None", "interestIncome": "None", "interestExpense": "122950000", "nonInterestIncome": "None", "otherNonOperatingIncome": "-1175000", "depreciation": "None", "depreciationAndAmortization": "327985000", "incomeBeforeTax": "-64468000", "incomeTaxExpense": "428000", "interestAndDebtExpense": "None", "netIncomeFromContinuingOperations": "-51455000", "comprehensiveIncomeNetOfTax": "None", "ebit": "61814000", "ebitda": "389799000", "netIncome": "324759000"}, {"fiscalDateEnding": "2013-03-31", "reportedCurrency": "USD", "grossProfit": "339297000", "totalRevenue": "539162000", "costOfRevenue": "199865000", "costofGoodsAndServicesSold": "199865000", "operatingIncome": "117529000", "sellingGeneralAndAdministrative": "16496000", "researchAndDevelopment": "0", "operatingExpenses": "221768000", "investmentIncomeNet": "None", "netInterestIncome": "None", "interestIncome": "None", "interestExpense": "195685000", "nonInterestIncome": "None", "otherNonOperatingIncome": "None", "depreciation": "None", "depreciationAndAmortization": "205272000", "incomeBeforeTax": "-152590000", "incomeTaxExpense": "407000", "interestAndDebtExpense": "None", "netIncomeFromContinuingOperations": "0", "comprehensiveIncomeNetOfTax": "None", "ebit": "90957000", "ebitda": "296229000", "netIncome": "1017686000"}, {"fiscalDateEnding": "2012-12-31", "reportedCurrency": "USD", "grossProfit": "364482000", "totalRevenue": "547650000", "costOfRevenue": "183168000", "costofGoodsAndServicesSold": "183168000", "operatingIncome": "188214000", "sellingGeneralAndAdministrative": "10072000", "researchAndDevelopment": "0", "operatingExpenses": "176268000", "investmentIncomeNet": "None", "netInterestIncome": "None", "interestIncome": "None", "interestExpense": "110214000", "nonInterestIncome": "None", "otherNonOperatingIncome": "111085000", "depreciation": "None", "depreciationAndAmortization": "166196000", "incomeBeforeTax": "140178000", "incomeTaxExpense": "-88000", "interestAndDebtExpense": "None", "netIncomeFromContinuingOperations": "124927000", "comprehensiveIncomeNetOfTax": "None", "ebit": "242321000", "ebitda": "408517000", "netIncome": "367017000"}, {"fiscalDateEnding": "2012-09-30", "reportedCurrency": "USD", "grossProfit": "361629000", "totalRevenue": "556144000", "costOfRevenue": "194515000", "costofGoodsAndServicesSold": "194515000", "operatingIncome": "184127000", "sellingGeneralAndAdministrative": "10096000", "researchAndDevelopment": "0", "operatingExpenses": "177502000", "investmentIncomeNet": "None", "netInterestIncome": "None", "interestIncome": "None", "interestExpense": "117214000", "nonInterestIncome": "None", "otherNonOperatingIncome": "62652000", "depreciation": "None", "depreciationAndAmortization": "167406000", "incomeBeforeTax": "132906000", "incomeTaxExpense": "222000", "interestAndDebtExpense": "None", "netIncomeFromContinuingOperations": "132681000", "comprehensiveIncomeNetOfTax": "None", "ebit": "207056000", "ebitda": "374462000", "netIncome": "226139000"}, {"fiscalDateEnding": "2012-06-30", "reportedCurrency": "USD", "grossProfit": "351443000", "totalRevenue": "543781000", "costOfRevenue": "192338000", "costofGoodsAndServicesSold": "192338000", "operatingIncome": "165711000", "sellingGeneralAndAdministrative": "13394000", "researchAndDevelopment": "0", "operatingExpenses": "185732000", "investmentIncomeNet": "None", "netInterestIncome": "None", "interestIncome": "None", "interestExpense": "115618000", "nonInterestIncome": "None", "otherNonOperatingIncome": "-13321000", "depreciation": "None", "depreciationAndAmortization": "172338000", "incomeBeforeTax": "36772000", "incomeTaxExpense": "214000", "interestAndDebtExpense": "None", "netIncomeFromContinuingOperations": "36558000", "comprehensiveIncomeNetOfTax": "None", "ebit": "115974000", "ebitda": "288312000", "netIncome": "103264000"}, {"fiscalDateEnding": "2012-03-31", "reportedCurrency": "USD", "grossProfit": "334577000", "totalRevenue": "527659000", "costOfRevenue": "193082000", "costofGoodsAndServicesSold": "193082000", "operatingIncome": "146152000", "sellingGeneralAndAdministrative": "13688000", "researchAndDevelopment": "0", "operatingExpenses": "188425000", "investmentIncomeNet": "None", "netInterestIncome": "None", "interestIncome": "None", "interestExpense": "118703000", "nonInterestIncome": "None", "otherNonOperatingIncome": "-9869000", "depreciation": "None", "depreciationAndAmortization": "174737000", "incomeBeforeTax": "17580000", "incomeTaxExpense": "191000", "interestAndDebtExpense": "None", "netIncomeFromContinuingOperations": "17389000", "comprehensiveIncomeNetOfTax": "None", "ebit": "105126000", "ebitda": "279863000", "netIncome": "145299000"}, {"fiscalDateEnding": "2011-12-31", "reportedCurrency": "USD", "grossProfit": "335241000", "totalRevenue": "512383000", "costOfRevenue": "177142000", "costofGoodsAndServicesSold": "177142000", "operatingIncome": "159173000", "sellingGeneralAndAdministrative": "11144000", "researchAndDevelopment": "0", "operatingExpenses": "176068000", "investmentIncomeNet": "None", "netInterestIncome": "None", "interestIncome": "None", "interestExpense": "114277000", "nonInterestIncome": "None", "otherNonOperatingIncome": "-8650000", "depreciation": "None", "depreciationAndAmortization": "167233000", "incomeBeforeTax": "36149000", "incomeTaxExpense": "59000", "interestAndDebtExpense": "None", "netIncomeFromContinuingOperations": "19585000", "comprehensiveIncomeNetOfTax": "None", "ebit": "150426000", "ebitda": "317659000", "netIncome": "102482000"}, {"fiscalDateEnding": "2011-09-30", "reportedCurrency": "USD", "grossProfit": "325749000", "totalRevenue": "511958000", "costOfRevenue": "186209000", "costofGoodsAndServicesSold": "186209000", "operatingIncome": "151076000", "sellingGeneralAndAdministrative": "10121000", "researchAndDevelopment": "0", "operatingExpenses": "174673000", "investmentIncomeNet": "None", "netInterestIncome": "None", "interestIncome": "None", "interestExpense": "113370000", "nonInterestIncome": "None", "otherNonOperatingIncome": "-1932000", "depreciation": "None", "depreciationAndAmortization": "164552000", "incomeBeforeTax": "35774000", "incomeTaxExpense": "283000", "interestAndDebtExpense": "None", "netIncomeFromContinuingOperations": "35491000", "comprehensiveIncomeNetOfTax": "None", "ebit": "143850000", "ebitda": "308402000", "netIncome": "107848000"}, {"fiscalDateEnding": "2011-06-30", "reportedCurrency": "USD", "grossProfit": "316490000", "totalRevenue": "498059000", "costOfRevenue": "181569000", "costofGoodsAndServicesSold": "181569000", "operatingIncome": "146495000", "sellingGeneralAndAdministrative": "10908000", "researchAndDevelopment": "0", "operatingExpenses": "169995000", "investmentIncomeNet": "None", "netInterestIncome": "None", "interestIncome": "None", "interestExpense": "124969000", "nonInterestIncome": "None", "otherNonOperatingIncome": "-8789000", "depreciation": "None", "depreciationAndAmortization": "159087000", "incomeBeforeTax": "17181000", "incomeTaxExpense": "203000", "interestAndDebtExpense": "None", "netIncomeFromContinuingOperations": "21195000", "comprehensiveIncomeNetOfTax": "None", "ebit": "133588000", "ebitda": "292675000", "netIncome": "555924000"}, {"fiscalDateEnding": "2011-03-31", "reportedCurrency": "USD", "grossProfit": "312913000", "totalRevenue": "520623000", "costOfRevenue": "207710000", "costofGoodsAndServicesSold": "207710000", "operatingIncome": "133510000", "sellingGeneralAndAdministrative": "11435000", "researchAndDevelopment": "0", "operatingExpenses": "179403000", "investmentIncomeNet": "None", "netInterestIncome": "None", "interestIncome": "None", "interestExpense": "121376000", "nonInterestIncome": "None", "otherNonOperatingIncome": "-4215000", "depreciation": "None", "depreciationAndAmortization": "167968000", "incomeBeforeTax": "7919000", "incomeTaxExpense": "192000", "interestAndDebtExpense": "None", "netIncomeFromContinuingOperations": "7727000", "comprehensiveIncomeNetOfTax": "None", "ebit": "113194000", "ebitda": "281162000", "netIncome": "127331000"}, {"fiscalDateEnding": "2010-12-31", "reportedCurrency": "USD", "grossProfit": "285924000", "totalRevenue": "470621000", "costOfRevenue": "184697000", "costofGoodsAndServicesSold": "184697000", "operatingIncome": "75232000", "sellingGeneralAndAdministrative": "8852000", "researchAndDevelopment": "0", "operatingExpenses": "165312000", "investmentIncomeNet": "None", "netInterestIncome": "None", "interestIncome": "None", "interestExpense": "117002000", "nonInterestIncome": "None", "otherNonOperatingIncome": "-10224000", "depreciation": "None", "depreciationAndAmortization": "171708000", "incomeBeforeTax": "-46440000", "incomeTaxExpense": "23000", "interestAndDebtExpense": "None", "netIncomeFromContinuingOperations": "-46926000", "comprehensiveIncomeNetOfTax": "None", "ebit": "70562000", "ebitda": "242270000", "netIncome": "189383000"}, {"fiscalDateEnding": "2010-09-30", "reportedCurrency": "USD", "grossProfit": "311766000", "totalRevenue": "527356000", "costOfRevenue": "215590000", "costofGoodsAndServicesSold": "215590000", "operatingIncome": "127196000", "sellingGeneralAndAdministrative": "10224000", "researchAndDevelopment": "0", "operatingExpenses": "184570000", "investmentIncomeNet": "None", "netInterestIncome": "None", "interestIncome": "None", "interestExpense": "125311000", "nonInterestIncome": "None", "otherNonOperatingIncome": "-5548000", "depreciation": "None", "depreciationAndAmortization": "173642000", "incomeBeforeTax": "-1394000", "incomeTaxExpense": "293000", "interestAndDebtExpense": "None", "netIncomeFromContinuingOperations": "19884000", "comprehensiveIncomeNetOfTax": "None", "ebit": "99918000", "ebitda": "273560000", "netIncome": "28783000"}, {"fiscalDateEnding": "2010-06-30", "reportedCurrency": "USD", "grossProfit": "308059000", "totalRevenue": "510937000", "costOfRevenue": "202878000", "costofGoodsAndServicesSold": "202878000", "operatingIncome": "121529000", "sellingGeneralAndAdministrative": "10090000", "researchAndDevelopment": "0", "operatingExpenses": "186530000", "investmentIncomeNet": "None", "netInterestIncome": "None", "interestIncome": "None", "interestExpense": "118138000", "nonInterestIncome": "None", "otherNonOperatingIncome": "3550000", "depreciation": "None", "depreciationAndAmortization": "174794000", "incomeBeforeTax": "4640000", "incomeTaxExpense": "-146000", "interestAndDebtExpense": "None", "netIncomeFromContinuingOperations": "9406000", "comprehensiveIncomeNetOfTax": "None", "ebit": "99159000", "ebitda": "273953000", "netIncome": "9961000"}, {"fiscalDateEnding": "2010-03-31", "reportedCurrency": "USD", "grossProfit": "281636000", "totalRevenue": "488690000", "costOfRevenue": "207054000", "costofGoodsAndServicesSold": "207054000", "operatingIncome": "118596000", "sellingGeneralAndAdministrative": "10721000", "researchAndDevelopment": "0", "operatingExpenses": "163040000", "investmentIncomeNet": "None", "netInterestIncome": "None", "interestIncome": "None", "interestExpense": "118494000", "nonInterestIncome": "None", "otherNonOperatingIncome": "-5341000", "depreciation": "None", "depreciationAndAmortization": "152319000", "incomeBeforeTax": "-2056000", "incomeTaxExpense": "166000", "interestAndDebtExpense": "None", "netIncomeFromContinuingOperations": "-2208000", "comprehensiveIncomeNetOfTax": "None", "ebit": "105264000", "ebitda": "257583000", "netIncome": "55483000"}, {"fiscalDateEnding": "2009-12-31", "reportedCurrency": "USD", "grossProfit": "282297000", "totalRevenue": "464400000", "costOfRevenue": "182103000", "costofGoodsAndServicesSold": "182103000", "operatingIncome": "128622000", "sellingGeneralAndAdministrative": "8518000", "researchAndDevelopment": "0", "operatingExpenses": "153675000", "investmentIncomeNet": "None", "netInterestIncome": "None", "interestIncome": "None", "interestExpense": "145923000", "nonInterestIncome": "None", "otherNonOperatingIncome": "None", "depreciation": "None", "depreciationAndAmortization": "148888000", "incomeBeforeTax": "-20730000", "incomeTaxExpense": "-38000", "interestAndDebtExpense": "None", "netIncomeFromContinuingOperations": "0", "comprehensiveIncomeNetOfTax": "None", "ebit": "125193000", "ebitda": "274081000", "netIncome": "45292000"}, {"fiscalDateEnding": "2009-09-30", "reportedCurrency": "USD", "grossProfit": "292385000", "totalRevenue": "492757000", "costOfRevenue": "200372000", "costofGoodsAndServicesSold": "200372000", "operatingIncome": "133096000", "sellingGeneralAndAdministrative": "212184000", "researchAndDevelopment": "0", "operatingExpenses": "359661000", "investmentIncomeNet": "None", "netInterestIncome": "None", "interestIncome": "None", "interestExpense": "124914000", "nonInterestIncome": "None", "otherNonOperatingIncome": "None", "depreciation": "None", "depreciationAndAmortization": "147477000", "incomeBeforeTax": "9475000", "incomeTaxExpense": "459000", "interestAndDebtExpense": "None", "netIncomeFromContinuingOperations": "0", "comprehensiveIncomeNetOfTax": "None", "ebit": "129021000", "ebitda": "276498000", "netIncome": "135981000"}, {"fiscalDateEnding": "2009-06-30", "reportedCurrency": "USD", "grossProfit": "307196000", "totalRevenue": "505150000", "costOfRevenue": "197954000", "costofGoodsAndServicesSold": "197954000", "operatingIncome": "135962000", "sellingGeneralAndAdministrative": "206173000", "researchAndDevelopment": "0", "operatingExpenses": "358064000", "investmentIncomeNet": "None", "netInterestIncome": "None", "interestIncome": "None", "interestExpense": "119121000", "nonInterestIncome": "None", "otherNonOperatingIncome": "None", "depreciation": "None", "depreciationAndAmortization": "149909000", "incomeBeforeTax": "23449000", "incomeTaxExpense": "259000", "interestAndDebtExpense": "None", "netIncomeFromContinuingOperations": "0", "comprehensiveIncomeNetOfTax": "None", "ebit": "131738000", "ebitda": "281647000", "netIncome": "105932000"}, {"fiscalDateEnding": "2009-03-31", "reportedCurrency": "USD", "grossProfit": "304620000", "totalRevenue": "515144000", "costOfRevenue": "210524000", "costofGoodsAndServicesSold": "210524000", "operatingIncome": "144181000", "sellingGeneralAndAdministrative": "10394000", "researchAndDevelopment": "0", "operatingExpenses": "160439000", "investmentIncomeNet": "None", "netInterestIncome": "None", "interestIncome": "None", "interestExpense": "126862000", "nonInterestIncome": "None", "otherNonOperatingIncome": "None", "depreciation": "None", "depreciationAndAmortization": "150488000", "incomeBeforeTax": "23048000", "incomeTaxExpense": "2131000", "interestAndDebtExpense": "None", "netIncomeFromContinuingOperations": "0", "comprehensiveIncomeNetOfTax": "None", "ebit": "138112000", "ebitda": "288600000", "netIncome": "80795000"}, {"fiscalDateEnding": "2008-12-31", "reportedCurrency": "USD", "grossProfit": "311525000", "totalRevenue": "528986000", "costOfRevenue": "217461000", "costofGoodsAndServicesSold": "217461000", "operatingIncome": "38584000", "sellingGeneralAndAdministrative": "236353000", "researchAndDevelopment": "0", "operatingExpenses": "-739937000", "investmentIncomeNet": "None", "netInterestIncome": "None", "interestIncome": "None", "interestExpense": "127016000", "nonInterestIncome": "None", "otherNonOperatingIncome": "None", "depreciation": "None", "depreciationAndAmortization": "158298000", "incomeBeforeTax": "-65911000", "incomeTaxExpense": "-655000", "interestAndDebtExpense": "None", "netIncomeFromContinuingOperations": "0", "comprehensiveIncomeNetOfTax": "None", "ebit": "61105000", "ebitda": "219403000", "netIncome": "-31243000"}, {"fiscalDateEnding": "2008-09-30", "reportedCurrency": "USD", "grossProfit": "483113000", "totalRevenue": "538319000", "costOfRevenue": "55206000", "costofGoodsAndServicesSold": "55206000", "operatingIncome": "156570000", "sellingGeneralAndAdministrative": "9849000", "researchAndDevelopment": "0", "operatingExpenses": "381749000", "investmentIncomeNet": "None", "netInterestIncome": "None", "interestIncome": "None", "interestExpense": "122715000", "nonInterestIncome": "None", "otherNonOperatingIncome": "None", "depreciation": "None", "depreciationAndAmortization": "152157000", "incomeBeforeTax": "36693000", "incomeTaxExpense": "1317000", "interestAndDebtExpense": "None", "netIncomeFromContinuingOperations": "0", "comprehensiveIncomeNetOfTax": "None", "ebit": "150545000", "ebitda": "302702000", "netIncome": "178241000"}, {"fiscalDateEnding": "2008-06-30", "reportedCurrency": "USD", "grossProfit": "480912000", "totalRevenue": "535525000", "costOfRevenue": "54613000", "costofGoodsAndServicesSold": "54613000", "operatingIncome": "165859000", "sellingGeneralAndAdministrative": "11774000", "researchAndDevelopment": "0", "operatingExpenses": "369666000", "investmentIncomeNet": "None", "netInterestIncome": "None", "interestIncome": "None", "interestExpense": "114850000", "nonInterestIncome": "None", "otherNonOperatingIncome": "None", "depreciation": "None", "depreciationAndAmortization": "148954000", "incomeBeforeTax": "51009000", "incomeTaxExpense": "1628000", "interestAndDebtExpense": "None", "netIncomeFromContinuingOperations": "0", "comprehensiveIncomeNetOfTax": "None", "ebit": "160200000", "ebitda": "309154000", "netIncome": "132612000"}, {"fiscalDateEnding": "2008-03-31", "reportedCurrency": "USD", "grossProfit": "466887000", "totalRevenue": "522812000", "costOfRevenue": "55925000", "costofGoodsAndServicesSold": "55925000", "operatingIncome": "146847000", "sellingGeneralAndAdministrative": "12481000", "researchAndDevelopment": "0", "operatingExpenses": "375846000", "investmentIncomeNet": "None", "netInterestIncome": "None", "interestIncome": "None", "interestExpense": "116040000", "nonInterestIncome": "None", "otherNonOperatingIncome": "None", "depreciation": "None", "depreciationAndAmortization": "147748000", "incomeBeforeTax": "30807000", "incomeTaxExpense": "2898000", "interestAndDebtExpense": "None", "netIncomeFromContinuingOperations": "0", "comprehensiveIncomeNetOfTax": "None", "ebit": "142534000", "ebitda": "290282000", "netIncome": "140482000"}, {"fiscalDateEnding": "2007-12-31", "reportedCurrency": "USD", "grossProfit": "306504000", "totalRevenue": "513790000", "costOfRevenue": "207286000", "costofGoodsAndServicesSold": "207286000", "operatingIncome": "154592000", "sellingGeneralAndAdministrative": "14639000", "researchAndDevelopment": "0", "operatingExpenses": "-136498000", "investmentIncomeNet": "None", "netInterestIncome": "None", "interestIncome": "None", "interestExpense": "123277000", "nonInterestIncome": "None", "otherNonOperatingIncome": "None", "depreciation": "None", "depreciationAndAmortization": "157347000", "incomeBeforeTax": "123277000", "incomeTaxExpense": "-123277000", "interestAndDebtExpense": "None", "netIncomeFromContinuingOperations": "0", "comprehensiveIncomeNetOfTax": "None", "ebit": "650288000", "ebitda": "807635000", "netIncome": "123277000"}, {"fiscalDateEnding": "2007-09-30", "reportedCurrency": "USD", "grossProfit": "474004000", "totalRevenue": "527456000", "costOfRevenue": "53452000", "costofGoodsAndServicesSold": "53452000", "operatingIncome": "145981000", "sellingGeneralAndAdministrative": "13137000", "researchAndDevelopment": "0", "operatingExpenses": "380849000", "investmentIncomeNet": "None", "netInterestIncome": "None", "interestIncome": "None", "interestExpense": "457707000", "nonInterestIncome": "None", "otherNonOperatingIncome": "None", "depreciation": "None", "depreciationAndAmortization": "154398000", "incomeBeforeTax": "457707000", "incomeTaxExpense": "-457707000", "interestAndDebtExpense": "None", "netIncomeFromContinuingOperations": "0", "comprehensiveIncomeNetOfTax": "None", "ebit": "145404000", "ebitda": "299802000", "netIncome": "457707000"}, {"fiscalDateEnding": "2007-06-30", "reportedCurrency": "USD", "grossProfit": "476444000", "totalRevenue": "531746000", "costOfRevenue": "55302000", "costofGoodsAndServicesSold": "55302000", "operatingIncome": "148448000", "sellingGeneralAndAdministrative": "11549000", "researchAndDevelopment": "0", "operatingExpenses": "383140000", "investmentIncomeNet": "None", "netInterestIncome": "None", "interestIncome": "None", "interestExpense": "282401000", "nonInterestIncome": "None", "otherNonOperatingIncome": "None", "depreciation": "None", "depreciationAndAmortization": "157211000", "incomeBeforeTax": "282401000", "incomeTaxExpense": "-282401000", "interestAndDebtExpense": "None", "netIncomeFromContinuingOperations": "0", "comprehensiveIncomeNetOfTax": "None", "ebit": "140582000", "ebitda": "297793000", "netIncome": "282401000"}, {"fiscalDateEnding": "2007-03-31", "reportedCurrency": "USD", "grossProfit": "467188000", "totalRevenue": "526165000", "costOfRevenue": "58977000", "costofGoodsAndServicesSold": "58977000", "operatingIncome": "135339000", "sellingGeneralAndAdministrative": "9966000", "researchAndDevelopment": "0", "operatingExpenses": "390590000", "investmentIncomeNet": "None", "netInterestIncome": "None", "interestIncome": "None", "interestExpense": "126237000", "nonInterestIncome": "None", "otherNonOperatingIncome": "None", "depreciation": "None", "depreciationAndAmortization": "154892000", "incomeBeforeTax": "126237000", "incomeTaxExpense": "-126237000", "interestAndDebtExpense": "None", "netIncomeFromContinuingOperations": "0", "comprehensiveIncomeNetOfTax": "None", "ebit": "120928000", "ebitda": "275820000", "netIncome": "126237000"}, {"fiscalDateEnding": "2006-12-31", "reportedCurrency": "USD", "grossProfit": "313271000", "totalRevenue": "512853000", "costOfRevenue": "199582000", "costofGoodsAndServicesSold": "199582000", "operatingIncome": "104271000", "sellingGeneralAndAdministrative": "10827000", "researchAndDevelopment": "0", "operatingExpenses": "374580000", "investmentIncomeNet": "None", "netInterestIncome": "None", "interestIncome": "None", "interestExpense": "465061000", "nonInterestIncome": "None", "otherNonOperatingIncome": "None", "depreciation": "None", "depreciationAndAmortization": "152123000", "incomeBeforeTax": "465061000", "incomeTaxExpense": "-465061000", "interestAndDebtExpense": "None", "netIncomeFromContinuingOperations": "0", "comprehensiveIncomeNetOfTax": "None", "ebit": "138273000", "ebitda": "290396000", "netIncome": "465061000"}, {"fiscalDateEnding": "2006-09-30", "reportedCurrency": "USD", "grossProfit": "462340000", "totalRevenue": "513865000", "costOfRevenue": "51525000", "costofGoodsAndServicesSold": "51525000", "operatingIncome": "140784000", "sellingGeneralAndAdministrative": "14448000", "researchAndDevelopment": "0", "operatingExpenses": "373081000", "investmentIncomeNet": "None", "netInterestIncome": "None", "interestIncome": "None", "interestExpense": "69811000", "nonInterestIncome": "None", "otherNonOperatingIncome": "None", "depreciation": "None", "depreciationAndAmortization": "143437000", "incomeBeforeTax": "69811000", "incomeTaxExpense": "-69811000", "interestAndDebtExpense": "None", "netIncomeFromContinuingOperations": "0", "comprehensiveIncomeNetOfTax": "None", "ebit": "124996000", "ebitda": "268433000", "netIncome": "69811000"}, {"fiscalDateEnding": "2006-06-30", "reportedCurrency": "USD", "grossProfit": "442585000", "totalRevenue": "491939000", "costOfRevenue": "49354000", "costofGoodsAndServicesSold": "49354000", "operatingIncome": "140321000", "sellingGeneralAndAdministrative": "9584000", "researchAndDevelopment": "0", "operatingExpenses": "351618000", "investmentIncomeNet": "None", "netInterestIncome": "None", "interestIncome": "None", "interestExpense": "160157000", "nonInterestIncome": "None", "otherNonOperatingIncome": "None", "depreciation": "None", "depreciationAndAmortization": "150903000", "incomeBeforeTax": "160157000", "incomeTaxExpense": "-160157000", "interestAndDebtExpense": "None", "netIncomeFromContinuingOperations": "0", "comprehensiveIncomeNetOfTax": "None", "ebit": "133995000", "ebitda": "284898000", "netIncome": "160157000"}, {"fiscalDateEnding": "2006-03-31", "reportedCurrency": "USD", "grossProfit": "467909000", "totalRevenue": "520979000", "costOfRevenue": "53070000", "costofGoodsAndServicesSold": "53070000", "operatingIncome": "142019000", "sellingGeneralAndAdministrative": "13817000", "researchAndDevelopment": "0", "operatingExpenses": "378960000", "investmentIncomeNet": "None", "netInterestIncome": "None", "interestIncome": "None", "interestExpense": "377815000", "nonInterestIncome": "None", "otherNonOperatingIncome": "None", "depreciation": "None", "depreciationAndAmortization": "147015000", "incomeBeforeTax": "377815000", "incomeTaxExpense": "-377815000", "interestAndDebtExpense": "None", "netIncomeFromContinuingOperations": "0", "comprehensiveIncomeNetOfTax": "None", "ebit": "126800000", "ebitda": "273815000", "netIncome": "377815000"}, {"fiscalDateEnding": "2005-12-31", "reportedCurrency": "USD", "grossProfit": "268252000", "totalRevenue": "492652000", "costOfRevenue": "224400000", "costofGoodsAndServicesSold": "224400000", "operatingIncome": "117464000", "sellingGeneralAndAdministrative": "26787000", "researchAndDevelopment": "0", "operatingExpenses": "375188000", "investmentIncomeNet": "None", "netInterestIncome": "None", "interestIncome": "None", "interestExpense": "225886000", "nonInterestIncome": "None", "otherNonOperatingIncome": "None", "depreciation": "None", "depreciationAndAmortization": "137046000", "incomeBeforeTax": "225886000", "incomeTaxExpense": "-225886000", "interestAndDebtExpense": "None", "netIncomeFromContinuingOperations": "0", "comprehensiveIncomeNetOfTax": "None", "ebit": "117464000", "ebitda": "254510000", "netIncome": "225886000"}, {"fiscalDateEnding": "2005-09-30", "reportedCurrency": "USD", "grossProfit": "444705000", "totalRevenue": "504406000", "costOfRevenue": "59701000", "costofGoodsAndServicesSold": "59701000", "operatingIncome": "129901000", "sellingGeneralAndAdministrative": "14243000", "researchAndDevelopment": "0", "operatingExpenses": "374505000", "investmentIncomeNet": "None", "netInterestIncome": "None", "interestIncome": "None", "interestExpense": "267524000", "nonInterestIncome": "None", "otherNonOperatingIncome": "None", "depreciation": "None", "depreciationAndAmortization": "132166000", "incomeBeforeTax": "267524000", "incomeTaxExpense": "-267524000", "interestAndDebtExpense": "None", "netIncomeFromContinuingOperations": "0", "comprehensiveIncomeNetOfTax": "None", "ebit": "129901000", "ebitda": "262067000", "netIncome": "267524000"}, {"fiscalDateEnding": "2005-06-30", "reportedCurrency": "USD", "grossProfit": "446681000", "totalRevenue": "499503000", "costOfRevenue": "52822000", "costofGoodsAndServicesSold": "52822000", "operatingIncome": "140974000", "sellingGeneralAndAdministrative": "14211000", "researchAndDevelopment": "0", "operatingExpenses": "358529000", "investmentIncomeNet": "None", "netInterestIncome": "None", "interestIncome": "None", "interestExpense": "141344000", "nonInterestIncome": "None", "otherNonOperatingIncome": "None", "depreciation": "None", "depreciationAndAmortization": "130442000", "incomeBeforeTax": "141344000", "incomeTaxExpense": "-141344000", "interestAndDebtExpense": "None", "netIncomeFromContinuingOperations": "0", "comprehensiveIncomeNetOfTax": "None", "ebit": "116263000", "ebitda": "246705000", "netIncome": "141344000"}, {"fiscalDateEnding": "2005-03-31", "reportedCurrency": "USD", "grossProfit": "434862000", "totalRevenue": "488502000", "costOfRevenue": "53640000", "costofGoodsAndServicesSold": "53640000", "operatingIncome": "130956000", "sellingGeneralAndAdministrative": "17060000", "researchAndDevelopment": "0", "operatingExpenses": "357546000", "investmentIncomeNet": "None", "netInterestIncome": "None", "interestIncome": "None", "interestExpense": "227039000", "nonInterestIncome": "None", "otherNonOperatingIncome": "None", "depreciation": "None", "depreciationAndAmortization": "129304000", "incomeBeforeTax": "227039000", "incomeTaxExpense": "-227039000", "interestAndDebtExpense": "None", "netIncomeFromContinuingOperations": "0", "comprehensiveIncomeNetOfTax": "None", "ebit": "130956000", "ebitda": "260260000", "netIncome": "227039000"}, {"fiscalDateEnding": "2004-12-31", "reportedCurrency": "USD", "grossProfit": "240393000", "totalRevenue": "462841000", "costOfRevenue": "222448000", "costofGoodsAndServicesSold": "222448000", "operatingIncome": "127435000", "sellingGeneralAndAdministrative": "16156000", "researchAndDevelopment": "0", "operatingExpenses": "335406000", "investmentIncomeNet": "None", "netInterestIncome": "None", "interestIncome": "None", "interestExpense": "150633000", "nonInterestIncome": "None", "otherNonOperatingIncome": "None", "depreciation": "None", "depreciationAndAmortization": "127932000", "incomeBeforeTax": "150633000", "incomeTaxExpense": "-150633000", "interestAndDebtExpense": "None", "netIncomeFromContinuingOperations": "0", "comprehensiveIncomeNetOfTax": "None", "ebit": "127435000", "ebitda": "255367000", "netIncome": "150633000"}]}