{"symbol": "HOLX", "annualReports": [{"fiscalDateEnding": "2024-09-30", "reportedCurrency": "USD", "grossProfit": "2227800000", "totalRevenue": "4030300000", "costOfRevenue": "1802500000", "costofGoodsAndServicesSold": "1802500000", "operatingIncome": "970200000", "sellingGeneralAndAdministrative": "409400000", "researchAndDevelopment": "272800000", "operatingExpenses": "1345200000", "investmentIncomeNet": "None", "netInterestIncome": "-13400000", "interestIncome": "108700000", "interestExpense": "122100000", "nonInterestIncome": "None", "otherNonOperatingIncome": "None", "depreciation": "None", "depreciationAndAmortization": "309000000", "incomeBeforeTax": "865100000", "incomeTaxExpense": "75600000", "interestAndDebtExpense": "None", "netIncomeFromContinuingOperations": "789500000", "comprehensiveIncomeNetOfTax": "None", "ebit": "987200000", "ebitda": "1296200000", "netIncome": "789500000"}, {"fiscalDateEnding": "2023-09-30", "reportedCurrency": "USD", "grossProfit": "2071500000", "totalRevenue": "4030400000", "costOfRevenue": "1958900000", "costofGoodsAndServicesSold": "1958900000", "operatingIncome": "668400000", "sellingGeneralAndAdministrative": "392400000", "researchAndDevelopment": "294300000", "operatingExpenses": "1310000000", "investmentIncomeNet": "None", "netInterestIncome": "9400000", "interestIncome": "120500000", "interestExpense": "111100000", "nonInterestIncome": "None", "otherNonOperatingIncome": "None", "depreciation": "None", "depreciationAndAmortization": "323400000", "incomeBeforeTax": "676100000", "incomeTaxExpense": "220100000", "interestAndDebtExpense": "None", "netIncomeFromContinuingOperations": "456000000", "comprehensiveIncomeNetOfTax": "None", "ebit": "787200000", "ebitda": "1110600000", "netIncome": "456000000"}, {"fiscalDateEnding": "2022-09-30", "reportedCurrency": "USD", "grossProfit": "2997400000", "totalRevenue": "4862800000", "costOfRevenue": "1865400000", "costofGoodsAndServicesSold": "1865400000", "operatingIncome": "1640200000", "sellingGeneralAndAdministrative": "407700000", "researchAndDevelopment": "283400000", "operatingExpenses": "1366600000", "investmentIncomeNet": "None", "netInterestIncome": "-82200000", "interestIncome": "12900000", "interestExpense": "95100000", "nonInterestIncome": "None", "otherNonOperatingIncome": "43100000", "depreciation": "None", "depreciationAndAmortization": "430100000", "incomeBeforeTax": "1588200000", "incomeTaxExpense": "286200000", "interestAndDebtExpense": "None", "netIncomeFromContinuingOperations": "1302000000", "comprehensiveIncomeNetOfTax": "None", "ebit": "1683300000", "ebitda": "2113400000", "netIncome": "1302000000"}, {"fiscalDateEnding": "2021-09-30", "reportedCurrency": "USD", "grossProfit": "3795800000", "totalRevenue": "5632300000", "costOfRevenue": "1836500000", "costofGoodsAndServicesSold": "1836500000", "operatingIncome": "2480300000", "sellingGeneralAndAdministrative": "433200000", "researchAndDevelopment": "276300000", "operatingExpenses": "1312900000", "investmentIncomeNet": "None", "netInterestIncome": "-92200000", "interestIncome": "1400000", "interestExpense": "93600000", "nonInterestIncome": "None", "otherNonOperatingIncome": "-25600000", "depreciation": "None", "depreciationAndAmortization": "406900000", "incomeBeforeTax": "2361100000", "incomeTaxExpense": "491400000", "interestAndDebtExpense": "None", "netIncomeFromContinuingOperations": "1869700000", "comprehensiveIncomeNetOfTax": "None", "ebit": "2454700000", "ebitda": "2861600000", "netIncome": "1871500000"}, {"fiscalDateEnding": "2020-09-30", "reportedCurrency": "USD", "grossProfit": "2227500000", "totalRevenue": "3776400000", "costOfRevenue": "1548900000", "costofGoodsAndServicesSold": "1548900000", "operatingIncome": "1105000000", "sellingGeneralAndAdministrative": "356000000", "researchAndDevelopment": "222500000", "operatingExpenses": "1102800000", "investmentIncomeNet": "None", "netInterestIncome": "-112200000", "interestIncome": "4300000", "interestExpense": "116500000", "nonInterestIncome": "None", "otherNonOperatingIncome": "13400000", "depreciation": "None", "depreciationAndAmortization": "376000000", "incomeBeforeTax": "1001900000", "incomeTaxExpense": "-108600000", "interestAndDebtExpense": "None", "netIncomeFromContinuingOperations": "1110500000", "comprehensiveIncomeNetOfTax": "None", "ebit": "1120700000", "ebitda": "1496700000", "netIncome": "1115200000"}, {"fiscalDateEnding": "2019-09-30", "reportedCurrency": "USD", "grossProfit": "1308100000", "totalRevenue": "3367300000", "costOfRevenue": "2059200000", "costofGoodsAndServicesSold": "2059200000", "operatingIncome": "134400000", "sellingGeneralAndAdministrative": "332300000", "researchAndDevelopment": "232200000", "operatingExpenses": "1181400000", "investmentIncomeNet": "None", "netInterestIncome": "-136200000", "interestIncome": "4600000", "interestExpense": "140800000", "nonInterestIncome": "None", "otherNonOperatingIncome": "None", "depreciation": "None", "depreciationAndAmortization": "463000000", "incomeBeforeTax": "-95300000", "incomeTaxExpense": "-55100000", "interestAndDebtExpense": "None", "netIncomeFromContinuingOperations": "-203600000", "comprehensiveIncomeNetOfTax": "None", "ebit": "-116900000", "ebitda": "346100000", "netIncome": "-40200000"}, {"fiscalDateEnding": "2018-09-30", "reportedCurrency": "USD", "grossProfit": "1696700000", "totalRevenue": "3217900000", "costOfRevenue": "1521200000", "costofGoodsAndServicesSold": "1521200000", "operatingIncome": "-237900000", "sellingGeneralAndAdministrative": "366100000", "researchAndDevelopment": "218700000", "operatingExpenses": "1188700000", "investmentIncomeNet": "None", "netInterestIncome": "-142400000", "interestIncome": "6300000", "interestExpense": "148700000", "nonInterestIncome": "None", "otherNonOperatingIncome": "-32000000", "depreciation": "None", "depreciationAndAmortization": "480300000", "incomeBeforeTax": "-418600000", "incomeTaxExpense": "-307300000", "interestAndDebtExpense": "None", "netIncomeFromContinuingOperations": "-111300000", "comprehensiveIncomeNetOfTax": "None", "ebit": "-269900000", "ebitda": "210400000", "netIncome": "-111300000"}, {"fiscalDateEnding": "2017-09-30", "reportedCurrency": "USD", "grossProfit": "1621000000", "totalRevenue": "3058800000", "costOfRevenue": "1437800000", "costofGoodsAndServicesSold": "1437800000", "operatingIncome": "1370200000", "sellingGeneralAndAdministrative": "343300000", "researchAndDevelopment": "232800000", "operatingExpenses": "1137200000", "investmentIncomeNet": "None", "netInterestIncome": "-149400000", "interestIncome": "3800000", "interestExpense": "153200000", "nonInterestIncome": "None", "otherNonOperatingIncome": "13500000", "depreciation": "None", "depreciationAndAmortization": "449200000", "incomeBeforeTax": "1230500000", "incomeTaxExpense": "475000000", "interestAndDebtExpense": "None", "netIncomeFromContinuingOperations": "755500000", "comprehensiveIncomeNetOfTax": "None", "ebit": "1383700000", "ebitda": "1832900000", "netIncome": "755500000"}, {"fiscalDateEnding": "2016-09-30", "reportedCurrency": "USD", "grossProfit": "1563300000", "totalRevenue": "2832700000", "costOfRevenue": "1269400000", "costofGoodsAndServicesSold": "1269400000", "operatingIncome": "548600000", "sellingGeneralAndAdministrative": "267300000", "researchAndDevelopment": "232100000", "operatingExpenses": "1004200000", "investmentIncomeNet": "None", "netInterestIncome": "-154600000", "interestIncome": "700000", "interestExpense": "155300000", "nonInterestIncome": "None", "otherNonOperatingIncome": "22000000", "depreciation": "None", "depreciationAndAmortization": "465400000", "incomeBeforeTax": "415300000", "incomeTaxExpense": "84500000", "interestAndDebtExpense": "None", "netIncomeFromContinuingOperations": "499800000", "comprehensiveIncomeNetOfTax": "None", "ebit": "570600000", "ebitda": "1036000000", "netIncome": "330800000"}, {"fiscalDateEnding": "2015-09-30", "reportedCurrency": "USD", "grossProfit": "1432700000", "totalRevenue": "2705000000", "costOfRevenue": "1272300000", "costofGoodsAndServicesSold": "1272300000", "operatingIncome": "455100000", "sellingGeneralAndAdministrative": "261000000", "researchAndDevelopment": "214900000", "operatingExpenses": "949100000", "investmentIncomeNet": "None", "netInterestIncome": "None", "interestIncome": "204200000", "interestExpense": "205500000", "nonInterestIncome": "None", "otherNonOperatingIncome": "-72400000", "depreciation": "None", "depreciationAndAmortization": "491400000", "incomeBeforeTax": "177200000", "incomeTaxExpense": "45600000", "interestAndDebtExpense": "None", "netIncomeFromContinuingOperations": "222800000", "comprehensiveIncomeNetOfTax": "None", "ebit": "382700000", "ebitda": "874100000", "netIncome": "131600000"}, {"fiscalDateEnding": "2014-09-30", "reportedCurrency": "USD", "grossProfit": "1245500000", "totalRevenue": "2530700000", "costOfRevenue": "1285200000", "costofGoodsAndServicesSold": "1285200000", "operatingIncome": "279700000", "sellingGeneralAndAdministrative": "259800000", "researchAndDevelopment": "203200000", "operatingExpenses": "908500000", "investmentIncomeNet": "None", "netInterestIncome": "None", "interestIncome": "None", "interestExpense": "220600000", "nonInterestIncome": "None", "otherNonOperatingIncome": "-11000000", "depreciation": "None", "depreciationAndAmortization": "113800000", "incomeBeforeTax": "48100000", "incomeTaxExpense": "30800000", "interestAndDebtExpense": "None", "netIncomeFromContinuingOperations": "78900000", "comprehensiveIncomeNetOfTax": "None", "ebit": "678100000", "ebitda": "791900000", "netIncome": "17300000"}, {"fiscalDateEnding": "2013-09-30", "reportedCurrency": "USD", "grossProfit": "1161388000", "totalRevenue": "2492279000", "costOfRevenue": "1330891000", "costofGoodsAndServicesSold": "1330891000", "operatingIncome": "-906282000", "sellingGeneralAndAdministrative": "227680000", "researchAndDevelopment": "197646000", "operatingExpenses": "880060000", "investmentIncomeNet": "None", "netInterestIncome": "None", "interestIncome": "None", "interestExpense": "281075000", "nonInterestIncome": "None", "otherNonOperatingIncome": "-5604000", "depreciation": "None", "depreciationAndAmortization": "112597000", "incomeBeforeTax": "-1192961000", "incomeTaxExpense": "-20123000", "interestAndDebtExpense": "None", "netIncomeFromContinuingOperations": "-1172838000", "comprehensiveIncomeNetOfTax": "None", "ebit": "-508473000", "ebitda": "-395876000", "netIncome": "-1172838000"}, {"fiscalDateEnding": "2012-09-30", "reportedCurrency": "USD", "grossProfit": "994437000", "totalRevenue": "2002652000", "costOfRevenue": "1008215000", "costofGoodsAndServicesSold": "1008215000", "operatingIncome": "113717000", "sellingGeneralAndAdministrative": "220042000", "researchAndDevelopment": "130962000", "operatingExpenses": "745806000", "investmentIncomeNet": "None", "netInterestIncome": "None", "interestIncome": "None", "interestExpense": "140287000", "nonInterestIncome": "None", "otherNonOperatingIncome": "7256000", "depreciation": "None", "depreciationAndAmortization": "72036000", "incomeBeforeTax": "-61661000", "incomeTaxExpense": "11973000", "interestAndDebtExpense": "None", "netIncomeFromContinuingOperations": "-73634000", "comprehensiveIncomeNetOfTax": "None", "ebit": "352364000", "ebitda": "424400000", "netIncome": "-73634000"}, {"fiscalDateEnding": "2011-09-30", "reportedCurrency": "USD", "grossProfit": "923181000", "totalRevenue": "1789349000", "costOfRevenue": "866168000", "costofGoodsAndServicesSold": "866168000", "operatingIncome": "374445000", "sellingGeneralAndAdministrative": "158793000", "researchAndDevelopment": "116696000", "operatingExpenses": "536051000", "investmentIncomeNet": "None", "netInterestIncome": "None", "interestIncome": "None", "interestExpense": "114846000", "nonInterestIncome": "None", "otherNonOperatingIncome": "-2322000", "depreciation": "None", "depreciationAndAmortization": "58334000", "incomeBeforeTax": "227386000", "incomeTaxExpense": "70236000", "interestAndDebtExpense": "None", "netIncomeFromContinuingOperations": "157150000", "comprehensiveIncomeNetOfTax": "None", "ebit": "588634000", "ebitda": "646968000", "netIncome": "157150000"}, {"fiscalDateEnding": "2010-09-30", "reportedCurrency": "USD", "grossProfit": "736638000", "totalRevenue": "1679552000", "costOfRevenue": "942914000", "costofGoodsAndServicesSold": "942914000", "operatingIncome": "69937000", "sellingGeneralAndAdministrative": "159743000", "researchAndDevelopment": "104305000", "operatingExpenses": "566280000", "investmentIncomeNet": "None", "netInterestIncome": "None", "interestIncome": "None", "interestExpense": "126206000", "nonInterestIncome": "None", "otherNonOperatingIncome": "2179000", "depreciation": "None", "depreciationAndAmortization": "54858000", "incomeBeforeTax": "-54991000", "incomeTaxExpense": "7822000", "interestAndDebtExpense": "None", "netIncomeFromContinuingOperations": "-62813000", "comprehensiveIncomeNetOfTax": "None", "ebit": "312026000", "ebitda": "366884000", "netIncome": "-62813000"}, {"fiscalDateEnding": "2009-09-30", "reportedCurrency": "USD", "grossProfit": "857486000", "totalRevenue": "1637134000", "costOfRevenue": "779648000", "costofGoodsAndServicesSold": "779648000", "operatingIncome": "-2016674000", "sellingGeneralAndAdministrative": "148825000", "researchAndDevelopment": "94328000", "operatingExpenses": "533340000", "investmentIncomeNet": "None", "netInterestIncome": "None", "interestIncome": "None", "interestExpense": "73162000", "nonInterestIncome": "None", "otherNonOperatingIncome": "-2499000", "depreciation": "None", "depreciationAndAmortization": "51210000", "incomeBeforeTax": "-2088675000", "incomeTaxExpense": "87562000", "interestAndDebtExpense": "None", "netIncomeFromContinuingOperations": "-2176237000", "comprehensiveIncomeNetOfTax": "None", "ebit": "-1796459000", "ebitda": "-1745249000", "netIncome": "-2176237000"}, {"fiscalDateEnding": "2008-09-30", "reportedCurrency": "USD", "grossProfit": "892518000", "totalRevenue": "1674499000", "costOfRevenue": "781981000", "costofGoodsAndServicesSold": "781981000", "operatingIncome": "-197542000", "sellingGeneralAndAdministrative": "147405000", "researchAndDevelopment": "81421000", "operatingExpenses": "518477000", "investmentIncomeNet": "None", "netInterestIncome": "None", "interestIncome": "None", "interestExpense": "84912000", "nonInterestIncome": "None", "otherNonOperatingIncome": "None", "depreciation": "None", "depreciationAndAmortization": "172950000", "incomeBeforeTax": "-279141000", "incomeTaxExpense": "106476000", "interestAndDebtExpense": "None", "netIncomeFromContinuingOperations": "None", "comprehensiveIncomeNetOfTax": "None", "ebit": "-194229000", "ebitda": "-21279000", "netIncome": "-385617000"}, {"fiscalDateEnding": "2007-09-30", "reportedCurrency": "USD", "grossProfit": "345567000", "totalRevenue": "738368000", "costOfRevenue": "392801000", "costofGoodsAndServicesSold": "392801000", "operatingIncome": "147752000", "sellingGeneralAndAdministrative": "62902000", "researchAndDevelopment": "44484000", "operatingExpenses": "197815000", "investmentIncomeNet": "None", "netInterestIncome": "None", "interestIncome": "None", "interestExpense": "737000", "nonInterestIncome": "None", "otherNonOperatingIncome": "None", "depreciation": "None", "depreciationAndAmortization": "31162000", "incomeBeforeTax": "148489000", "incomeTaxExpense": "53911000", "interestAndDebtExpense": "None", "netIncomeFromContinuingOperations": "None", "comprehensiveIncomeNetOfTax": "None", "ebit": "147752000", "ebitda": "178914000", "netIncome": "94578000"}, {"fiscalDateEnding": "2006-09-30", "reportedCurrency": "USD", "grossProfit": "193532000", "totalRevenue": "462680000", "costOfRevenue": "269148000", "costofGoodsAndServicesSold": "269148000", "operatingIncome": "50339000", "sellingGeneralAndAdministrative": "42551000", "researchAndDevelopment": "28294000", "operatingExpenses": "123293000", "investmentIncomeNet": "None", "netInterestIncome": "None", "interestIncome": "None", "interestExpense": "1198000", "nonInterestIncome": "None", "otherNonOperatingIncome": "None", "depreciation": "None", "depreciationAndAmortization": "16133000", "incomeBeforeTax": "53223000", "incomeTaxExpense": "25800000", "interestAndDebtExpense": "None", "netIncomeFromContinuingOperations": "None", "comprehensiveIncomeNetOfTax": "None", "ebit": "54421000", "ebitda": "70554000", "netIncome": "27423000"}, {"fiscalDateEnding": "2005-09-30", "reportedCurrency": "USD", "grossProfit": "113025000", "totalRevenue": "287684000", "costOfRevenue": "174659000", "costofGoodsAndServicesSold": "174659000", "operatingIncome": "32631000", "sellingGeneralAndAdministrative": "27578000", "researchAndDevelopment": "18617000", "operatingExpenses": "80394000", "investmentIncomeNet": "None", "netInterestIncome": "None", "interestIncome": "None", "interestExpense": "155000", "nonInterestIncome": "None", "otherNonOperatingIncome": "None", "depreciation": "None", "depreciationAndAmortization": "7574000", "incomeBeforeTax": "34695000", "incomeTaxExpense": "6439000", "interestAndDebtExpense": "None", "netIncomeFromContinuingOperations": "None", "comprehensiveIncomeNetOfTax": "None", "ebit": "32631000", "ebitda": "40205000", "netIncome": "28256000"}], "quarterlyReports": [{"fiscalDateEnding": "2024-12-31", "reportedCurrency": "USD", "grossProfit": "580500000", "totalRevenue": "1021800000", "costOfRevenue": "441300000", "costofGoodsAndServicesSold": "441300000", "operatingIncome": "229800000", "sellingGeneralAndAdministrative": "115700000", "researchAndDevelopment": "60300000", "operatingExpenses": "350700000", "investmentIncomeNet": "None", "netInterestIncome": "-6300000", "interestIncome": "24200000", "interestExpense": "30500000", "nonInterestIncome": "None", "otherNonOperatingIncome": "None", "depreciation": "None", "depreciationAndAmortization": "74000000", "incomeBeforeTax": "247500000", "incomeTaxExpense": "46500000", "interestAndDebtExpense": "None", "netIncomeFromContinuingOperations": "201000000", "comprehensiveIncomeNetOfTax": "None", "ebit": "278000000", "ebitda": "352000000", "netIncome": "201000000"}, {"fiscalDateEnding": "2024-09-30", "reportedCurrency": "USD", "grossProfit": "557600000", "totalRevenue": "987900000", "costOfRevenue": "430300000", "costofGoodsAndServicesSold": "430300000", "operatingIncome": "230100000", "sellingGeneralAndAdministrative": "103200000", "researchAndDevelopment": "67300000", "operatingExpenses": "327600000", "investmentIncomeNet": "None", "netInterestIncome": "-3500000", "interestIncome": "28400000", "interestExpense": "31900000", "nonInterestIncome": "None", "otherNonOperatingIncome": "None", "depreciation": "None", "depreciationAndAmortization": "74600000", "incomeBeforeTax": "221600000", "incomeTaxExpense": "43000000", "interestAndDebtExpense": "None", "netIncomeFromContinuingOperations": "178600000", "comprehensiveIncomeNetOfTax": "None", "ebit": "253500000", "ebitda": "328100000", "netIncome": "178600000"}, {"fiscalDateEnding": "2024-06-30", "reportedCurrency": "USD", "grossProfit": "568300000", "totalRevenue": "1011400000", "costOfRevenue": "443100000", "costofGoodsAndServicesSold": "443100000", "operatingIncome": "263899999", "sellingGeneralAndAdministrative": "94000000", "researchAndDevelopment": "64099999", "operatingExpenses": "304400000", "investmentIncomeNet": "None", "netInterestIncome": "-3500000", "interestIncome": "28400000", "interestExpense": "31900000", "nonInterestIncome": "None", "otherNonOperatingIncome": "None", "depreciation": "None", "depreciationAndAmortization": "72300000", "incomeBeforeTax": "240700000", "incomeTaxExpense": "46200000", "interestAndDebtExpense": "None", "netIncomeFromContinuingOperations": "194500000", "comprehensiveIncomeNetOfTax": "None", "ebit": "272600000", "ebitda": "344900000", "netIncome": "194500000"}, {"fiscalDateEnding": "2024-03-31", "reportedCurrency": "USD", "grossProfit": "562500000", "totalRevenue": "1017800000", "costOfRevenue": "455300000", "costofGoodsAndServicesSold": "455300000", "operatingIncome": "243300000", "sellingGeneralAndAdministrative": "100400000", "researchAndDevelopment": "74600000", "operatingExpenses": "319200000", "investmentIncomeNet": "None", "netInterestIncome": "-8300000", "interestIncome": "24000000", "interestExpense": "32300000", "nonInterestIncome": "None", "otherNonOperatingIncome": "None", "depreciation": "None", "depreciationAndAmortization": "73700000", "incomeBeforeTax": "211500000", "incomeTaxExpense": "41600000", "interestAndDebtExpense": "None", "netIncomeFromContinuingOperations": "169900000", "comprehensiveIncomeNetOfTax": "None", "ebit": "243800000", "ebitda": "317500000", "netIncome": "169900000"}, {"fiscalDateEnding": "2023-12-31", "reportedCurrency": "USD", "grossProfit": "567500000", "totalRevenue": "1013100000", "costOfRevenue": "445600000", "costofGoodsAndServicesSold": "445600000", "operatingIncome": "198200000", "sellingGeneralAndAdministrative": "111800000", "researchAndDevelopment": "66800000", "operatingExpenses": "327500000", "investmentIncomeNet": "None", "netInterestIncome": "1900000", "interestIncome": "27900000", "interestExpense": "26000000", "nonInterestIncome": "None", "otherNonOperatingIncome": "None", "depreciation": "None", "depreciationAndAmortization": "88400000", "incomeBeforeTax": "191300000", "incomeTaxExpense": "-55200000", "interestAndDebtExpense": "None", "netIncomeFromContinuingOperations": "246500000", "comprehensiveIncomeNetOfTax": "None", "ebit": "109800000", "ebitda": "198200000", "netIncome": "246500000"}, {"fiscalDateEnding": "2023-09-30", "reportedCurrency": "USD", "grossProfit": "500300000", "totalRevenue": "945300000", "costOfRevenue": "445000000", "costofGoodsAndServicesSold": "445000000", "operatingIncome": "132500000", "sellingGeneralAndAdministrative": "92900000", "researchAndDevelopment": "72900000", "operatingExpenses": "311500000", "investmentIncomeNet": "None", "netInterestIncome": "7800000", "interestIncome": "35900000", "interestExpense": "28100000", "nonInterestIncome": "None", "otherNonOperatingIncome": "None", "depreciation": "None", "depreciationAndAmortization": "75500000", "incomeBeforeTax": "145600000", "incomeTaxExpense": "55000000", "interestAndDebtExpense": "None", "netIncomeFromContinuingOperations": "90600000", "comprehensiveIncomeNetOfTax": "None", "ebit": "173700000", "ebitda": "249200000", "netIncome": "90600000"}, {"fiscalDateEnding": "2023-06-30", "reportedCurrency": "USD", "grossProfit": "367500000", "totalRevenue": "984400000", "costOfRevenue": "616900000", "costofGoodsAndServicesSold": "616900000", "operatingIncome": "1400000", "sellingGeneralAndAdministrative": "90200000", "researchAndDevelopment": "72600000", "operatingExpenses": "319700000", "investmentIncomeNet": "None", "netInterestIncome": "4800000", "interestIncome": "32500000", "interestExpense": "27700000", "nonInterestIncome": "None", "otherNonOperatingIncome": "38400000", "depreciation": "None", "depreciationAndAmortization": "81100000", "incomeBeforeTax": "12100000", "incomeTaxExpense": "52600000", "interestAndDebtExpense": "None", "netIncomeFromContinuingOperations": "-40500000", "comprehensiveIncomeNetOfTax": "None", "ebit": "39799999", "ebitda": "120899999", "netIncome": "-40500000"}, {"fiscalDateEnding": "2023-03-31", "reportedCurrency": "USD", "grossProfit": "637900000", "totalRevenue": "1026500000", "costOfRevenue": "388600000", "costofGoodsAndServicesSold": "388600000", "operatingIncome": "261500000", "sellingGeneralAndAdministrative": "100800000", "researchAndDevelopment": "126100000", "operatingExpenses": "362900000", "investmentIncomeNet": "None", "netInterestIncome": "4300000", "interestIncome": "31500000", "interestExpense": "27200000", "nonInterestIncome": "None", "otherNonOperatingIncome": "34400000", "depreciation": "None", "depreciationAndAmortization": "80800000", "incomeBeforeTax": "279300000", "incomeTaxExpense": "60800000", "interestAndDebtExpense": "None", "netIncomeFromContinuingOperations": "218500000", "comprehensiveIncomeNetOfTax": "None", "ebit": "261500000", "ebitda": "342300000", "netIncome": "218500000"}, {"fiscalDateEnding": "2022-12-31", "reportedCurrency": "USD", "grossProfit": "617900000", "totalRevenue": "1074200000", "costOfRevenue": "456300000", "costofGoodsAndServicesSold": "456300000", "operatingIncome": "262400000", "sellingGeneralAndAdministrative": "108500000", "researchAndDevelopment": "74800000", "operatingExpenses": "354400000", "investmentIncomeNet": "None", "netInterestIncome": "-7500000", "interestIncome": "20600000", "interestExpense": "28100000", "nonInterestIncome": "None", "otherNonOperatingIncome": "4800000", "depreciation": "None", "depreciationAndAmortization": "85900000", "incomeBeforeTax": "239100000", "incomeTaxExpense": "51700000", "interestAndDebtExpense": "None", "netIncomeFromContinuingOperations": "187400000", "comprehensiveIncomeNetOfTax": "None", "ebit": "267200000", "ebitda": "353100000", "netIncome": "187400000"}, {"fiscalDateEnding": "2022-09-30", "reportedCurrency": "USD", "grossProfit": "514700000", "totalRevenue": "953200000", "costOfRevenue": "438500000", "costofGoodsAndServicesSold": "438500000", "operatingIncome": "140900000", "sellingGeneralAndAdministrative": "97200000", "researchAndDevelopment": "76000000", "operatingExpenses": "344500000", "investmentIncomeNet": "None", "netInterestIncome": "-14700000", "interestIncome": "9400000", "interestExpense": "24100000", "nonInterestIncome": "None", "otherNonOperatingIncome": "26700000", "depreciation": "None", "depreciationAndAmortization": "106600000", "incomeBeforeTax": "143400000", "incomeTaxExpense": "24700000", "interestAndDebtExpense": "None", "netIncomeFromContinuingOperations": "118700000", "comprehensiveIncomeNetOfTax": "None", "ebit": "167500000", "ebitda": "274100000", "netIncome": "118700000"}, {"fiscalDateEnding": "2022-06-30", "reportedCurrency": "USD", "grossProfit": "549800000", "totalRevenue": "1002700000", "costOfRevenue": "452900000", "costofGoodsAndServicesSold": "452900000", "operatingIncome": "263900000", "sellingGeneralAndAdministrative": "91900000", "researchAndDevelopment": "65100000", "operatingExpenses": "320500000", "investmentIncomeNet": "None", "netInterestIncome": "-20300000", "interestIncome": "2400000", "interestExpense": "22700000", "nonInterestIncome": "None", "otherNonOperatingIncome": "7200000", "depreciation": "None", "depreciationAndAmortization": "109400000", "incomeBeforeTax": "248400000", "incomeTaxExpense": "20000000", "interestAndDebtExpense": "None", "netIncomeFromContinuingOperations": "228400000", "comprehensiveIncomeNetOfTax": "None", "ebit": "271100000", "ebitda": "380500000", "netIncome": "228400000"}, {"fiscalDateEnding": "2022-03-31", "reportedCurrency": "USD", "grossProfit": "946600000", "totalRevenue": "1435700000", "costOfRevenue": "489100000", "costofGoodsAndServicesSold": "489100000", "operatingIncome": "594100000", "sellingGeneralAndAdministrative": "100500000", "researchAndDevelopment": "69500000", "operatingExpenses": "352700000", "investmentIncomeNet": "None", "netInterestIncome": "-21800000", "interestIncome": "800000", "interestExpense": "22600000", "nonInterestIncome": "None", "otherNonOperatingIncome": "2900000", "depreciation": "None", "depreciationAndAmortization": "106200000", "incomeBeforeTax": "574400000", "incomeTaxExpense": "118700000", "interestAndDebtExpense": "None", "netIncomeFromContinuingOperations": "455700000", "comprehensiveIncomeNetOfTax": "None", "ebit": "597000000", "ebitda": "703200000", "netIncome": "455700000"}, {"fiscalDateEnding": "2021-12-31", "reportedCurrency": "USD", "grossProfit": "986300000", "totalRevenue": "1471100000", "costOfRevenue": "484800000", "costofGoodsAndServicesSold": "484800000", "operatingIncome": "641300000", "sellingGeneralAndAdministrative": "117900000", "researchAndDevelopment": "72800000", "operatingExpenses": "348900000", "investmentIncomeNet": "None", "netInterestIncome": "-25200000", "interestIncome": "500000", "interestExpense": "25700000", "nonInterestIncome": "None", "otherNonOperatingIncome": "6300000", "depreciation": "None", "depreciationAndAmortization": "108000000", "incomeBeforeTax": "621900000", "incomeTaxExpense": "122700000", "interestAndDebtExpense": "None", "netIncomeFromContinuingOperations": "499200000", "comprehensiveIncomeNetOfTax": "None", "ebit": "647600000", "ebitda": "755600000", "netIncome": "499200000"}, {"fiscalDateEnding": "2021-09-30", "reportedCurrency": "USD", "grossProfit": "828100000", "totalRevenue": "1316600000", "costOfRevenue": "488500000", "costofGoodsAndServicesSold": "488500000", "operatingIncome": "439500000", "sellingGeneralAndAdministrative": "135400000", "researchAndDevelopment": "76500000", "operatingExpenses": "382500000", "investmentIncomeNet": "None", "netInterestIncome": "-22500000", "interestIncome": "200000", "interestExpense": "22700000", "nonInterestIncome": "None", "otherNonOperatingIncome": "-6100000", "depreciation": "None", "depreciationAndAmortization": "117800000", "incomeBeforeTax": "410600000", "incomeTaxExpense": "81800000", "interestAndDebtExpense": "None", "netIncomeFromContinuingOperations": "328800000", "comprehensiveIncomeNetOfTax": "None", "ebit": "433300000", "ebitda": "551100000", "netIncome": "328800000"}, {"fiscalDateEnding": "2021-06-30", "reportedCurrency": "USD", "grossProfit": "701600000", "totalRevenue": "1168300000", "costOfRevenue": "466700000", "costofGoodsAndServicesSold": "466700000", "operatingIncome": "358600000", "sellingGeneralAndAdministrative": "117300000", "researchAndDevelopment": "69000000", "operatingExpenses": "339400000", "investmentIncomeNet": "None", "netInterestIncome": "-21200000", "interestIncome": "400000", "interestExpense": "21600000", "nonInterestIncome": "None", "otherNonOperatingIncome": "500000", "depreciation": "None", "depreciationAndAmortization": "101200000", "incomeBeforeTax": "337500000", "incomeTaxExpense": "69400000", "interestAndDebtExpense": "None", "netIncomeFromContinuingOperations": "268100000", "comprehensiveIncomeNetOfTax": "None", "ebit": "359100000", "ebitda": "460300000", "netIncome": "268400000"}, {"fiscalDateEnding": "2021-03-31", "reportedCurrency": "USD", "grossProfit": "1085800000", "totalRevenue": "1537600000", "costOfRevenue": "451800000", "costofGoodsAndServicesSold": "451800000", "operatingIncome": "796800000", "sellingGeneralAndAdministrative": "88900000", "researchAndDevelopment": "71500000", "operatingExpenses": "302100000", "investmentIncomeNet": "None", "netInterestIncome": "-21000000", "interestIncome": "300000", "interestExpense": "21300000", "nonInterestIncome": "None", "otherNonOperatingIncome": "5000000", "depreciation": "None", "depreciationAndAmortization": "95200000", "incomeBeforeTax": "780500000", "incomeTaxExpense": "161100000", "interestAndDebtExpense": "None", "netIncomeFromContinuingOperations": "619400000", "comprehensiveIncomeNetOfTax": "None", "ebit": "788700000", "ebitda": "883900000", "netIncome": "619900000"}, {"fiscalDateEnding": "2020-12-31", "reportedCurrency": "USD", "grossProfit": "1180400000", "totalRevenue": "1609800000", "costOfRevenue": "429400000", "costofGoodsAndServicesSold": "429400000", "operatingIncome": "885500000", "sellingGeneralAndAdministrative": "91500000", "researchAndDevelopment": "59300000", "operatingExpenses": "288900000", "investmentIncomeNet": "None", "netInterestIncome": "-27700000", "interestIncome": "400000", "interestExpense": "28100000", "nonInterestIncome": "None", "otherNonOperatingIncome": "-25000000", "depreciation": "None", "depreciationAndAmortization": "92800000", "incomeBeforeTax": "832400000", "incomeTaxExpense": "179000000", "interestAndDebtExpense": "None", "netIncomeFromContinuingOperations": "653400000", "comprehensiveIncomeNetOfTax": "None", "ebit": "860500000", "ebitda": "953300000", "netIncome": "654400000"}, {"fiscalDateEnding": "2020-09-30", "reportedCurrency": "USD", "grossProfit": "931800000", "totalRevenue": "1347000000", "costOfRevenue": "415200000", "costofGoodsAndServicesSold": "415200000", "operatingIncome": "632800000", "sellingGeneralAndAdministrative": "95600000", "researchAndDevelopment": "57000000", "operatingExpenses": "288500000", "investmentIncomeNet": "None", "netInterestIncome": "-24700000", "interestIncome": "300000", "interestExpense": "25000000", "nonInterestIncome": "None", "otherNonOperatingIncome": "9400000", "depreciation": "None", "depreciationAndAmortization": "94300000", "incomeBeforeTax": "617100000", "incomeTaxExpense": "123500000", "interestAndDebtExpense": "None", "netIncomeFromContinuingOperations": "493500000", "comprehensiveIncomeNetOfTax": "None", "ebit": "642400000", "ebitda": "736700000", "netIncome": "494900000"}, {"fiscalDateEnding": "2020-06-30", "reportedCurrency": "USD", "grossProfit": "466100000", "totalRevenue": "822900000", "costOfRevenue": "356800000", "costofGoodsAndServicesSold": "356800000", "operatingIncome": "191000000", "sellingGeneralAndAdministrative": "105300000", "researchAndDevelopment": "55100000", "operatingExpenses": "274100000", "investmentIncomeNet": "None", "netInterestIncome": "-26900000", "interestIncome": "500000", "interestExpense": "27400000", "nonInterestIncome": "None", "otherNonOperatingIncome": "4800000", "depreciation": "None", "depreciationAndAmortization": "93600000", "incomeBeforeTax": "168400000", "incomeTaxExpense": "32000000", "interestAndDebtExpense": "None", "netIncomeFromContinuingOperations": "136400000", "comprehensiveIncomeNetOfTax": "None", "ebit": "192700000", "ebitda": "286300000", "netIncome": "137900000"}, {"fiscalDateEnding": "2020-03-31", "reportedCurrency": "USD", "grossProfit": "395800000", "totalRevenue": "756100000", "costOfRevenue": "360300000", "costofGoodsAndServicesSold": "360300000", "operatingIncome": "156400000", "sellingGeneralAndAdministrative": "66500000", "researchAndDevelopment": "49300000", "operatingExpenses": "236500000", "investmentIncomeNet": "None", "netInterestIncome": "-30000000", "interestIncome": "1300000", "interestExpense": "31300000", "nonInterestIncome": "None", "otherNonOperatingIncome": "-6200000", "depreciation": "None", "depreciationAndAmortization": "93700000", "incomeBeforeTax": "118900000", "incomeTaxExpense": "24100000", "interestAndDebtExpense": "None", "netIncomeFromContinuingOperations": "94800000", "comprehensiveIncomeNetOfTax": "None", "ebit": "150200000", "ebitda": "243900000", "netIncome": "96300000"}, {"fiscalDateEnding": "2019-12-31", "reportedCurrency": "USD", "grossProfit": "433800000", "totalRevenue": "850500000", "costOfRevenue": "416700000", "costofGoodsAndServicesSold": "416700000", "operatingIncome": "124800000", "sellingGeneralAndAdministrative": "88500000", "researchAndDevelopment": "61200000", "operatingExpenses": "303700000", "investmentIncomeNet": "None", "netInterestIncome": "-30700000", "interestIncome": "2100000", "interestExpense": "32800000", "nonInterestIncome": "None", "otherNonOperatingIncome": "5400000", "depreciation": "None", "depreciationAndAmortization": "94400000", "incomeBeforeTax": "97400000", "incomeTaxExpense": "-288400000", "interestAndDebtExpense": "None", "netIncomeFromContinuingOperations": "385800000", "comprehensiveIncomeNetOfTax": "None", "ebit": "130200000", "ebitda": "224600000", "netIncome": "386100000"}, {"fiscalDateEnding": "2019-09-30", "reportedCurrency": "USD", "grossProfit": "386700000", "totalRevenue": "865800000", "costOfRevenue": "479100000", "costofGoodsAndServicesSold": "479100000", "operatingIncome": "76000000", "sellingGeneralAndAdministrative": "83700000", "researchAndDevelopment": "60400000", "operatingExpenses": "297800000", "investmentIncomeNet": "None", "netInterestIncome": "-33500000", "interestIncome": "1300000", "interestExpense": "34800000", "nonInterestIncome": "None", "otherNonOperatingIncome": "None", "depreciation": "None", "depreciationAndAmortization": "113400000", "incomeBeforeTax": "39700000", "incomeTaxExpense": "-200000", "interestAndDebtExpense": "None", "netIncomeFromContinuingOperations": "-123500000", "comprehensiveIncomeNetOfTax": "None", "ebit": "74400000", "ebitda": "187800000", "netIncome": "39900000"}, {"fiscalDateEnding": "2019-06-30", "reportedCurrency": "USD", "grossProfit": "444800000", "totalRevenue": "852400000", "costOfRevenue": "407600000", "costofGoodsAndServicesSold": "407600000", "operatingIncome": "145300000", "sellingGeneralAndAdministrative": "79900000", "researchAndDevelopment": "61400000", "operatingExpenses": "296800000", "investmentIncomeNet": "None", "netInterestIncome": "-33900000", "interestIncome": "1200000", "interestExpense": "35100000", "nonInterestIncome": "None", "otherNonOperatingIncome": "4100000", "depreciation": "None", "depreciationAndAmortization": "113300000", "incomeBeforeTax": "114300000", "incomeTaxExpense": "20400000", "interestAndDebtExpense": "None", "netIncomeFromContinuingOperations": "93900000", "comprehensiveIncomeNetOfTax": "None", "ebit": "149400000", "ebitda": "262700000", "netIncome": "93900000"}, {"fiscalDateEnding": "2019-03-31", "reportedCurrency": "USD", "grossProfit": "42400000", "totalRevenue": "818400000", "costOfRevenue": "776000000", "costofGoodsAndServicesSold": "776000000", "operatingIncome": "-323200000", "sellingGeneralAndAdministrative": "89900000", "researchAndDevelopment": "57300000", "operatingExpenses": "294800000", "investmentIncomeNet": "None", "netInterestIncome": "-34000000", "interestIncome": "800000", "interestExpense": "34800000", "nonInterestIncome": "None", "otherNonOperatingIncome": "4300000", "depreciation": "None", "depreciationAndAmortization": "117600000", "incomeBeforeTax": "-353700000", "incomeTaxExpense": "-81100000", "interestAndDebtExpense": "None", "netIncomeFromContinuingOperations": "-272600000", "comprehensiveIncomeNetOfTax": "None", "ebit": "-318900000", "ebitda": "-201300000", "netIncome": "-272600000"}, {"fiscalDateEnding": "2018-12-31", "reportedCurrency": "USD", "grossProfit": "434100000", "totalRevenue": "830700000", "costOfRevenue": "396600000", "costofGoodsAndServicesSold": "396600000", "operatingIncome": "140500000", "sellingGeneralAndAdministrative": "78600000", "researchAndDevelopment": "53200000", "operatingExpenses": "291900000", "investmentIncomeNet": "None", "netInterestIncome": "None", "interestIncome": "None", "interestExpense": "36100000", "nonInterestIncome": "None", "otherNonOperatingIncome": "-100000", "depreciation": "None", "depreciationAndAmortization": "118800000", "incomeBeforeTax": "104300000", "incomeTaxExpense": "5700000", "interestAndDebtExpense": "None", "netIncomeFromContinuingOperations": "98600000", "comprehensiveIncomeNetOfTax": "None", "ebit": "140400000", "ebitda": "259200000", "netIncome": "98600000"}, {"fiscalDateEnding": "2018-09-30", "reportedCurrency": "USD", "grossProfit": "421100000", "totalRevenue": "813500000", "costOfRevenue": "392400000", "costofGoodsAndServicesSold": "392400000", "operatingIncome": "99200000", "sellingGeneralAndAdministrative": "118100000", "researchAndDevelopment": "52700000", "operatingExpenses": "319100000", "investmentIncomeNet": "None", "netInterestIncome": "None", "interestIncome": "None", "interestExpense": "34300000", "nonInterestIncome": "None", "otherNonOperatingIncome": "6500000", "depreciation": "None", "depreciationAndAmortization": "14800000", "incomeBeforeTax": "71300000", "incomeTaxExpense": "20800000", "interestAndDebtExpense": "None", "netIncomeFromContinuingOperations": "50500000", "comprehensiveIncomeNetOfTax": "None", "ebit": "209900000", "ebitda": "224700000", "netIncome": "50500000"}, {"fiscalDateEnding": "2018-06-30", "reportedCurrency": "USD", "grossProfit": "436000000", "totalRevenue": "824000000", "costOfRevenue": "388000000", "costofGoodsAndServicesSold": "388000000", "operatingIncome": "133100000", "sellingGeneralAndAdministrative": "86300000", "researchAndDevelopment": "54400000", "operatingExpenses": "297100000", "investmentIncomeNet": "None", "netInterestIncome": "None", "interestIncome": "None", "interestExpense": "34500000", "nonInterestIncome": "None", "otherNonOperatingIncome": "6700000", "depreciation": "None", "depreciationAndAmortization": "120500000", "incomeBeforeTax": "105300000", "incomeTaxExpense": "-7600000", "interestAndDebtExpense": "None", "netIncomeFromContinuingOperations": "112900000", "comprehensiveIncomeNetOfTax": "None", "ebit": "139800000", "ebitda": "260300000", "netIncome": "112900000"}, {"fiscalDateEnding": "2018-03-31", "reportedCurrency": "USD", "grossProfit": "415100000", "totalRevenue": "789300000", "costOfRevenue": "374200000", "costofGoodsAndServicesSold": "374200000", "operatingIncome": "-604200000", "sellingGeneralAndAdministrative": "83800000", "researchAndDevelopment": "56800000", "operatingExpenses": "285800000", "investmentIncomeNet": "None", "netInterestIncome": "None", "interestIncome": "None", "interestExpense": "38900000", "nonInterestIncome": "None", "otherNonOperatingIncome": "-47900000", "depreciation": "None", "depreciationAndAmortization": "119500000", "incomeBeforeTax": "-691000000", "incomeTaxExpense": "-9600000", "interestAndDebtExpense": "None", "netIncomeFromContinuingOperations": "-681400000", "comprehensiveIncomeNetOfTax": "None", "ebit": "-652100000", "ebitda": "-532600000", "netIncome": "-681400000"}, {"fiscalDateEnding": "2017-12-31", "reportedCurrency": "USD", "grossProfit": "424500000", "totalRevenue": "791100000", "costOfRevenue": "366600000", "costofGoodsAndServicesSold": "366600000", "operatingIncome": "134100000", "sellingGeneralAndAdministrative": "77900000", "researchAndDevelopment": "54800000", "operatingExpenses": "286600000", "investmentIncomeNet": "None", "netInterestIncome": "None", "interestIncome": "None", "interestExpense": "41000000", "nonInterestIncome": "None", "otherNonOperatingIncome": "2700000", "depreciation": "None", "depreciationAndAmortization": "121200000", "incomeBeforeTax": "95800000", "incomeTaxExpense": "-310900000", "interestAndDebtExpense": "None", "netIncomeFromContinuingOperations": "406700000", "comprehensiveIncomeNetOfTax": "None", "ebit": "134500000", "ebitda": "255700000", "netIncome": "406700000"}, {"fiscalDateEnding": "2017-09-30", "reportedCurrency": "USD", "grossProfit": "417900000", "totalRevenue": "802900000", "costOfRevenue": "385000000", "costofGoodsAndServicesSold": "385000000", "operatingIncome": "109400000", "sellingGeneralAndAdministrative": "90600000", "researchAndDevelopment": "60500000", "operatingExpenses": "306000000", "investmentIncomeNet": "None", "netInterestIncome": "None", "interestIncome": "None", "interestExpense": "36100000", "nonInterestIncome": "None", "otherNonOperatingIncome": "-900000", "depreciation": "None", "depreciationAndAmortization": "15200000", "incomeBeforeTax": "72400000", "incomeTaxExpense": "-10300000", "interestAndDebtExpense": "None", "netIncomeFromContinuingOperations": "82700000", "comprehensiveIncomeNetOfTax": "None", "ebit": "213800000", "ebitda": "229000000", "netIncome": "82700000"}, {"fiscalDateEnding": "2017-06-30", "reportedCurrency": "USD", "grossProfit": "409600000", "totalRevenue": "806100000", "costOfRevenue": "396500000", "costofGoodsAndServicesSold": "396500000", "operatingIncome": "115000000", "sellingGeneralAndAdministrative": "65500000", "researchAndDevelopment": "62500000", "operatingExpenses": "288600000", "investmentIncomeNet": "None", "netInterestIncome": "None", "interestIncome": "None", "interestExpense": "39100000", "nonInterestIncome": "None", "otherNonOperatingIncome": "-1400000", "depreciation": "None", "depreciationAndAmortization": "118300000", "incomeBeforeTax": "74500000", "incomeTaxExpense": "15000000", "interestAndDebtExpense": "None", "netIncomeFromContinuingOperations": "59500000", "comprehensiveIncomeNetOfTax": "None", "ebit": "112000000", "ebitda": "230300000", "netIncome": "59500000"}, {"fiscalDateEnding": "2017-03-31", "reportedCurrency": "USD", "grossProfit": "388700000", "totalRevenue": "715400000", "costOfRevenue": "326700000", "costofGoodsAndServicesSold": "326700000", "operatingIncome": "999800000", "sellingGeneralAndAdministrative": "117400000", "researchAndDevelopment": "55400000", "operatingExpenses": "287000000", "investmentIncomeNet": "None", "netInterestIncome": "None", "interestIncome": "None", "interestExpense": "37500000", "nonInterestIncome": "None", "otherNonOperatingIncome": "5300000", "depreciation": "None", "depreciationAndAmortization": "95100000", "incomeBeforeTax": "967600000", "incomeTaxExpense": "440800000", "interestAndDebtExpense": "None", "netIncomeFromContinuingOperations": "526800000", "comprehensiveIncomeNetOfTax": "None", "ebit": "1005100000", "ebitda": "1100200000", "netIncome": "526800000"}, {"fiscalDateEnding": "2016-12-31", "reportedCurrency": "USD", "grossProfit": "404800000", "totalRevenue": "734400000", "costOfRevenue": "329600000", "costofGoodsAndServicesSold": "329600000", "operatingIncome": "146000000", "sellingGeneralAndAdministrative": "69800000", "researchAndDevelopment": "54400000", "operatingExpenses": "255600000", "investmentIncomeNet": "None", "netInterestIncome": "None", "interestIncome": "None", "interestExpense": "40400000", "nonInterestIncome": "None", "otherNonOperatingIncome": "10500000", "depreciation": "None", "depreciationAndAmortization": "115300000", "incomeBeforeTax": "116100000", "incomeTaxExpense": "29600000", "interestAndDebtExpense": "None", "netIncomeFromContinuingOperations": "86500000", "comprehensiveIncomeNetOfTax": "None", "ebit": "156500000", "ebitda": "271800000", "netIncome": "86500000"}, {"fiscalDateEnding": "2016-09-30", "reportedCurrency": "USD", "grossProfit": "406100000", "totalRevenue": "726800000", "costOfRevenue": "320700000", "costofGoodsAndServicesSold": "320700000", "operatingIncome": "147100000", "sellingGeneralAndAdministrative": "65400000", "researchAndDevelopment": "62500000", "operatingExpenses": "256100000", "investmentIncomeNet": "None", "netInterestIncome": "None", "interestIncome": "None", "interestExpense": "37900000", "nonInterestIncome": "None", "otherNonOperatingIncome": "-6200000", "depreciation": "None", "depreciationAndAmortization": "22400000", "incomeBeforeTax": "107600000", "incomeTaxExpense": "15400000", "interestAndDebtExpense": "None", "netIncomeFromContinuingOperations": "261200000", "comprehensiveIncomeNetOfTax": "None", "ebit": "237700000", "ebitda": "260100000", "netIncome": "92100000"}, {"fiscalDateEnding": "2016-06-30", "reportedCurrency": "USD", "grossProfit": "393100000", "totalRevenue": "717400000", "costOfRevenue": "324300000", "costofGoodsAndServicesSold": "324300000", "operatingIncome": "139400000", "sellingGeneralAndAdministrative": "62500000", "researchAndDevelopment": "58800000", "operatingExpenses": "252200000", "investmentIncomeNet": "None", "netInterestIncome": "None", "interestIncome": "None", "interestExpense": "39100000", "nonInterestIncome": "None", "otherNonOperatingIncome": "200000", "depreciation": "None", "depreciationAndAmortization": "120900000", "incomeBeforeTax": "101100000", "incomeTaxExpense": "16300000", "interestAndDebtExpense": "None", "netIncomeFromContinuingOperations": "84800000", "comprehensiveIncomeNetOfTax": "None", "ebit": "140200000", "ebitda": "261100000", "netIncome": "84800000"}, {"fiscalDateEnding": "2016-03-31", "reportedCurrency": "USD", "grossProfit": "385000000", "totalRevenue": "693300000", "costOfRevenue": "308300000", "costofGoodsAndServicesSold": "308300000", "operatingIncome": "136100000", "sellingGeneralAndAdministrative": "62400000", "researchAndDevelopment": "59100000", "operatingExpenses": "245100000", "investmentIncomeNet": "None", "netInterestIncome": "None", "interestIncome": "None", "interestExpense": "39100000", "nonInterestIncome": "None", "otherNonOperatingIncome": "200000", "depreciation": "None", "depreciationAndAmortization": "114000000", "incomeBeforeTax": "91900000", "incomeTaxExpense": "23000000", "interestAndDebtExpense": "None", "netIncomeFromContinuingOperations": "68900000", "comprehensiveIncomeNetOfTax": "None", "ebit": "139300000", "ebitda": "253300000", "netIncome": "68900000"}, {"fiscalDateEnding": "2015-12-31", "reportedCurrency": "USD", "grossProfit": "379100000", "totalRevenue": "695200000", "costOfRevenue": "316100000", "costofGoodsAndServicesSold": "316100000", "operatingIncome": "126100000", "sellingGeneralAndAdministrative": "77000000", "researchAndDevelopment": "51700000", "operatingExpenses": "250700000", "investmentIncomeNet": "None", "netInterestIncome": "None", "interestIncome": "None", "interestExpense": "39200000", "nonInterestIncome": "None", "otherNonOperatingIncome": "27800000", "depreciation": "None", "depreciationAndAmortization": "115900000", "incomeBeforeTax": "114700000", "incomeTaxExpense": "29800000", "interestAndDebtExpense": "None", "netIncomeFromContinuingOperations": "84900000", "comprehensiveIncomeNetOfTax": "None", "ebit": "153900000", "ebitda": "269800000", "netIncome": "84900000"}, {"fiscalDateEnding": "2015-09-30", "reportedCurrency": "USD", "grossProfit": "379400000", "totalRevenue": "702800000", "costOfRevenue": "323400000", "costofGoodsAndServicesSold": "323400000", "operatingIncome": "125700000", "sellingGeneralAndAdministrative": "66200000", "researchAndDevelopment": "53800000", "operatingExpenses": "247200000", "investmentIncomeNet": "None", "netInterestIncome": "None", "interestIncome": "None", "interestExpense": "51200000", "nonInterestIncome": "None", "otherNonOperatingIncome": "-49000000", "depreciation": "None", "depreciationAndAmortization": "122300000", "incomeBeforeTax": "25500000", "incomeTaxExpense": "300000", "interestAndDebtExpense": "None", "netIncomeFromContinuingOperations": "60600000", "comprehensiveIncomeNetOfTax": "None", "ebit": "121000000", "ebitda": "243300000", "netIncome": "25100000"}, {"fiscalDateEnding": "2015-06-30", "reportedCurrency": "USD", "grossProfit": "378700000", "totalRevenue": "693900000", "costOfRevenue": "315200000", "costofGoodsAndServicesSold": "315200000", "operatingIncome": "116000000", "sellingGeneralAndAdministrative": "73100000", "researchAndDevelopment": "56000000", "operatingExpenses": "250800000", "investmentIncomeNet": "None", "netInterestIncome": "None", "interestIncome": "None", "interestExpense": "52400000", "nonInterestIncome": "None", "otherNonOperatingIncome": "-16900000", "depreciation": "None", "depreciationAndAmortization": "120500000", "incomeBeforeTax": "46700000", "incomeTaxExpense": "17300000", "interestAndDebtExpense": "None", "netIncomeFromContinuingOperations": "29400000", "comprehensiveIncomeNetOfTax": "None", "ebit": "129200000", "ebitda": "249700000", "netIncome": "29400000"}, {"fiscalDateEnding": "2015-03-31", "reportedCurrency": "USD", "grossProfit": "336000000", "totalRevenue": "655500000", "costOfRevenue": "319500000", "costofGoodsAndServicesSold": "319500000", "operatingIncome": "109800000", "sellingGeneralAndAdministrative": "60300000", "researchAndDevelopment": "53300000", "operatingExpenses": "224200000", "investmentIncomeNet": "None", "netInterestIncome": "None", "interestIncome": "None", "interestExpense": "49400000", "nonInterestIncome": "None", "otherNonOperatingIncome": "400000", "depreciation": "None", "depreciationAndAmortization": "126600000", "incomeBeforeTax": "60800000", "incomeTaxExpense": "13000000", "interestAndDebtExpense": "None", "netIncomeFromContinuingOperations": "73800000", "comprehensiveIncomeNetOfTax": "None", "ebit": "110200000", "ebitda": "236800000", "netIncome": "47800000"}, {"fiscalDateEnding": "2014-12-31", "reportedCurrency": "USD", "grossProfit": "338600000", "totalRevenue": "652800000", "costOfRevenue": "314200000", "costofGoodsAndServicesSold": "314200000", "operatingIncome": "103500000", "sellingGeneralAndAdministrative": "61300000", "researchAndDevelopment": "52000000", "operatingExpenses": "227100000", "investmentIncomeNet": "None", "netInterestIncome": "None", "interestIncome": "None", "interestExpense": "52500000", "nonInterestIncome": "None", "otherNonOperatingIncome": "-6900000", "depreciation": "None", "depreciationAndAmortization": "122000000", "incomeBeforeTax": "44100000", "incomeTaxExpense": "14900000", "interestAndDebtExpense": "None", "netIncomeFromContinuingOperations": "59000000", "comprehensiveIncomeNetOfTax": "None", "ebit": "111300000", "ebitda": "233300000", "netIncome": "29200000"}, {"fiscalDateEnding": "2014-09-30", "reportedCurrency": "USD", "grossProfit": "345000000", "totalRevenue": "660600000", "costOfRevenue": "315600000", "costofGoodsAndServicesSold": "315600000", "operatingIncome": "91900000", "sellingGeneralAndAdministrative": "65200000", "researchAndDevelopment": "52100000", "operatingExpenses": "232900000", "investmentIncomeNet": "None", "netInterestIncome": "None", "interestIncome": "None", "interestExpense": "52400000", "nonInterestIncome": "None", "otherNonOperatingIncome": "-9709000", "depreciation": "None", "depreciationAndAmortization": "28800000", "incomeBeforeTax": "38700000", "incomeTaxExpense": "10500000", "interestAndDebtExpense": "None", "netIncomeFromContinuingOperations": "89716000", "comprehensiveIncomeNetOfTax": "None", "ebit": "111300000", "ebitda": "140100000", "netIncome": "28100000"}, {"fiscalDateEnding": "2014-06-30", "reportedCurrency": "USD", "grossProfit": "312800000", "totalRevenue": "632600000", "costOfRevenue": "319800000", "costofGoodsAndServicesSold": "319800000", "operatingIncome": "76200000", "sellingGeneralAndAdministrative": "64700000", "researchAndDevelopment": "52500000", "operatingExpenses": "229900000", "investmentIncomeNet": "None", "netInterestIncome": "None", "interestIncome": "None", "interestExpense": "52400000", "nonInterestIncome": "None", "otherNonOperatingIncome": "-1200000", "depreciation": "None", "depreciationAndAmortization": "29700000", "incomeBeforeTax": "22600000", "incomeTaxExpense": "11300000", "interestAndDebtExpense": "None", "netIncomeFromContinuingOperations": "11300000", "comprehensiveIncomeNetOfTax": "None", "ebit": "179200000", "ebitda": "208900000", "netIncome": "11300000"}, {"fiscalDateEnding": "2014-03-31", "reportedCurrency": "USD", "grossProfit": "282112000", "totalRevenue": "625008000", "costOfRevenue": "342896000", "costofGoodsAndServicesSold": "342896000", "operatingIncome": "50250000", "sellingGeneralAndAdministrative": "62109000", "researchAndDevelopment": "49915000", "operatingExpenses": "219781000", "investmentIncomeNet": "None", "netInterestIncome": "None", "interestIncome": "None", "interestExpense": "54449000", "nonInterestIncome": "None", "otherNonOperatingIncome": "1323000", "depreciation": "None", "depreciationAndAmortization": "29100000", "incomeBeforeTax": "-11750000", "incomeTaxExpense": "5015000", "interestAndDebtExpense": "None", "netIncomeFromContinuingOperations": "-16765000", "comprehensiveIncomeNetOfTax": "None", "ebit": "143600000", "ebitda": "172700000", "netIncome": "-16765000"}, {"fiscalDateEnding": "2013-12-31", "reportedCurrency": "USD", "grossProfit": "305596000", "totalRevenue": "612448000", "costOfRevenue": "306852000", "costofGoodsAndServicesSold": "306852000", "operatingIncome": "61285000", "sellingGeneralAndAdministrative": "67819000", "researchAndDevelopment": "48669000", "operatingExpenses": "225961000", "investmentIncomeNet": "None", "netInterestIncome": "None", "interestIncome": "None", "interestExpense": "61290000", "nonInterestIncome": "None", "otherNonOperatingIncome": "-1414000", "depreciation": "None", "depreciationAndAmortization": "26216000", "incomeBeforeTax": "-1419000", "incomeTaxExpense": "3932000", "interestAndDebtExpense": "None", "netIncomeFromContinuingOperations": "-5351000", "comprehensiveIncomeNetOfTax": "None", "ebit": "161484000", "ebitda": "187700000", "netIncome": "-5351000"}, {"fiscalDateEnding": "2013-09-30", "reportedCurrency": "USD", "grossProfit": "290631000", "totalRevenue": "622118000", "costOfRevenue": "331487000", "costofGoodsAndServicesSold": "331487000", "operatingIncome": "-1036205000", "sellingGeneralAndAdministrative": "47991000", "researchAndDevelopment": "48737000", "operatingExpenses": "200212000", "investmentIncomeNet": "None", "netInterestIncome": "None", "interestIncome": "None", "interestExpense": "65783000", "nonInterestIncome": "None", "otherNonOperatingIncome": "-6196000", "depreciation": "None", "depreciationAndAmortization": "132624000", "incomeBeforeTax": "-1104937000", "incomeTaxExpense": "8965000", "interestAndDebtExpense": "None", "netIncomeFromContinuingOperations": "-1113902000", "comprehensiveIncomeNetOfTax": "None", "ebit": "-1039154000", "ebitda": "-906530000", "netIncome": "-1113902000"}, {"fiscalDateEnding": "2013-06-30", "reportedCurrency": "USD", "grossProfit": "309758000", "totalRevenue": "626136000", "costOfRevenue": "316378000", "costofGoodsAndServicesSold": "316378000", "operatingIncome": "61152000", "sellingGeneralAndAdministrative": "60476000", "researchAndDevelopment": "47779000", "operatingExpenses": "219844000", "investmentIncomeNet": "None", "netInterestIncome": "None", "interestIncome": "None", "interestExpense": "67162000", "nonInterestIncome": "None", "otherNonOperatingIncome": "-913000", "depreciation": "None", "depreciationAndAmortization": "28678000", "incomeBeforeTax": "-6923000", "incomeTaxExpense": "4027000", "interestAndDebtExpense": "None", "netIncomeFromContinuingOperations": "-10950000", "comprehensiveIncomeNetOfTax": "None", "ebit": "89001000", "ebitda": "117679000", "netIncome": "-10950000"}, {"fiscalDateEnding": "2013-03-31", "reportedCurrency": "USD", "grossProfit": "279326000", "totalRevenue": "612663000", "costOfRevenue": "333337000", "costofGoodsAndServicesSold": "333337000", "operatingIncome": "5542000", "sellingGeneralAndAdministrative": "64233000", "researchAndDevelopment": "49621000", "operatingExpenses": "231135000", "investmentIncomeNet": "None", "netInterestIncome": "None", "interestIncome": "None", "interestExpense": "76049000", "nonInterestIncome": "None", "otherNonOperatingIncome": "6000", "depreciation": "None", "depreciationAndAmortization": "28667000", "incomeBeforeTax": "-73748000", "incomeTaxExpense": "-22644000", "interestAndDebtExpense": "None", "netIncomeFromContinuingOperations": "-51104000", "comprehensiveIncomeNetOfTax": "None", "ebit": "99910000", "ebitda": "128577000", "netIncome": "-51104000"}, {"fiscalDateEnding": "2012-12-31", "reportedCurrency": "USD", "grossProfit": "281673000", "totalRevenue": "631362000", "costOfRevenue": "349689000", "costofGoodsAndServicesSold": "349689000", "operatingIncome": "63229000", "sellingGeneralAndAdministrative": "54391000", "researchAndDevelopment": "51509000", "operatingExpenses": "228869000", "investmentIncomeNet": "None", "netInterestIncome": "None", "interestIncome": "None", "interestExpense": "72081000", "nonInterestIncome": "None", "otherNonOperatingIncome": "1499000", "depreciation": "None", "depreciationAndAmortization": "28526000", "incomeBeforeTax": "-7353000", "incomeTaxExpense": "-10471000", "interestAndDebtExpense": "None", "netIncomeFromContinuingOperations": "3118000", "comprehensiveIncomeNetOfTax": "None", "ebit": "164357000", "ebitda": "192883000", "netIncome": "3118000"}, {"fiscalDateEnding": "2012-09-30", "reportedCurrency": "USD", "grossProfit": "274317000", "totalRevenue": "588548000", "costOfRevenue": "314231000", "costofGoodsAndServicesSold": "314231000", "operatingIncome": "-43703000", "sellingGeneralAndAdministrative": "88723000", "researchAndDevelopment": "47094000", "operatingExpenses": "250608000", "investmentIncomeNet": "None", "netInterestIncome": "None", "interestIncome": "None", "interestExpense": "56673000", "nonInterestIncome": "None", "otherNonOperatingIncome": "2412000", "depreciation": "None", "depreciationAndAmortization": "24832000", "incomeBeforeTax": "-97964000", "incomeTaxExpense": "-20197000", "interestAndDebtExpense": "None", "netIncomeFromContinuingOperations": "-77767000", "comprehensiveIncomeNetOfTax": "None", "ebit": "48525000", "ebitda": "73357000", "netIncome": "-77767000"}, {"fiscalDateEnding": "2012-06-30", "reportedCurrency": "USD", "grossProfit": "244640000", "totalRevenue": "470228000", "costOfRevenue": "225588000", "costofGoodsAndServicesSold": "225588000", "operatingIncome": "80527000", "sellingGeneralAndAdministrative": "43421000", "researchAndDevelopment": "26229000", "operatingExpenses": "161887000", "investmentIncomeNet": "None", "netInterestIncome": "None", "interestIncome": "None", "interestExpense": "25593000", "nonInterestIncome": "None", "otherNonOperatingIncome": "73000", "depreciation": "None", "depreciationAndAmortization": "15733000", "incomeBeforeTax": "55007000", "incomeTaxExpense": "31413000", "interestAndDebtExpense": "None", "netIncomeFromContinuingOperations": "23594000", "comprehensiveIncomeNetOfTax": "None", "ebit": "141806000", "ebitda": "157539000", "netIncome": "23594000"}, {"fiscalDateEnding": "2012-03-31", "reportedCurrency": "USD", "grossProfit": "226110000", "totalRevenue": "471165000", "costOfRevenue": "245055000", "costofGoodsAndServicesSold": "245055000", "operatingIncome": "10134000", "sellingGeneralAndAdministrative": "41403000", "researchAndDevelopment": "29297000", "operatingExpenses": "167091000", "investmentIncomeNet": "None", "netInterestIncome": "None", "interestIncome": "None", "interestExpense": "28512000", "nonInterestIncome": "None", "otherNonOperatingIncome": "2117000", "depreciation": "None", "depreciationAndAmortization": "16629000", "incomeBeforeTax": "-58608000", "incomeTaxExpense": "-18335000", "interestAndDebtExpense": "None", "netIncomeFromContinuingOperations": "-40273000", "comprehensiveIncomeNetOfTax": "None", "ebit": "-6495000", "ebitda": "10134000", "netIncome": "-40273000"}, {"fiscalDateEnding": "2011-12-31", "reportedCurrency": "USD", "grossProfit": "249370000", "totalRevenue": "472711000", "costOfRevenue": "223341000", "costofGoodsAndServicesSold": "223341000", "operatingIncome": "66759000", "sellingGeneralAndAdministrative": "46495000", "researchAndDevelopment": "28342000", "operatingExpenses": "167048000", "investmentIncomeNet": "None", "netInterestIncome": "None", "interestIncome": "None", "interestExpense": "29509000", "nonInterestIncome": "None", "otherNonOperatingIncome": "2654000", "depreciation": "None", "depreciationAndAmortization": "14842000", "incomeBeforeTax": "39904000", "incomeTaxExpense": "19092000", "interestAndDebtExpense": "None", "netIncomeFromContinuingOperations": "20812000", "comprehensiveIncomeNetOfTax": "None", "ebit": "95231000", "ebitda": "110073000", "netIncome": "20812000"}, {"fiscalDateEnding": "2011-09-30", "reportedCurrency": "USD", "grossProfit": "243757000", "totalRevenue": "467045000", "costOfRevenue": "223288000", "costofGoodsAndServicesSold": "223288000", "operatingIncome": "73421000", "sellingGeneralAndAdministrative": "59621000", "researchAndDevelopment": "28081000", "operatingExpenses": "170087000", "investmentIncomeNet": "None", "netInterestIncome": "None", "interestIncome": "None", "interestExpense": "29079000", "nonInterestIncome": "None", "otherNonOperatingIncome": "27155000", "depreciation": "None", "depreciationAndAmortization": "78378000", "incomeBeforeTax": "41606000", "incomeTaxExpense": "14037000", "interestAndDebtExpense": "None", "netIncomeFromContinuingOperations": "27569000", "comprehensiveIncomeNetOfTax": "None", "ebit": "70685000", "ebitda": "149063000", "netIncome": "27569000"}, {"fiscalDateEnding": "2011-06-30", "reportedCurrency": "USD", "grossProfit": "234282000", "totalRevenue": "451082000", "costOfRevenue": "216800000", "costofGoodsAndServicesSold": "216800000", "operatingIncome": "73916000", "sellingGeneralAndAdministrative": "39811000", "researchAndDevelopment": "29725000", "operatingExpenses": "157623000", "investmentIncomeNet": "None", "netInterestIncome": "None", "interestIncome": "None", "interestExpense": "28673000", "nonInterestIncome": "None", "otherNonOperatingIncome": "-819000", "depreciation": "None", "depreciationAndAmortization": "14794000", "incomeBeforeTax": "44424000", "incomeTaxExpense": "8228000", "interestAndDebtExpense": "None", "netIncomeFromContinuingOperations": "36196000", "comprehensiveIncomeNetOfTax": "None", "ebit": "135456000", "ebitda": "150250000", "netIncome": "36196000"}, {"fiscalDateEnding": "2011-03-31", "reportedCurrency": "USD", "grossProfit": "220408000", "totalRevenue": "438651000", "costOfRevenue": "218243000", "costofGoodsAndServicesSold": "218243000", "operatingIncome": "155388000", "sellingGeneralAndAdministrative": "38859000", "researchAndDevelopment": "30333000", "operatingExpenses": "65020000", "investmentIncomeNet": "None", "netInterestIncome": "None", "interestIncome": "None", "interestExpense": "28185000", "nonInterestIncome": "None", "otherNonOperatingIncome": "1624000", "depreciation": "None", "depreciationAndAmortization": "-39914000", "incomeBeforeTax": "128827000", "incomeTaxExpense": "46382000", "interestAndDebtExpense": "None", "netIncomeFromContinuingOperations": "82445000", "comprehensiveIncomeNetOfTax": "None", "ebit": "210314000", "ebitda": "170400000", "netIncome": "82445000"}, {"fiscalDateEnding": "2010-12-31", "reportedCurrency": "USD", "grossProfit": "224734000", "totalRevenue": "432571000", "costOfRevenue": "207837000", "costofGoodsAndServicesSold": "207837000", "operatingIncome": "71720000", "sellingGeneralAndAdministrative": "41549000", "researchAndDevelopment": "28557000", "operatingExpenses": "152513000", "investmentIncomeNet": "None", "netInterestIncome": "None", "interestIncome": "None", "interestExpense": "28909000", "nonInterestIncome": "None", "otherNonOperatingIncome": "-30282000", "depreciation": "None", "depreciationAndAmortization": "14496000", "incomeBeforeTax": "12529000", "incomeTaxExpense": "1589000", "interestAndDebtExpense": "None", "netIncomeFromContinuingOperations": "10940000", "comprehensiveIncomeNetOfTax": "None", "ebit": "100412000", "ebitda": "114908000", "netIncome": "10940000"}, {"fiscalDateEnding": "2010-09-30", "reportedCurrency": "USD", "grossProfit": "96665000", "totalRevenue": "428299000", "costOfRevenue": "331634000", "costofGoodsAndServicesSold": "331634000", "operatingIncome": "-142707000", "sellingGeneralAndAdministrative": "32036000", "researchAndDevelopment": "31591000", "operatingExpenses": "139647000", "investmentIncomeNet": "None", "netInterestIncome": "None", "interestIncome": "None", "interestExpense": "29329000", "nonInterestIncome": "None", "otherNonOperatingIncome": "-553000", "depreciation": "None", "depreciationAndAmortization": "72443000", "incomeBeforeTax": "-172589000", "incomeTaxExpense": "-35615000", "interestAndDebtExpense": "None", "netIncomeFromContinuingOperations": "-136974000", "comprehensiveIncomeNetOfTax": "None", "ebit": "-143260000", "ebitda": "-70817000", "netIncome": "-136974000"}, {"fiscalDateEnding": "2010-06-30", "reportedCurrency": "USD", "grossProfit": "209889000", "totalRevenue": "420693000", "costOfRevenue": "210804000", "costofGoodsAndServicesSold": "210804000", "operatingIncome": "78774000", "sellingGeneralAndAdministrative": "33899000", "researchAndDevelopment": "24218000", "operatingExpenses": "131115000", "investmentIncomeNet": "None", "netInterestIncome": "None", "interestIncome": "None", "interestExpense": "33348000", "nonInterestIncome": "None", "otherNonOperatingIncome": "626000", "depreciation": "None", "depreciationAndAmortization": "13573000", "incomeBeforeTax": "45747000", "incomeTaxExpense": "18299000", "interestAndDebtExpense": "None", "netIncomeFromContinuingOperations": "27448000", "comprehensiveIncomeNetOfTax": "None", "ebit": "254565000", "ebitda": "268138000", "netIncome": "27448000"}, {"fiscalDateEnding": "2010-03-31", "reportedCurrency": "USD", "grossProfit": "213639000", "totalRevenue": "418112000", "costOfRevenue": "204473000", "costofGoodsAndServicesSold": "204473000", "operatingIncome": "61901000", "sellingGeneralAndAdministrative": "51193000", "researchAndDevelopment": "25298000", "operatingExpenses": "151529000", "investmentIncomeNet": "None", "netInterestIncome": "None", "interestIncome": "None", "interestExpense": "31544000", "nonInterestIncome": "None", "otherNonOperatingIncome": "1178000", "depreciation": "None", "depreciationAndAmortization": "13577000", "incomeBeforeTax": "30758000", "incomeTaxExpense": "10140000", "interestAndDebtExpense": "None", "netIncomeFromContinuingOperations": "20618000", "comprehensiveIncomeNetOfTax": "None", "ebit": "63079000", "ebitda": "76656000", "netIncome": "20618000"}, {"fiscalDateEnding": "2009-12-31", "reportedCurrency": "USD", "grossProfit": "216445000", "totalRevenue": "412448000", "costOfRevenue": "196003000", "costofGoodsAndServicesSold": "196003000", "operatingIncome": "71969000", "sellingGeneralAndAdministrative": "42615000", "researchAndDevelopment": "23198000", "operatingExpenses": "143989000", "investmentIncomeNet": "None", "netInterestIncome": "None", "interestIncome": "None", "interestExpense": "31061000", "nonInterestIncome": "None", "otherNonOperatingIncome": "928000", "depreciation": "None", "depreciationAndAmortization": "13579000", "incomeBeforeTax": "41093000", "incomeTaxExpense": "14998000", "interestAndDebtExpense": "None", "netIncomeFromContinuingOperations": "26095000", "comprehensiveIncomeNetOfTax": "None", "ebit": "133309000", "ebitda": "146888000", "netIncome": "26095000"}, {"fiscalDateEnding": "2009-09-30", "reportedCurrency": "USD", "grossProfit": "206808000", "totalRevenue": "402767000", "costOfRevenue": "195959000", "costofGoodsAndServicesSold": "195959000", "operatingIncome": "75711000", "sellingGeneralAndAdministrative": "38171000", "researchAndDevelopment": "22700000", "operatingExpenses": "130300000", "investmentIncomeNet": "None", "netInterestIncome": "None", "interestIncome": "None", "interestExpense": "16445000", "nonInterestIncome": "None", "otherNonOperatingIncome": "None", "depreciation": "None", "depreciationAndAmortization": "70638000", "incomeBeforeTax": "60253000", "incomeTaxExpense": "25313000", "interestAndDebtExpense": "None", "netIncomeFromContinuingOperations": "0", "comprehensiveIncomeNetOfTax": "None", "ebit": "76698000", "ebitda": "147336000", "netIncome": "34940000"}, {"fiscalDateEnding": "2009-06-30", "reportedCurrency": "USD", "grossProfit": "211145000", "totalRevenue": "403120000", "costOfRevenue": "191975000", "costofGoodsAndServicesSold": "191975000", "operatingIncome": "78746000", "sellingGeneralAndAdministrative": "37039000", "researchAndDevelopment": "23407000", "operatingExpenses": "132399000", "investmentIncomeNet": "None", "netInterestIncome": "None", "interestIncome": "None", "interestExpense": "18282000", "nonInterestIncome": "None", "otherNonOperatingIncome": "-524000", "depreciation": "None", "depreciationAndAmortization": "13025000", "incomeBeforeTax": "60670000", "incomeTaxExpense": "19670000", "interestAndDebtExpense": "None", "netIncomeFromContinuingOperations": "41000000", "comprehensiveIncomeNetOfTax": "None", "ebit": "78952000", "ebitda": "91977000", "netIncome": "30751000"}, {"fiscalDateEnding": "2009-03-31", "reportedCurrency": "USD", "grossProfit": "210261000", "totalRevenue": "402014000", "costOfRevenue": "191753000", "costofGoodsAndServicesSold": "191753000", "operatingIncome": "-2264852000", "sellingGeneralAndAdministrative": "38810000", "researchAndDevelopment": "24428000", "operatingExpenses": "135090000", "investmentIncomeNet": "None", "netInterestIncome": "None", "interestIncome": "None", "interestExpense": "17095000", "nonInterestIncome": "None", "otherNonOperatingIncome": "None", "depreciation": "None", "depreciationAndAmortization": "66049000", "incomeBeforeTax": "-2282274000", "incomeTaxExpense": "17896000", "interestAndDebtExpense": "None", "netIncomeFromContinuingOperations": "0", "comprehensiveIncomeNetOfTax": "None", "ebit": "-2265179000", "ebitda": "-2199130000", "netIncome": "-2300170000"}, {"fiscalDateEnding": "2008-12-31", "reportedCurrency": "USD", "grossProfit": "230665000", "totalRevenue": "429233000", "costOfRevenue": "198568000", "costofGoodsAndServicesSold": "198568000", "operatingIncome": "93721000", "sellingGeneralAndAdministrative": "34805000", "researchAndDevelopment": "23793000", "operatingExpenses": "136944000", "investmentIncomeNet": "None", "netInterestIncome": "None", "interestIncome": "None", "interestExpense": "24126000", "nonInterestIncome": "None", "otherNonOperatingIncome": "None", "depreciation": "None", "depreciationAndAmortization": "66181000", "incomeBeforeTax": "72676000", "incomeTaxExpense": "24683000", "interestAndDebtExpense": "None", "netIncomeFromContinuingOperations": "0", "comprehensiveIncomeNetOfTax": "None", "ebit": "91086000", "ebitda": "157267000", "netIncome": "38158000"}, {"fiscalDateEnding": "2008-09-30", "reportedCurrency": "USD", "grossProfit": "240282000", "totalRevenue": "442513000", "costOfRevenue": "202231000", "costofGoodsAndServicesSold": "202231000", "operatingIncome": "-88491000", "sellingGeneralAndAdministrative": "38296000", "researchAndDevelopment": "20944000", "operatingExpenses": "133573000", "investmentIncomeNet": "None", "netInterestIncome": "None", "interestIncome": "None", "interestExpense": "413071000", "nonInterestIncome": "None", "otherNonOperatingIncome": "None", "depreciation": "None", "depreciationAndAmortization": "45972000", "incomeBeforeTax": "-109332000", "incomeTaxExpense": "35041000", "interestAndDebtExpense": "None", "netIncomeFromContinuingOperations": "0", "comprehensiveIncomeNetOfTax": "None", "ebit": "106709000", "ebitda": "152681000", "netIncome": "-144373000"}, {"fiscalDateEnding": "2008-06-30", "reportedCurrency": "USD", "grossProfit": "244763000", "totalRevenue": "429492000", "costOfRevenue": "184729000", "costofGoodsAndServicesSold": "184729000", "operatingIncome": "107621000", "sellingGeneralAndAdministrative": "35043000", "researchAndDevelopment": "20966000", "operatingExpenses": "130759000", "investmentIncomeNet": "None", "netInterestIncome": "None", "interestIncome": "None", "interestExpense": "24689000", "nonInterestIncome": "None", "otherNonOperatingIncome": "None", "depreciation": "None", "depreciationAndAmortization": "45111000", "incomeBeforeTax": "94910000", "incomeTaxExpense": "33531000", "interestAndDebtExpense": "None", "netIncomeFromContinuingOperations": "0", "comprehensiveIncomeNetOfTax": "None", "ebit": "109013000", "ebitda": "154124000", "netIncome": "61379000"}, {"fiscalDateEnding": "2008-03-31", "reportedCurrency": "USD", "grossProfit": "239638000", "totalRevenue": "431048000", "costOfRevenue": "191410000", "costofGoodsAndServicesSold": "191410000", "operatingIncome": "106111000", "sellingGeneralAndAdministrative": "39732000", "researchAndDevelopment": "19364000", "operatingExpenses": "133527000", "investmentIncomeNet": "None", "netInterestIncome": "None", "interestIncome": "None", "interestExpense": "18786000", "nonInterestIncome": "None", "otherNonOperatingIncome": "None", "depreciation": "None", "depreciationAndAmortization": "45304000", "incomeBeforeTax": "87484000", "incomeTaxExpense": "31498000", "interestAndDebtExpense": "None", "netIncomeFromContinuingOperations": "0", "comprehensiveIncomeNetOfTax": "None", "ebit": "106823000", "ebitda": "152127000", "netIncome": "55986000"}, {"fiscalDateEnding": "2007-12-31", "reportedCurrency": "USD", "grossProfit": "167835000", "totalRevenue": "371445000", "costOfRevenue": "203610000", "costofGoodsAndServicesSold": "203610000", "operatingIncome": "-322781000", "sellingGeneralAndAdministrative": "34334000", "researchAndDevelopment": "20147000", "operatingExpenses": "120616000", "investmentIncomeNet": "None", "netInterestIncome": "None", "interestIncome": "None", "interestExpense": "772337000", "nonInterestIncome": "None", "otherNonOperatingIncome": "None", "depreciation": "None", "depreciationAndAmortization": "36563000", "incomeBeforeTax": "-352202000", "incomeTaxExpense": "6405000", "interestAndDebtExpense": "None", "netIncomeFromContinuingOperations": "0", "comprehensiveIncomeNetOfTax": "None", "ebit": "420134000", "ebitda": "456697000", "netIncome": "358608000"}, {"fiscalDateEnding": "2007-09-30", "reportedCurrency": "USD", "grossProfit": "97549000", "totalRevenue": "202564000", "costOfRevenue": "105015000", "costofGoodsAndServicesSold": "105015000", "operatingIncome": "46498000", "sellingGeneralAndAdministrative": "15115000", "researchAndDevelopment": "11263000", "operatingExpenses": "51051000", "investmentIncomeNet": "None", "netInterestIncome": "None", "interestIncome": "None", "interestExpense": "1233000", "nonInterestIncome": "None", "otherNonOperatingIncome": "None", "depreciation": "None", "depreciationAndAmortization": "7891000", "incomeBeforeTax": "47731000", "incomeTaxExpense": "15621000", "interestAndDebtExpense": "None", "netIncomeFromContinuingOperations": "0", "comprehensiveIncomeNetOfTax": "None", "ebit": "46498000", "ebitda": "54389000", "netIncome": "32110000"}, {"fiscalDateEnding": "2007-06-30", "reportedCurrency": "USD", "grossProfit": "90113000", "totalRevenue": "191505000", "costOfRevenue": "101392000", "costofGoodsAndServicesSold": "101392000", "operatingIncome": "39932000", "sellingGeneralAndAdministrative": "16318000", "researchAndDevelopment": "11413000", "operatingExpenses": "50181000", "investmentIncomeNet": "None", "netInterestIncome": "None", "interestIncome": "None", "interestExpense": "606000", "nonInterestIncome": "None", "otherNonOperatingIncome": "None", "depreciation": "None", "depreciationAndAmortization": "7621000", "incomeBeforeTax": "40538000", "incomeTaxExpense": "15790000", "interestAndDebtExpense": "None", "netIncomeFromContinuingOperations": "0", "comprehensiveIncomeNetOfTax": "None", "ebit": "32311000", "ebitda": "39932000", "netIncome": "24748000"}, {"fiscalDateEnding": "2007-03-31", "reportedCurrency": "USD", "grossProfit": "83548000", "totalRevenue": "181086000", "costOfRevenue": "97538000", "costofGoodsAndServicesSold": "97538000", "operatingIncome": "34804000", "sellingGeneralAndAdministrative": "36399000", "researchAndDevelopment": "10991000", "operatingExpenses": "48744000", "investmentIncomeNet": "None", "netInterestIncome": "None", "interestIncome": "None", "interestExpense": "520000", "nonInterestIncome": "None", "otherNonOperatingIncome": "None", "depreciation": "None", "depreciationAndAmortization": "7419000", "incomeBeforeTax": "34284000", "incomeTaxExpense": "12650000", "interestAndDebtExpense": "None", "netIncomeFromContinuingOperations": "0", "comprehensiveIncomeNetOfTax": "None", "ebit": "34804000", "ebitda": "42223000", "netIncome": "21634000"}, {"fiscalDateEnding": "2006-12-31", "reportedCurrency": "USD", "grossProfit": "74355000", "totalRevenue": "163212000", "costOfRevenue": "88857000", "costofGoodsAndServicesSold": "88857000", "operatingIncome": "26517000", "sellingGeneralAndAdministrative": "14731000", "researchAndDevelopment": "10816000", "operatingExpenses": "47838000", "investmentIncomeNet": "None", "netInterestIncome": "None", "interestIncome": "None", "interestExpense": "581000", "nonInterestIncome": "None", "otherNonOperatingIncome": "None", "depreciation": "None", "depreciationAndAmortization": "8231000", "incomeBeforeTax": "25936000", "incomeTaxExpense": "9850000", "interestAndDebtExpense": "None", "netIncomeFromContinuingOperations": "0", "comprehensiveIncomeNetOfTax": "None", "ebit": "18286000", "ebitda": "26517000", "netIncome": "16086000"}, {"fiscalDateEnding": "2006-09-30", "reportedCurrency": "USD", "grossProfit": "63040000", "totalRevenue": "154055000", "costOfRevenue": "91015000", "costofGoodsAndServicesSold": "91015000", "operatingIncome": "7560000", "sellingGeneralAndAdministrative": "14712000", "researchAndDevelopment": "3776000", "operatingExpenses": "35580000", "investmentIncomeNet": "None", "netInterestIncome": "None", "interestIncome": "None", "interestExpense": "19934000", "nonInterestIncome": "None", "otherNonOperatingIncome": "None", "depreciation": "None", "depreciationAndAmortization": "7655000", "incomeBeforeTax": "7526000", "incomeTaxExpense": "9000000", "interestAndDebtExpense": "None", "netIncomeFromContinuingOperations": "0", "comprehensiveIncomeNetOfTax": "None", "ebit": "27460000", "ebitda": "35115000", "netIncome": "-1474000"}, {"fiscalDateEnding": "2006-06-30", "reportedCurrency": "USD", "grossProfit": "50389000", "totalRevenue": "119685000", "costOfRevenue": "69296000", "costofGoodsAndServicesSold": "69296000", "operatingIncome": "18580000", "sellingGeneralAndAdministrative": "11107000", "researchAndDevelopment": "7561000", "operatingExpenses": "31809000", "investmentIncomeNet": "None", "netInterestIncome": "None", "interestIncome": "None", "interestExpense": "637000", "nonInterestIncome": "None", "otherNonOperatingIncome": "None", "depreciation": "None", "depreciationAndAmortization": "3217000", "incomeBeforeTax": "19217000", "incomeTaxExpense": "7200000", "interestAndDebtExpense": "None", "netIncomeFromContinuingOperations": "0", "comprehensiveIncomeNetOfTax": "None", "ebit": "15363000", "ebitda": "18580000", "netIncome": "12017000"}, {"fiscalDateEnding": "2006-03-31", "reportedCurrency": "USD", "grossProfit": "43121000", "totalRevenue": "100985000", "costOfRevenue": "57864000", "costofGoodsAndServicesSold": "57864000", "operatingIncome": "16392000", "sellingGeneralAndAdministrative": "8869000", "researchAndDevelopment": "6787000", "operatingExpenses": "26729000", "investmentIncomeNet": "None", "netInterestIncome": "None", "interestIncome": "None", "interestExpense": "1022000", "nonInterestIncome": "None", "otherNonOperatingIncome": "None", "depreciation": "None", "depreciationAndAmortization": "2682000", "incomeBeforeTax": "17414000", "incomeTaxExpense": "6250000", "interestAndDebtExpense": "None", "netIncomeFromContinuingOperations": "0", "comprehensiveIncomeNetOfTax": "None", "ebit": "13710000", "ebitda": "16392000", "netIncome": "11164000"}, {"fiscalDateEnding": "2005-12-31", "reportedCurrency": "USD", "grossProfit": "36982000", "totalRevenue": "87956000", "costOfRevenue": "50974000", "costofGoodsAndServicesSold": "50974000", "operatingIncome": "7806000", "sellingGeneralAndAdministrative": "7863000", "researchAndDevelopment": "5971000", "operatingExpenses": "24976000", "investmentIncomeNet": "None", "netInterestIncome": "None", "interestIncome": "None", "interestExpense": "7140000", "nonInterestIncome": "None", "otherNonOperatingIncome": "None", "depreciation": "None", "depreciationAndAmortization": "2579000", "incomeBeforeTax": "9066000", "incomeTaxExpense": "3350000", "interestAndDebtExpense": "None", "netIncomeFromContinuingOperations": "0", "comprehensiveIncomeNetOfTax": "None", "ebit": "12006000", "ebitda": "14585000", "netIncome": "5716000"}, {"fiscalDateEnding": "2005-09-30", "reportedCurrency": "USD", "grossProfit": "31954000", "totalRevenue": "78218000", "costOfRevenue": "46264000", "costofGoodsAndServicesSold": "46264000", "operatingIncome": "11409000", "sellingGeneralAndAdministrative": "27578000", "researchAndDevelopment": "4325000", "operatingExpenses": "20545000", "investmentIncomeNet": "None", "netInterestIncome": "None", "interestIncome": "None", "interestExpense": "706000", "nonInterestIncome": "None", "otherNonOperatingIncome": "None", "depreciation": "None", "depreciationAndAmortization": "1934000", "incomeBeforeTax": "12115000", "incomeTaxExpense": "2639000", "interestAndDebtExpense": "None", "netIncomeFromContinuingOperations": "0", "comprehensiveIncomeNetOfTax": "None", "ebit": "11409000", "ebitda": "13343000", "netIncome": "9476000"}, {"fiscalDateEnding": "2005-06-30", "reportedCurrency": "USD", "grossProfit": "30090000", "totalRevenue": "74053000", "costOfRevenue": "43963000", "costofGoodsAndServicesSold": "43963000", "operatingIncome": "9451000", "sellingGeneralAndAdministrative": "6791000", "researchAndDevelopment": "5100000", "operatingExpenses": "20639000", "investmentIncomeNet": "None", "netInterestIncome": "None", "interestIncome": "None", "interestExpense": "707000", "nonInterestIncome": "None", "otherNonOperatingIncome": "None", "depreciation": "None", "depreciationAndAmortization": "1923000", "incomeBeforeTax": "10158000", "incomeTaxExpense": "2000000", "interestAndDebtExpense": "None", "netIncomeFromContinuingOperations": "0", "comprehensiveIncomeNetOfTax": "None", "ebit": "7528000", "ebitda": "9451000", "netIncome": "8158000"}, {"fiscalDateEnding": "2005-03-31", "reportedCurrency": "USD", "grossProfit": "26773000", "totalRevenue": "69237000", "costOfRevenue": "42464000", "costofGoodsAndServicesSold": "42464000", "operatingIncome": "7181000", "sellingGeneralAndAdministrative": "7501000", "researchAndDevelopment": "4842000", "operatingExpenses": "19592000", "investmentIncomeNet": "None", "netInterestIncome": "None", "interestIncome": "None", "interestExpense": "373000", "nonInterestIncome": "None", "otherNonOperatingIncome": "None", "depreciation": "None", "depreciationAndAmortization": "1815000", "incomeBeforeTax": "7554000", "incomeTaxExpense": "1506000", "interestAndDebtExpense": "None", "netIncomeFromContinuingOperations": "0", "comprehensiveIncomeNetOfTax": "None", "ebit": "5366000", "ebitda": "7181000", "netIncome": "6048000"}, {"fiscalDateEnding": "2004-12-31", "reportedCurrency": "USD", "grossProfit": "24208000", "totalRevenue": "66176000", "costOfRevenue": "41968000", "costofGoodsAndServicesSold": "41968000", "operatingIncome": "4590000", "sellingGeneralAndAdministrative": "6020000", "researchAndDevelopment": "4350000", "operatingExpenses": "19618000", "investmentIncomeNet": "None", "netInterestIncome": "None", "interestIncome": "None", "interestExpense": "278000", "nonInterestIncome": "None", "otherNonOperatingIncome": "None", "depreciation": "None", "depreciationAndAmortization": "1902000", "incomeBeforeTax": "4868000", "incomeTaxExpense": "294000", "interestAndDebtExpense": "None", "netIncomeFromContinuingOperations": "0", "comprehensiveIncomeNetOfTax": "None", "ebit": "2688000", "ebitda": "4590000", "netIncome": "4574000"}]}