{"symbol": "APA", "annualReports": [{"fiscalDateEnding": "2024-12-31", "reportedCurrency": "USD", "grossProfit": "4302000000", "totalRevenue": "9737000000", "costOfRevenue": "5435000000", "costofGoodsAndServicesSold": "5435000000", "operatingIncome": "3199000000", "sellingGeneralAndAdministrative": "372000000", "researchAndDevelopment": "None", "operatingExpenses": "1103000000", "investmentIncomeNet": "None", "netInterestIncome": "-367000000", "interestIncome": "12000000", "interestExpense": "373000000", "nonInterestIncome": "None", "otherNonOperatingIncome": "None", "depreciation": "None", "depreciationAndAmortization": "2266000000", "incomeBeforeTax": "1535000000", "incomeTaxExpense": "417000000", "interestAndDebtExpense": "None", "netIncomeFromContinuingOperations": "1118000000", "comprehensiveIncomeNetOfTax": "None", "ebit": "1908000000", "ebitda": "4174000000", "netIncome": "804000000"}, {"fiscalDateEnding": "2023-12-31", "reportedCurrency": "USD", "grossProfit": "4227000000", "totalRevenue": "8279000000", "costOfRevenue": "4052000000", "costofGoodsAndServicesSold": "4052000000", "operatingIncome": "3358000000", "sellingGeneralAndAdministrative": "351000000", "researchAndDevelopment": "None", "operatingExpenses": "869000000", "investmentIncomeNet": "None", "netInterestIncome": "-321000000", "interestIncome": "10000000", "interestExpense": "331000000", "nonInterestIncome": "None", "otherNonOperatingIncome": "None", "depreciation": "None", "depreciationAndAmortization": "1540000000", "incomeBeforeTax": "2883000000", "incomeTaxExpense": "-324000000", "interestAndDebtExpense": "None", "netIncomeFromContinuingOperations": "3207000000", "comprehensiveIncomeNetOfTax": "None", "ebit": "3210000000", "ebitda": "4750000000", "netIncome": "2855000000"}, {"fiscalDateEnding": "2022-12-31", "reportedCurrency": "USD", "grossProfit": "6255000000", "totalRevenue": "11075000000", "costOfRevenue": "4820000000", "costofGoodsAndServicesSold": "4820000000", "operatingIncome": "5082000000", "sellingGeneralAndAdministrative": "483000000", "researchAndDevelopment": "None", "operatingExpenses": "1173000000", "investmentIncomeNet": "None", "netInterestIncome": "-312000000", "interestIncome": "10000000", "interestExpense": "322000000", "nonInterestIncome": "None", "otherNonOperatingIncome": "1073000000", "depreciation": "None", "depreciationAndAmortization": "1557000000", "incomeBeforeTax": "5734000000", "incomeTaxExpense": "1652000000", "interestAndDebtExpense": "None", "netIncomeFromContinuingOperations": "4082000000", "comprehensiveIncomeNetOfTax": "None", "ebit": "6056000000", "ebitda": "7613000000", "netIncome": "3674000000"}, {"fiscalDateEnding": "2021-12-31", "reportedCurrency": "USD", "grossProfit": "3540000000", "totalRevenue": "7985000000", "costOfRevenue": "4445000000", "costofGoodsAndServicesSold": "4445000000", "operatingIncome": "2692000000", "sellingGeneralAndAdministrative": "376000000", "researchAndDevelopment": "None", "operatingExpenses": "848000000", "investmentIncomeNet": "None", "netInterestIncome": "-514000000", "interestIncome": "8000000", "interestExpense": "418000000", "nonInterestIncome": "None", "otherNonOperatingIncome": "161000000", "depreciation": "None", "depreciationAndAmortization": "1570000000", "incomeBeforeTax": "1891000000", "incomeTaxExpense": "578000000", "interestAndDebtExpense": "None", "netIncomeFromContinuingOperations": "1402000000", "comprehensiveIncomeNetOfTax": "None", "ebit": "2309000000", "ebitda": "3879000000", "netIncome": "973000000"}, {"fiscalDateEnding": "2020-12-31", "reportedCurrency": "USD", "grossProfit": "905000000", "totalRevenue": "4435000000", "costOfRevenue": "3530000000", "costofGoodsAndServicesSold": "3530000000", "operatingIncome": "173000000", "sellingGeneralAndAdministrative": "290000000", "researchAndDevelopment": "None", "operatingExpenses": "732000000", "investmentIncomeNet": "None", "netInterestIncome": "-427000000", "interestIncome": "7000000", "interestExpense": "434000000", "nonInterestIncome": "None", "otherNonOperatingIncome": "None", "depreciation": "None", "depreciationAndAmortization": "2092000000", "incomeBeforeTax": "-4840000000", "incomeTaxExpense": "64000000", "interestAndDebtExpense": "None", "netIncomeFromContinuingOperations": "-4904000000", "comprehensiveIncomeNetOfTax": "None", "ebit": "-4406000000", "ebitda": "-2314000000", "netIncome": "-4860000000"}, {"fiscalDateEnding": "2019-12-31", "reportedCurrency": "USD", "grossProfit": "1740000000", "totalRevenue": "6315000000", "costOfRevenue": "4575000000", "costofGoodsAndServicesSold": "4575000000", "operatingIncome": "445000000", "sellingGeneralAndAdministrative": "406000000", "researchAndDevelopment": "None", "operatingExpenses": "1471000000", "investmentIncomeNet": "None", "netInterestIncome": "-387000000", "interestIncome": "13000000", "interestExpense": "400000000", "nonInterestIncome": "None", "otherNonOperatingIncome": "43000000", "depreciation": "None", "depreciationAndAmortization": "2680000000", "incomeBeforeTax": "-3008000000", "incomeTaxExpense": "674000000", "interestAndDebtExpense": "None", "netIncomeFromContinuingOperations": "-2348000000", "comprehensiveIncomeNetOfTax": "None", "ebit": "-2893000000", "ebitda": "-213000000", "netIncome": "-3553000000"}, {"fiscalDateEnding": "2018-12-31", "reportedCurrency": "USD", "grossProfit": "3156000000", "totalRevenue": "7348000000", "costOfRevenue": "4192000000", "costofGoodsAndServicesSold": "4192000000", "operatingIncome": "1969000000", "sellingGeneralAndAdministrative": "431000000", "researchAndDevelopment": "0", "operatingExpenses": "1187000000", "investmentIncomeNet": "None", "netInterestIncome": "-384000000", "interestIncome": "22000000", "interestExpense": "478000000", "nonInterestIncome": "None", "otherNonOperatingIncome": "None", "depreciation": "None", "depreciationAndAmortization": "140000000", "incomeBeforeTax": "958000000", "incomeTaxExpense": "672000000", "interestAndDebtExpense": "None", "netIncomeFromContinuingOperations": "286000000", "comprehensiveIncomeNetOfTax": "None", "ebit": "1969000000", "ebitda": "2109000000", "netIncome": "40000000"}, {"fiscalDateEnding": "2017-12-31", "reportedCurrency": "USD", "grossProfit": "2028000000", "totalRevenue": "5887000000", "costOfRevenue": "3859000000", "costofGoodsAndServicesSold": "3859000000", "operatingIncome": "847000000", "sellingGeneralAndAdministrative": "395000000", "researchAndDevelopment": "0", "operatingExpenses": "1181000000", "investmentIncomeNet": "None", "netInterestIncome": "-396000000", "interestIncome": "19000000", "interestExpense": "397000000", "nonInterestIncome": "None", "otherNonOperatingIncome": "-397000000", "depreciation": "None", "depreciationAndAmortization": "144000000", "incomeBeforeTax": "918000000", "incomeTaxExpense": "-585000000", "interestAndDebtExpense": "None", "netIncomeFromContinuingOperations": "1503000000", "comprehensiveIncomeNetOfTax": "None", "ebit": "847000000", "ebitda": "991000000", "netIncome": "1304000000"}, {"fiscalDateEnding": "2016-12-31", "reportedCurrency": "USD", "grossProfit": "1055000000", "totalRevenue": "5367000000", "costOfRevenue": "4312000000", "costofGoodsAndServicesSold": "4312000000", "operatingIncome": "-144000000", "sellingGeneralAndAdministrative": "410000000", "researchAndDevelopment": "0", "operatingExpenses": "1199000000", "investmentIncomeNet": "None", "netInterestIncome": "-416000000", "interestIncome": "8000000", "interestExpense": "417000000", "nonInterestIncome": "None", "otherNonOperatingIncome": "-417000000", "depreciation": "None", "depreciationAndAmortization": "158000000", "incomeBeforeTax": "-1682000000", "incomeTaxExpense": "-442000000", "interestAndDebtExpense": "None", "netIncomeFromContinuingOperations": "-1240000000", "comprehensiveIncomeNetOfTax": "None", "ebit": "-144000000", "ebitda": "14000000", "netIncome": "-1405000000"}, {"fiscalDateEnding": "2015-12-31", "reportedCurrency": "USD", "grossProfit": "-25054000000", "totalRevenue": "6383000000", "costOfRevenue": "31437000000", "costofGoodsAndServicesSold": "31437000000", "operatingIncome": "-25875000000", "sellingGeneralAndAdministrative": "377000000", "researchAndDevelopment": "0", "operatingExpenses": "821000000", "investmentIncomeNet": "None", "netInterestIncome": "None", "interestIncome": "None", "interestExpense": "299000000", "nonInterestIncome": "None", "otherNonOperatingIncome": "-299000000", "depreciation": "None", "depreciationAndAmortization": "324000000", "incomeBeforeTax": "-28226000000", "incomeTaxExpense": "-5469000000", "interestAndDebtExpense": "None", "netIncomeFromContinuingOperations": "-22757000000", "comprehensiveIncomeNetOfTax": "None", "ebit": "-25875000000", "ebitda": "-25551000000", "netIncome": "-23119000000"}, {"fiscalDateEnding": "2014-12-31", "reportedCurrency": "USD", "grossProfit": "839000000", "totalRevenue": "13749000000", "costOfRevenue": "12910000000", "costofGoodsAndServicesSold": "12910000000", "operatingIncome": "-636000000", "sellingGeneralAndAdministrative": "434000000", "researchAndDevelopment": "0", "operatingExpenses": "1475000000", "investmentIncomeNet": "None", "netInterestIncome": "None", "interestIncome": "None", "interestExpense": "130000000", "nonInterestIncome": "None", "otherNonOperatingIncome": "-130000000", "depreciation": "None", "depreciationAndAmortization": "410000000", "incomeBeforeTax": "-2906000000", "incomeTaxExpense": "1637000000", "interestAndDebtExpense": "None", "netIncomeFromContinuingOperations": "-4543000000", "comprehensiveIncomeNetOfTax": "None", "ebit": "-636000000", "ebitda": "-226000000", "netIncome": "-5403000000"}, {"fiscalDateEnding": "2013-12-31", "reportedCurrency": "USD", "grossProfit": "6349000000", "totalRevenue": "16402000000", "costOfRevenue": "10053000000", "costofGoodsAndServicesSold": "10053000000", "operatingIncome": "4822000000", "sellingGeneralAndAdministrative": "503000000", "researchAndDevelopment": "0", "operatingExpenses": "1527000000", "investmentIncomeNet": "None", "netInterestIncome": "None", "interestIncome": "None", "interestExpense": "174000000", "nonInterestIncome": "None", "otherNonOperatingIncome": "None", "depreciation": "None", "depreciationAndAmortization": "410000000", "incomeBeforeTax": "4216000000", "incomeTaxExpense": "1928000000", "interestAndDebtExpense": "None", "netIncomeFromContinuingOperations": "2288000000", "comprehensiveIncomeNetOfTax": "None", "ebit": "4822000000", "ebitda": "5232000000", "netIncome": "2232000000"}, {"fiscalDateEnding": "2012-12-31", "reportedCurrency": "USD", "grossProfit": "6567000000", "totalRevenue": "16947000000", "costOfRevenue": "10380000000", "costofGoodsAndServicesSold": "10380000000", "operatingIncome": "5073000000", "sellingGeneralAndAdministrative": "531000000", "researchAndDevelopment": "0", "operatingExpenses": "1494000000", "investmentIncomeNet": "None", "netInterestIncome": "None", "interestIncome": "None", "interestExpense": "165000000", "nonInterestIncome": "None", "otherNonOperatingIncome": "None", "depreciation": "None", "depreciationAndAmortization": "7109000000", "incomeBeforeTax": "4877000000", "incomeTaxExpense": "2876000000", "interestAndDebtExpense": "None", "netIncomeFromContinuingOperations": "2001000000", "comprehensiveIncomeNetOfTax": "None", "ebit": "5073000000", "ebitda": "12182000000", "netIncome": "2001000000"}, {"fiscalDateEnding": "2011-12-31", "reportedCurrency": "USD", "grossProfit": "9705000000", "totalRevenue": "16810000000", "costOfRevenue": "7105000000", "costofGoodsAndServicesSold": "7105000000", "operatingIncome": "8315000000", "sellingGeneralAndAdministrative": "459000000", "researchAndDevelopment": "0", "operatingExpenses": "1434000000", "investmentIncomeNet": "None", "netInterestIncome": "None", "interestIncome": "None", "interestExpense": "175000000", "nonInterestIncome": "None", "otherNonOperatingIncome": "None", "depreciation": "None", "depreciationAndAmortization": "4249000000", "incomeBeforeTax": "8093000000", "incomeTaxExpense": "3509000000", "interestAndDebtExpense": "None", "netIncomeFromContinuingOperations": "4584000000", "comprehensiveIncomeNetOfTax": "None", "ebit": "8218000000", "ebitda": "12467000000", "netIncome": "4584000000"}, {"fiscalDateEnding": "2010-12-31", "reportedCurrency": "USD", "grossProfit": "6890000000", "totalRevenue": "12183000000", "costOfRevenue": "5293000000", "costofGoodsAndServicesSold": "5293000000", "operatingIncome": "5618000000", "sellingGeneralAndAdministrative": "380000000", "researchAndDevelopment": "0", "operatingExpenses": "1272000000", "investmentIncomeNet": "None", "netInterestIncome": "None", "interestIncome": "None", "interestExpense": "242000000", "nonInterestIncome": "None", "otherNonOperatingIncome": "None", "depreciation": "None", "depreciationAndAmortization": "3083000000", "incomeBeforeTax": "5206000000", "incomeTaxExpense": "2174000000", "interestAndDebtExpense": "None", "netIncomeFromContinuingOperations": "3032000000", "comprehensiveIncomeNetOfTax": "None", "ebit": "5729000000", "ebitda": "8812000000", "netIncome": "3032000000"}, {"fiscalDateEnding": "2009-12-31", "reportedCurrency": "USD", "grossProfit": "8471826000", "totalRevenue": "8614826000", "costOfRevenue": "143000000", "costofGoodsAndServicesSold": "143000000", "operatingIncome": "568000000", "sellingGeneralAndAdministrative": "343883000", "researchAndDevelopment": "0", "operatingExpenses": "7904000000", "investmentIncomeNet": "None", "netInterestIncome": "None", "interestIncome": "None", "interestExpense": "248000000", "nonInterestIncome": "None", "otherNonOperatingIncome": "None", "depreciation": "None", "depreciationAndAmortization": "5213000000", "incomeBeforeTax": "326391000", "incomeTaxExpense": "610789000", "interestAndDebtExpense": "None", "netIncomeFromContinuingOperations": "-284398000", "comprehensiveIncomeNetOfTax": "None", "ebit": "574000000", "ebitda": "5787000000", "netIncome": "-284398000"}, {"fiscalDateEnding": "2008-12-31", "reportedCurrency": "USD", "grossProfit": "10323634000", "totalRevenue": "12389750000", "costOfRevenue": "2066116000", "costofGoodsAndServicesSold": "2066116000", "operatingIncome": "1188902000", "sellingGeneralAndAdministrative": "288794000", "researchAndDevelopment": "None", "operatingExpenses": "9123859000", "investmentIncomeNet": "None", "netInterestIncome": "None", "interestIncome": "None", "interestExpense": "280457000", "nonInterestIncome": "None", "otherNonOperatingIncome": "None", "depreciation": "None", "depreciationAndAmortization": "7850258000", "incomeBeforeTax": "932392000", "incomeTaxExpense": "220438000", "interestAndDebtExpense": "None", "netIncomeFromContinuingOperations": "None", "comprehensiveIncomeNetOfTax": "None", "ebit": "1212849000", "ebitda": "9063107000", "netIncome": "711954000"}, {"fiscalDateEnding": "2007-12-31", "reportedCurrency": "USD", "grossProfit": "8137949000", "totalRevenue": "9961982000", "costOfRevenue": "1824033000", "costofGoodsAndServicesSold": "1824033000", "operatingIncome": "4951217000", "sellingGeneralAndAdministrative": "275065000", "researchAndDevelopment": "None", "operatingExpenses": "3164838000", "investmentIncomeNet": "None", "netInterestIncome": "None", "interestIncome": "None", "interestExpense": "0", "nonInterestIncome": "None", "otherNonOperatingIncome": "None", "depreciation": "None", "depreciationAndAmortization": "2347791000", "incomeBeforeTax": "4672612000", "incomeTaxExpense": "1860254000", "interestAndDebtExpense": "None", "netIncomeFromContinuingOperations": "None", "comprehensiveIncomeNetOfTax": "None", "ebit": "4951217000", "ebitda": "7299008000", "netIncome": "2812358000"}, {"fiscalDateEnding": "2006-12-31", "reportedCurrency": "USD", "grossProfit": "6607557000", "totalRevenue": "8074253000", "costOfRevenue": "1466696000", "costofGoodsAndServicesSold": "1466696000", "operatingIncome": "4325026000", "sellingGeneralAndAdministrative": "211334000", "researchAndDevelopment": "None", "operatingExpenses": "2306128000", "investmentIncomeNet": "None", "netInterestIncome": "None", "interestIncome": "None", "interestExpense": "158201000", "nonInterestIncome": "None", "otherNonOperatingIncome": "None", "depreciation": "None", "depreciationAndAmortization": "1816359000", "incomeBeforeTax": "4009595000", "incomeTaxExpense": "1457144000", "interestAndDebtExpense": "None", "netIncomeFromContinuingOperations": "None", "comprehensiveIncomeNetOfTax": "None", "ebit": "4005534000", "ebitda": "5821893000", "netIncome": "2552451000"}, {"fiscalDateEnding": "2005-12-31", "reportedCurrency": "USD", "grossProfit": "6443509000", "totalRevenue": "7584244000", "costOfRevenue": "1140735000", "costofGoodsAndServicesSold": "1140735000", "operatingIncome": "4376297000", "sellingGeneralAndAdministrative": "198272000", "researchAndDevelopment": "None", "operatingExpenses": "2067212000", "investmentIncomeNet": "None", "netInterestIncome": "None", "interestIncome": "None", "interestExpense": "122179000", "nonInterestIncome": "None", "otherNonOperatingIncome": "None", "depreciation": "None", "depreciationAndAmortization": "1415682000", "incomeBeforeTax": "4206254000", "incomeTaxExpense": "1582524000", "interestAndDebtExpense": "None", "netIncomeFromContinuingOperations": "None", "comprehensiveIncomeNetOfTax": "None", "ebit": "4376297000", "ebitda": "5791979000", "netIncome": "2623730000"}], "quarterlyReports": [{"fiscalDateEnding": "2024-12-31", "reportedCurrency": "USD", "grossProfit": "1099000000", "totalRevenue": "2712000000", "costOfRevenue": "1613000000", "costofGoodsAndServicesSold": "1613000000", "operatingIncome": "831000000", "sellingGeneralAndAdministrative": "102000000", "researchAndDevelopment": "None", "operatingExpenses": "268000000", "investmentIncomeNet": "None", "netInterestIncome": "-91000000", "interestIncome": "4000000", "interestExpense": "93000000", "nonInterestIncome": "None", "otherNonOperatingIncome": "None", "depreciation": "None", "depreciationAndAmortization": "653000000", "incomeBeforeTax": "500000000", "incomeTaxExpense": "75000000", "interestAndDebtExpense": "None", "netIncomeFromContinuingOperations": "425000000", "comprehensiveIncomeNetOfTax": "None", "ebit": "593000000", "ebitda": "1246000000", "netIncome": "354000000"}, {"fiscalDateEnding": "2024-09-30", "reportedCurrency": "USD", "grossProfit": "1103000000", "totalRevenue": "2531000000", "costOfRevenue": "1428000000", "costofGoodsAndServicesSold": "1428000000", "operatingIncome": "876000000", "sellingGeneralAndAdministrative": "92000000", "researchAndDevelopment": "None", "operatingExpenses": "1103000000", "investmentIncomeNet": "None", "netInterestIncome": "-100000000", "interestIncome": "2000000", "interestExpense": "101000000", "nonInterestIncome": "None", "otherNonOperatingIncome": "None", "depreciation": "None", "depreciationAndAmortization": "595000000", "incomeBeforeTax": "-340000000", "incomeTaxExpense": "-201000000", "interestAndDebtExpense": "None", "netIncomeFromContinuingOperations": "-139000000", "comprehensiveIncomeNetOfTax": "None", "ebit": "-239000000", "ebitda": "356000000", "netIncome": "-223000000"}, {"fiscalDateEnding": "2024-06-30", "reportedCurrency": "USD", "grossProfit": "1057000000", "totalRevenue": "2543000000", "costOfRevenue": "1486000000", "costofGoodsAndServicesSold": "1486000000", "operatingIncome": "894000000", "sellingGeneralAndAdministrative": "85000000", "researchAndDevelopment": "None", "operatingExpenses": "443000000", "investmentIncomeNet": "None", "netInterestIncome": "-100000000", "interestIncome": "3000000", "interestExpense": "103000000", "nonInterestIncome": "None", "otherNonOperatingIncome": "None", "depreciation": "None", "depreciationAndAmortization": "665000000", "incomeBeforeTax": "928000000", "incomeTaxExpense": "308000000", "interestAndDebtExpense": "None", "netIncomeFromContinuingOperations": "620000000", "comprehensiveIncomeNetOfTax": "None", "ebit": "1031000000", "ebitda": "1696000000", "netIncome": "541000000"}, {"fiscalDateEnding": "2024-03-31", "reportedCurrency": "USD", "grossProfit": "936000000", "totalRevenue": "1951000000", "costOfRevenue": "1015000000", "costofGoodsAndServicesSold": "1015000000", "operatingIncome": "613000000", "sellingGeneralAndAdministrative": "93000000", "researchAndDevelopment": "None", "operatingExpenses": "150000000", "investmentIncomeNet": "None", "netInterestIncome": "-76000000", "interestIncome": "3000000", "interestExpense": "79000000", "nonInterestIncome": "None", "otherNonOperatingIncome": "None", "depreciation": "None", "depreciationAndAmortization": "430000000", "incomeBeforeTax": "447000000", "incomeTaxExpense": "235000000", "interestAndDebtExpense": "None", "netIncomeFromContinuingOperations": "212000000", "comprehensiveIncomeNetOfTax": "None", "ebit": "699000000", "ebitda": "1129000000", "netIncome": "132000000"}, {"fiscalDateEnding": "2023-12-31", "reportedCurrency": "USD", "grossProfit": "1111000000", "totalRevenue": "2167000000", "costOfRevenue": "1056000000", "costofGoodsAndServicesSold": "1056000000", "operatingIncome": "911000000", "sellingGeneralAndAdministrative": "75000000", "researchAndDevelopment": "None", "operatingExpenses": "200000000", "investmentIncomeNet": "None", "netInterestIncome": "-77000000", "interestIncome": "3000000", "interestExpense": "80000000", "nonInterestIncome": "None", "otherNonOperatingIncome": "None", "depreciation": "None", "depreciationAndAmortization": "476000000", "incomeBeforeTax": "540000000", "incomeTaxExpense": "-1324000000", "interestAndDebtExpense": "None", "netIncomeFromContinuingOperations": "1864000000", "comprehensiveIncomeNetOfTax": "None", "ebit": "620000000", "ebitda": "1096000000", "netIncome": "1773000000"}, {"fiscalDateEnding": "2023-09-30", "reportedCurrency": "USD", "grossProfit": "1196000000", "totalRevenue": "2308000000", "costOfRevenue": "1112000000", "costofGoodsAndServicesSold": "1112000000", "operatingIncome": "918000000", "sellingGeneralAndAdministrative": "139000000", "researchAndDevelopment": "None", "operatingExpenses": "278000000", "investmentIncomeNet": "None", "netInterestIncome": "-81000000", "interestIncome": "2000000", "interestExpense": "83000000", "nonInterestIncome": "None", "otherNonOperatingIncome": "None", "depreciation": "None", "depreciationAndAmortization": "474000000", "incomeBeforeTax": "833000000", "incomeTaxExpense": "278000000", "interestAndDebtExpense": "None", "netIncomeFromContinuingOperations": "555000000", "comprehensiveIncomeNetOfTax": "None", "ebit": "916000000", "ebitda": "1390000000", "netIncome": "459000000"}, {"fiscalDateEnding": "2023-06-30", "reportedCurrency": "USD", "grossProfit": "859000000", "totalRevenue": "1796000000", "costOfRevenue": "937000000", "costofGoodsAndServicesSold": "937000000", "operatingIncome": "665000000", "sellingGeneralAndAdministrative": "72000000", "researchAndDevelopment": "None", "operatingExpenses": "194000000", "investmentIncomeNet": "None", "netInterestIncome": "-82000000", "interestIncome": "3000000", "interestExpense": "85000000", "nonInterestIncome": "None", "otherNonOperatingIncome": "5000000", "depreciation": "None", "depreciationAndAmortization": "425000000", "incomeBeforeTax": "700000000", "incomeTaxExpense": "238000000", "interestAndDebtExpense": "None", "netIncomeFromContinuingOperations": "452000000", "comprehensiveIncomeNetOfTax": "None", "ebit": "785000000", "ebitda": "1210000000", "netIncome": "381000000"}, {"fiscalDateEnding": "2023-03-31", "reportedCurrency": "USD", "grossProfit": "1061000000", "totalRevenue": "2008000000", "costOfRevenue": "947000000", "costofGoodsAndServicesSold": "947000000", "operatingIncome": "832000000", "sellingGeneralAndAdministrative": "65000000", "researchAndDevelopment": "None", "operatingExpenses": "229000000", "investmentIncomeNet": "None", "netInterestIncome": "-72000000", "interestIncome": "2000000", "interestExpense": "83000000", "nonInterestIncome": "None", "otherNonOperatingIncome": "1000000", "depreciation": "None", "depreciationAndAmortization": "332000000", "incomeBeforeTax": "810000000", "incomeTaxExpense": "484000000", "interestAndDebtExpense": "None", "netIncomeFromContinuingOperations": "305000000", "comprehensiveIncomeNetOfTax": "None", "ebit": "956000000", "ebitda": "1288000000", "netIncome": "242000000"}, {"fiscalDateEnding": "2022-12-31", "reportedCurrency": "USD", "grossProfit": "1324000000", "totalRevenue": "2472000000", "costOfRevenue": "1148000000", "costofGoodsAndServicesSold": "1148000000", "operatingIncome": "1016000000", "sellingGeneralAndAdministrative": "169000000", "researchAndDevelopment": "None", "operatingExpenses": "308000000", "investmentIncomeNet": "None", "netInterestIncome": "-76000000", "interestIncome": "2000000", "interestExpense": "78000000", "nonInterestIncome": "None", "otherNonOperatingIncome": "31000000", "depreciation": "None", "depreciationAndAmortization": "354000000", "incomeBeforeTax": "802000000", "incomeTaxExpense": "263000000", "interestAndDebtExpense": "None", "netIncomeFromContinuingOperations": "539000000", "comprehensiveIncomeNetOfTax": "None", "ebit": "880000000", "ebitda": "1234000000", "netIncome": "443000000"}, {"fiscalDateEnding": "2022-09-30", "reportedCurrency": "USD", "grossProfit": "1541000000", "totalRevenue": "2887000000", "costOfRevenue": "1346000000", "costofGoodsAndServicesSold": "1346000000", "operatingIncome": "1266000000", "sellingGeneralAndAdministrative": "69000000", "researchAndDevelopment": "None", "operatingExpenses": "275000000", "investmentIncomeNet": "None", "netInterestIncome": "-75000000", "interestIncome": "1000000", "interestExpense": "76000000", "nonInterestIncome": "None", "otherNonOperatingIncome": "-13000000", "depreciation": "None", "depreciationAndAmortization": "421000000", "incomeBeforeTax": "1172000000", "incomeTaxExpense": "642000000", "interestAndDebtExpense": "None", "netIncomeFromContinuingOperations": "530000000", "comprehensiveIncomeNetOfTax": "None", "ebit": "1248000000", "ebitda": "1669000000", "netIncome": "422000000"}, {"fiscalDateEnding": "2022-06-30", "reportedCurrency": "USD", "grossProfit": "1788000000", "totalRevenue": "3047000000", "costOfRevenue": "1259000000", "costofGoodsAndServicesSold": "1259000000", "operatingIncome": "1536000000", "sellingGeneralAndAdministrative": "89000000", "researchAndDevelopment": "None", "operatingExpenses": "143000000", "investmentIncomeNet": "None", "netInterestIncome": "-76000000", "interestIncome": "3000000", "interestExpense": "79000000", "nonInterestIncome": "None", "otherNonOperatingIncome": "-59000000", "depreciation": "None", "depreciationAndAmortization": "278000000", "incomeBeforeTax": "1462000000", "incomeTaxExpense": "395000000", "interestAndDebtExpense": "None", "netIncomeFromContinuingOperations": "1129000000", "comprehensiveIncomeNetOfTax": "None", "ebit": "1608000000", "ebitda": "1886000000", "netIncome": "926000000"}, {"fiscalDateEnding": "2022-03-31", "reportedCurrency": "USD", "grossProfit": "1602000000", "totalRevenue": "2669000000", "costOfRevenue": "1067000000", "costofGoodsAndServicesSold": "1067000000", "operatingIncome": "2920000000", "sellingGeneralAndAdministrative": "156000000", "researchAndDevelopment": "None", "operatingExpenses": "252000000", "investmentIncomeNet": "None", "netInterestIncome": "-85000000", "interestIncome": "4000000", "interestExpense": "89000000", "nonInterestIncome": "None", "otherNonOperatingIncome": "1114000000", "depreciation": "None", "depreciationAndAmortization": "329000000", "incomeBeforeTax": "2298000000", "incomeTaxExpense": "352000000", "interestAndDebtExpense": "None", "netIncomeFromContinuingOperations": "1981000000", "comprehensiveIncomeNetOfTax": "None", "ebit": "2387000000", "ebitda": "2716000000", "netIncome": "1883000000"}, {"fiscalDateEnding": "2021-12-31", "reportedCurrency": "USD", "grossProfit": "1112000000", "totalRevenue": "2299000000", "costOfRevenue": "1187000000", "costofGoodsAndServicesSold": "1187000000", "operatingIncome": "732000000", "sellingGeneralAndAdministrative": "137000000", "researchAndDevelopment": "None", "operatingExpenses": "213000000", "investmentIncomeNet": "None", "netInterestIncome": "-92000000", "interestIncome": "2000000", "interestExpense": "94000000", "nonInterestIncome": "None", "otherNonOperatingIncome": "51000000", "depreciation": "None", "depreciationAndAmortization": "390000000", "incomeBeforeTax": "654000000", "incomeTaxExpense": "169000000", "interestAndDebtExpense": "None", "netIncomeFromContinuingOperations": "512000000", "comprehensiveIncomeNetOfTax": "None", "ebit": "748000000", "ebitda": "1138000000", "netIncome": "382000000"}, {"fiscalDateEnding": "2021-09-30", "reportedCurrency": "USD", "grossProfit": "944000000", "totalRevenue": "2059000000", "costOfRevenue": "1115000000", "costofGoodsAndServicesSold": "1115000000", "operatingIncome": "797000000", "sellingGeneralAndAdministrative": "70000000", "researchAndDevelopment": "None", "operatingExpenses": "147000000", "investmentIncomeNet": "None", "netInterestIncome": "-100000000", "interestIncome": "1000000", "interestExpense": "101000000", "nonInterestIncome": "None", "otherNonOperatingIncome": "-2000000", "depreciation": "None", "depreciationAndAmortization": "364000000", "incomeBeforeTax": "122000000", "incomeTaxExpense": "152000000", "interestAndDebtExpense": "None", "netIncomeFromContinuingOperations": "-30000000", "comprehensiveIncomeNetOfTax": "None", "ebit": "223000000", "ebitda": "587000000", "netIncome": "-113000000"}, {"fiscalDateEnding": "2021-06-30", "reportedCurrency": "USD", "grossProfit": "771000000", "totalRevenue": "1756000000", "costOfRevenue": "985000000", "costofGoodsAndServicesSold": "985000000", "operatingIncome": "580000000", "sellingGeneralAndAdministrative": "86000000", "researchAndDevelopment": "None", "operatingExpenses": "117000000", "investmentIncomeNet": "None", "netInterestIncome": "-108000000", "interestIncome": "3000000", "interestExpense": "111000000", "nonInterestIncome": "None", "otherNonOperatingIncome": "-48000000", "depreciation": "None", "depreciationAndAmortization": "379000000", "incomeBeforeTax": "495000000", "incomeTaxExpense": "87000000", "interestAndDebtExpense": "None", "netIncomeFromContinuingOperations": "408000000", "comprehensiveIncomeNetOfTax": "None", "ebit": "606000000", "ebitda": "985000000", "netIncome": "316000000"}, {"fiscalDateEnding": "2021-03-31", "reportedCurrency": "USD", "grossProfit": "713000000", "totalRevenue": "1871000000", "costOfRevenue": "1158000000", "costofGoodsAndServicesSold": "1158000000", "operatingIncome": "1004000000", "sellingGeneralAndAdministrative": "83000000", "researchAndDevelopment": "None", "operatingExpenses": "143000000", "investmentIncomeNet": "None", "netInterestIncome": "-110000000", "interestIncome": "2000000", "interestExpense": "112000000", "nonInterestIncome": "None", "otherNonOperatingIncome": "160000000", "depreciation": "None", "depreciationAndAmortization": "342000000", "incomeBeforeTax": "620000000", "incomeTaxExpense": "170000000", "interestAndDebtExpense": "None", "netIncomeFromContinuingOperations": "459000000", "comprehensiveIncomeNetOfTax": "None", "ebit": "760000000", "ebitda": "1102000000", "netIncome": "388000000"}, {"fiscalDateEnding": "2020-12-31", "reportedCurrency": "USD", "grossProfit": "342000000", "totalRevenue": "1219000000", "costOfRevenue": "877000000", "costofGoodsAndServicesSold": "877000000", "operatingIncome": "141000000", "sellingGeneralAndAdministrative": "76000000", "researchAndDevelopment": "None", "operatingExpenses": "201000000", "investmentIncomeNet": "None", "netInterestIncome": "-107000000", "interestIncome": "3000000", "interestExpense": "110000000", "nonInterestIncome": "None", "otherNonOperatingIncome": "None", "depreciation": "None", "depreciationAndAmortization": "491000000", "incomeBeforeTax": "70000000", "incomeTaxExpense": "15000000", "interestAndDebtExpense": "None", "netIncomeFromContinuingOperations": "55000000", "comprehensiveIncomeNetOfTax": "None", "ebit": "77000000", "ebitda": "568000000", "netIncome": "30000000"}, {"fiscalDateEnding": "2020-09-30", "reportedCurrency": "USD", "grossProfit": "325000000", "totalRevenue": "1120000000", "costOfRevenue": "795000000", "costofGoodsAndServicesSold": "795000000", "operatingIncome": "163000000", "sellingGeneralAndAdministrative": "52000000", "researchAndDevelopment": "None", "operatingExpenses": "162000000", "investmentIncomeNet": "None", "netInterestIncome": "-111000000", "interestIncome": "1000000", "interestExpense": "112000000", "nonInterestIncome": "None", "otherNonOperatingIncome": "None", "depreciation": "None", "depreciationAndAmortization": "398000000", "incomeBeforeTax": "72000000", "incomeTaxExpense": "31000000", "interestAndDebtExpense": "None", "netIncomeFromContinuingOperations": "41000000", "comprehensiveIncomeNetOfTax": "None", "ebit": "182000000", "ebitda": "580000000", "netIncome": "15000000"}, {"fiscalDateEnding": "2020-06-30", "reportedCurrency": "USD", "grossProfit": "-48000000", "totalRevenue": "752000000", "costOfRevenue": "800000000", "costofGoodsAndServicesSold": "800000000", "operatingIncome": "-245000000", "sellingGeneralAndAdministrative": "94000000", "researchAndDevelopment": "None", "operatingExpenses": "197000000", "investmentIncomeNet": "None", "netInterestIncome": "-106000000", "interestIncome": "1000000", "interestExpense": "107000000", "nonInterestIncome": "None", "otherNonOperatingIncome": "None", "depreciation": "None", "depreciationAndAmortization": "418000000", "incomeBeforeTax": "-416000000", "incomeTaxExpense": "-38000000", "interestAndDebtExpense": "None", "netIncomeFromContinuingOperations": "-378000000", "comprehensiveIncomeNetOfTax": "None", "ebit": "-311000000", "ebitda": "107000000", "netIncome": "-386000000"}, {"fiscalDateEnding": "2020-03-31", "reportedCurrency": "USD", "grossProfit": "286000000", "totalRevenue": "1344000000", "costOfRevenue": "1058000000", "costofGoodsAndServicesSold": "1058000000", "operatingIncome": "114000000", "sellingGeneralAndAdministrative": "68000000", "researchAndDevelopment": "None", "operatingExpenses": "172000000", "investmentIncomeNet": "None", "netInterestIncome": "-103000000", "interestIncome": "2000000", "interestExpense": "105000000", "nonInterestIncome": "None", "otherNonOperatingIncome": "None", "depreciation": "None", "depreciationAndAmortization": "566000000", "incomeBeforeTax": "-4566000000", "incomeTaxExpense": "56000000", "interestAndDebtExpense": "None", "netIncomeFromContinuingOperations": "-4622000000", "comprehensiveIncomeNetOfTax": "None", "ebit": "-4434000000", "ebitda": "-3868000000", "netIncome": "-4480000000"}, {"fiscalDateEnding": "2019-12-31", "reportedCurrency": "USD", "grossProfit": "485000000", "totalRevenue": "1625000000", "costOfRevenue": "1140000000", "costofGoodsAndServicesSold": "1140000000", "operatingIncome": "-268000000", "sellingGeneralAndAdministrative": "83000000", "researchAndDevelopment": "None", "operatingExpenses": "753000000", "investmentIncomeNet": "None", "netInterestIncome": "-97000000", "interestIncome": "1000000", "interestExpense": "98000000", "nonInterestIncome": "None", "otherNonOperatingIncome": "43000000", "depreciation": "None", "depreciationAndAmortization": "721000000", "incomeBeforeTax": "-3035000000", "incomeTaxExpense": "212000000", "interestAndDebtExpense": "None", "netIncomeFromContinuingOperations": "-1913000000", "comprehensiveIncomeNetOfTax": "None", "ebit": "-2939000000", "ebitda": "-2218000000", "netIncome": "-2976000000"}, {"fiscalDateEnding": "2019-09-30", "reportedCurrency": "USD", "grossProfit": "288000000", "totalRevenue": "1438000000", "costOfRevenue": "1150000000", "costofGoodsAndServicesSold": "1150000000", "operatingIncome": "127000000", "sellingGeneralAndAdministrative": "98000000", "researchAndDevelopment": "None", "operatingExpenses": "184000000", "investmentIncomeNet": "None", "netInterestIncome": "-95000000", "interestIncome": "5000000", "interestExpense": "100000000", "nonInterestIncome": "None", "otherNonOperatingIncome": "None", "depreciation": "None", "depreciationAndAmortization": "711000000", "incomeBeforeTax": "14000000", "incomeTaxExpense": "131000000", "interestAndDebtExpense": "None", "netIncomeFromContinuingOperations": "-117000000", "comprehensiveIncomeNetOfTax": "None", "ebit": "112000000", "ebitda": "823000000", "netIncome": "-170000000"}, {"fiscalDateEnding": "2019-06-30", "reportedCurrency": "USD", "grossProfit": "516000000", "totalRevenue": "1598000000", "costOfRevenue": "1082000000", "costofGoodsAndServicesSold": "1082000000", "operatingIncome": "258000000", "sellingGeneralAndAdministrative": "102000000", "researchAndDevelopment": "None", "operatingExpenses": "273000000", "investmentIncomeNet": "None", "netInterestIncome": "-98000000", "interestIncome": "3000000", "interestExpense": "101000000", "nonInterestIncome": "None", "otherNonOperatingIncome": "None", "depreciation": "None", "depreciationAndAmortization": "685000000", "incomeBeforeTax": "-152000000", "incomeTaxExpense": "164000000", "interestAndDebtExpense": "None", "netIncomeFromContinuingOperations": "-316000000", "comprehensiveIncomeNetOfTax": "None", "ebit": "-135000000", "ebitda": "550000000", "netIncome": "-356000000"}, {"fiscalDateEnding": "2019-03-31", "reportedCurrency": "USD", "grossProfit": "533000000", "totalRevenue": "1654000000", "costOfRevenue": "1121000000", "costofGoodsAndServicesSold": "1121000000", "operatingIncome": "293000000", "sellingGeneralAndAdministrative": "123000000", "researchAndDevelopment": "None", "operatingExpenses": "262000000", "investmentIncomeNet": "None", "netInterestIncome": "-97000000", "interestIncome": "127000000", "interestExpense": "101000000", "nonInterestIncome": "None", "otherNonOperatingIncome": "None", "depreciation": "None", "depreciationAndAmortization": "646000000", "incomeBeforeTax": "165000000", "incomeTaxExpense": "167000000", "interestAndDebtExpense": "None", "netIncomeFromContinuingOperations": "-2000000", "comprehensiveIncomeNetOfTax": "None", "ebit": "264000000", "ebitda": "910000000", "netIncome": "-47000000"}, {"fiscalDateEnding": "2018-12-31", "reportedCurrency": "USD", "grossProfit": "629000000", "totalRevenue": "1703000000", "costOfRevenue": "1074000000", "costofGoodsAndServicesSold": "1074000000", "operatingIncome": "216000000", "sellingGeneralAndAdministrative": "101000000", "researchAndDevelopment": "0", "operatingExpenses": "413000000", "investmentIncomeNet": "None", "netInterestIncome": "None", "interestIncome": "None", "interestExpense": "99000000", "nonInterestIncome": "None", "otherNonOperatingIncome": "None", "depreciation": "None", "depreciationAndAmortization": "879000000", "incomeBeforeTax": "-344000000", "incomeTaxExpense": "6000000", "interestAndDebtExpense": "None", "netIncomeFromContinuingOperations": "-350000000", "comprehensiveIncomeNetOfTax": "None", "ebit": "-245000000", "ebitda": "634000000", "netIncome": "-381000000"}, {"fiscalDateEnding": "2018-09-30", "reportedCurrency": "USD", "grossProfit": "892000000", "totalRevenue": "1976000000", "costOfRevenue": "1084000000", "costofGoodsAndServicesSold": "1084000000", "operatingIncome": "638000000", "sellingGeneralAndAdministrative": "99000000", "researchAndDevelopment": "0", "operatingExpenses": "254000000", "investmentIncomeNet": "None", "netInterestIncome": "None", "interestIncome": "None", "interestExpense": "104000000", "nonInterestIncome": "None", "otherNonOperatingIncome": "None", "depreciation": "None", "depreciationAndAmortization": "610000000", "incomeBeforeTax": "406000000", "incomeTaxExpense": "245000000", "interestAndDebtExpense": "None", "netIncomeFromContinuingOperations": "161000000", "comprehensiveIncomeNetOfTax": "None", "ebit": "508000000", "ebitda": "1118000000", "netIncome": "81000000"}, {"fiscalDateEnding": "2018-06-30", "reportedCurrency": "USD", "grossProfit": "890000000", "totalRevenue": "1936000000", "costOfRevenue": "1046000000", "costofGoodsAndServicesSold": "1046000000", "operatingIncome": "612000000", "sellingGeneralAndAdministrative": "117000000", "researchAndDevelopment": "0", "operatingExpenses": "253000000", "investmentIncomeNet": "None", "netInterestIncome": "None", "interestIncome": "None", "interestExpense": "98000000", "nonInterestIncome": "None", "otherNonOperatingIncome": "None", "depreciation": "None", "depreciationAndAmortization": "608000000", "incomeBeforeTax": "508000000", "incomeTaxExpense": "239000000", "interestAndDebtExpense": "None", "netIncomeFromContinuingOperations": "269000000", "comprehensiveIncomeNetOfTax": "None", "ebit": "605000000", "ebitda": "1213000000", "netIncome": "195000000"}, {"fiscalDateEnding": "2018-03-31", "reportedCurrency": "USD", "grossProfit": "740000000", "totalRevenue": "1728000000", "costOfRevenue": "988000000", "costofGoodsAndServicesSold": "988000000", "operatingIncome": "480000000", "sellingGeneralAndAdministrative": "114000000", "researchAndDevelopment": "0", "operatingExpenses": "265000000", "investmentIncomeNet": "None", "netInterestIncome": "None", "interestIncome": "None", "interestExpense": "105000000", "nonInterestIncome": "None", "otherNonOperatingIncome": "None", "depreciation": "None", "depreciationAndAmortization": "553000000", "incomeBeforeTax": "388000000", "incomeTaxExpense": "182000000", "interestAndDebtExpense": "None", "netIncomeFromContinuingOperations": "206000000", "comprehensiveIncomeNetOfTax": "None", "ebit": "488000000", "ebitda": "1041000000", "netIncome": "145000000"}, {"fiscalDateEnding": "2017-12-31", "reportedCurrency": "USD", "grossProfit": "698000000", "totalRevenue": "1640000000", "costOfRevenue": "942000000", "costofGoodsAndServicesSold": "942000000", "operatingIncome": "432000000", "sellingGeneralAndAdministrative": "88000000", "researchAndDevelopment": "0", "operatingExpenses": "266000000", "investmentIncomeNet": "None", "netInterestIncome": "None", "interestIncome": "None", "interestExpense": "103000000", "nonInterestIncome": "None", "otherNonOperatingIncome": "-97000000", "depreciation": "None", "depreciationAndAmortization": "573000000", "incomeBeforeTax": "278000000", "incomeTaxExpense": "-240000000", "interestAndDebtExpense": "None", "netIncomeFromContinuingOperations": "518000000", "comprehensiveIncomeNetOfTax": "None", "ebit": "379000000", "ebitda": "952000000", "netIncome": "456000000"}, {"fiscalDateEnding": "2017-09-30", "reportedCurrency": "USD", "grossProfit": "433000000", "totalRevenue": "1389000000", "costOfRevenue": "956000000", "costofGoodsAndServicesSold": "956000000", "operatingIncome": "28000000", "sellingGeneralAndAdministrative": "98000000", "researchAndDevelopment": "0", "operatingExpenses": "405000000", "investmentIncomeNet": "None", "netInterestIncome": "None", "interestIncome": "None", "interestExpense": "104000000", "nonInterestIncome": "None", "otherNonOperatingIncome": "-101000000", "depreciation": "None", "depreciationAndAmortization": "559000000", "incomeBeforeTax": "93000000", "incomeTaxExpense": "-12000000", "interestAndDebtExpense": "None", "netIncomeFromContinuingOperations": "105000000", "comprehensiveIncomeNetOfTax": "None", "ebit": "194000000", "ebitda": "753000000", "netIncome": "63000000"}, {"fiscalDateEnding": "2017-06-30", "reportedCurrency": "USD", "grossProfit": "354000000", "totalRevenue": "1346000000", "costOfRevenue": "992000000", "costofGoodsAndServicesSold": "992000000", "operatingIncome": "133000000", "sellingGeneralAndAdministrative": "106000000", "researchAndDevelopment": "0", "operatingExpenses": "221000000", "investmentIncomeNet": "None", "netInterestIncome": "None", "interestIncome": "None", "interestExpense": "104000000", "nonInterestIncome": "None", "otherNonOperatingIncome": "-99000000", "depreciation": "None", "depreciationAndAmortization": "572000000", "incomeBeforeTax": "9000000", "incomeTaxExpense": "-604000000", "interestAndDebtExpense": "None", "netIncomeFromContinuingOperations": "613000000", "comprehensiveIncomeNetOfTax": "None", "ebit": "111000000", "ebitda": "683000000", "netIncome": "572000000"}, {"fiscalDateEnding": "2017-03-31", "reportedCurrency": "USD", "grossProfit": "543000000", "totalRevenue": "1512000000", "costOfRevenue": "969000000", "costofGoodsAndServicesSold": "969000000", "operatingIncome": "295000000", "sellingGeneralAndAdministrative": "103000000", "researchAndDevelopment": "0", "operatingExpenses": "248000000", "investmentIncomeNet": "None", "netInterestIncome": "None", "interestIncome": "None", "interestExpense": "104000000", "nonInterestIncome": "None", "otherNonOperatingIncome": "-100000000", "depreciation": "None", "depreciationAndAmortization": "576000000", "incomeBeforeTax": "538000000", "incomeTaxExpense": "271000000", "interestAndDebtExpense": "None", "netIncomeFromContinuingOperations": "267000000", "comprehensiveIncomeNetOfTax": "None", "ebit": "-281000000", "ebitda": "295000000", "netIncome": "213000000"}, {"fiscalDateEnding": "2016-12-31", "reportedCurrency": "USD", "grossProfit": "412000000", "totalRevenue": "1455000000", "costOfRevenue": "1043000000", "costofGoodsAndServicesSold": "1043000000", "operatingIncome": "89000000", "sellingGeneralAndAdministrative": "112000000", "researchAndDevelopment": "0", "operatingExpenses": "323000000", "investmentIncomeNet": "None", "netInterestIncome": "None", "interestIncome": "None", "interestExpense": "107000000", "nonInterestIncome": "None", "otherNonOperatingIncome": "-422000000", "depreciation": "None", "depreciationAndAmortization": "623000000", "incomeBeforeTax": "-114000000", "incomeTaxExpense": "29000000", "interestAndDebtExpense": "None", "netIncomeFromContinuingOperations": "47000000", "comprehensiveIncomeNetOfTax": "None", "ebit": "-10000000", "ebitda": "613000000", "netIncome": "-182000000"}, {"fiscalDateEnding": "2016-09-30", "reportedCurrency": "USD", "grossProfit": "358000000", "totalRevenue": "1439000000", "costOfRevenue": "1081000000", "costofGoodsAndServicesSold": "1081000000", "operatingIncome": "40000000", "sellingGeneralAndAdministrative": "102000000", "researchAndDevelopment": "0", "operatingExpenses": "318000000", "investmentIncomeNet": "None", "netInterestIncome": "None", "interestIncome": "None", "interestExpense": "105000000", "nonInterestIncome": "None", "otherNonOperatingIncome": "-102000000", "depreciation": "None", "depreciationAndAmortization": "648000000", "incomeBeforeTax": "-905000000", "incomeTaxExpense": "-379000000", "interestAndDebtExpense": "None", "netIncomeFromContinuingOperations": "-526000000", "comprehensiveIncomeNetOfTax": "None", "ebit": "-802000000", "ebitda": "-154000000", "netIncome": "-607000000"}, {"fiscalDateEnding": "2016-06-30", "reportedCurrency": "USD", "grossProfit": "306000000", "totalRevenue": "1386000000", "costOfRevenue": "1080000000", "costofGoodsAndServicesSold": "1080000000", "operatingIncome": "-12000000", "sellingGeneralAndAdministrative": "103000000", "researchAndDevelopment": "0", "operatingExpenses": "318000000", "investmentIncomeNet": "None", "netInterestIncome": "None", "interestIncome": "None", "interestExpense": "104000000", "nonInterestIncome": "None", "otherNonOperatingIncome": "17000000", "depreciation": "None", "depreciationAndAmortization": "669000000", "incomeBeforeTax": "-281000000", "incomeTaxExpense": "-81000000", "interestAndDebtExpense": "None", "netIncomeFromContinuingOperations": "-200000000", "comprehensiveIncomeNetOfTax": "None", "ebit": "-177000000", "ebitda": "492000000", "netIncome": "-244000000"}, {"fiscalDateEnding": "2016-03-31", "reportedCurrency": "USD", "grossProfit": "-21000000", "totalRevenue": "1087000000", "costOfRevenue": "1108000000", "costofGoodsAndServicesSold": "1108000000", "operatingIncome": "-261000000", "sellingGeneralAndAdministrative": "93000000", "researchAndDevelopment": "0", "operatingExpenses": "240000000", "investmentIncomeNet": "None", "netInterestIncome": "None", "interestIncome": "None", "interestExpense": "105000000", "nonInterestIncome": "None", "otherNonOperatingIncome": "90000000", "depreciation": "None", "depreciationAndAmortization": "678000000", "incomeBeforeTax": "-382000000", "incomeTaxExpense": "-11000000", "interestAndDebtExpense": "None", "netIncomeFromContinuingOperations": "-561000000", "comprehensiveIncomeNetOfTax": "None", "ebit": "-277000000", "ebitda": "401000000", "netIncome": "-372000000"}, {"fiscalDateEnding": "2015-12-31", "reportedCurrency": "USD", "grossProfit": "-6902000000", "totalRevenue": "1221000000", "costOfRevenue": "8123000000", "costofGoodsAndServicesSold": "8123000000", "operatingIncome": "-7044000000", "sellingGeneralAndAdministrative": "98000000", "researchAndDevelopment": "0", "operatingExpenses": "142000000", "investmentIncomeNet": "None", "netInterestIncome": "None", "interestIncome": "None", "interestExpense": "61000000", "nonInterestIncome": "None", "otherNonOperatingIncome": "-83000000", "depreciation": "None", "depreciationAndAmortization": "7619000000", "incomeBeforeTax": "-8668000000", "incomeTaxExpense": "-798000000", "interestAndDebtExpense": "None", "netIncomeFromContinuingOperations": "-7738000000", "comprehensiveIncomeNetOfTax": "None", "ebit": "-8607000000", "ebitda": "-988000000", "netIncome": "-7213000000"}, {"fiscalDateEnding": "2015-09-30", "reportedCurrency": "USD", "grossProfit": "-5565000000", "totalRevenue": "1572000000", "costOfRevenue": "7137000000", "costofGoodsAndServicesSold": "7137000000", "operatingIncome": "-302000000", "sellingGeneralAndAdministrative": "86000000", "researchAndDevelopment": "0", "operatingExpenses": "303000000", "investmentIncomeNet": "None", "netInterestIncome": "None", "interestIncome": "None", "interestExpense": "117000000", "nonInterestIncome": "None", "otherNonOperatingIncome": "-107000000", "depreciation": "None", "depreciationAndAmortization": "872000000", "incomeBeforeTax": "-4370000000", "incomeTaxExpense": "-251000000", "interestAndDebtExpense": "None", "netIncomeFromContinuingOperations": "-5551000000", "comprehensiveIncomeNetOfTax": "None", "ebit": "-4253000000", "ebitda": "-3381000000", "netIncome": "-4143000000"}, {"fiscalDateEnding": "2015-06-30", "reportedCurrency": "USD", "grossProfit": "642000000", "totalRevenue": "1952000000", "costOfRevenue": "1310000000", "costofGoodsAndServicesSold": "1310000000", "operatingIncome": "282000000", "sellingGeneralAndAdministrative": "111000000", "researchAndDevelopment": "0", "operatingExpenses": "399000000", "investmentIncomeNet": "None", "netInterestIncome": "None", "interestIncome": "None", "interestExpense": "118000000", "nonInterestIncome": "None", "otherNonOperatingIncome": "-63000000", "depreciation": "None", "depreciationAndAmortization": "83000000", "incomeBeforeTax": "-186000000", "incomeTaxExpense": "731000000", "interestAndDebtExpense": "None", "netIncomeFromContinuingOperations": "-4832000000", "comprehensiveIncomeNetOfTax": "None", "ebit": "-5646000000", "ebitda": "-68000000", "netIncome": "-860000000"}, {"fiscalDateEnding": "2015-03-31", "reportedCurrency": "USD", "grossProfit": "-7033000000", "totalRevenue": "1806000000", "costOfRevenue": "8839000000", "costofGoodsAndServicesSold": "8839000000", "operatingIncome": "-7401000000", "sellingGeneralAndAdministrative": "82000000", "researchAndDevelopment": "0", "operatingExpenses": "200000000", "investmentIncomeNet": "None", "netInterestIncome": "None", "interestIncome": "None", "interestExpense": "70000000", "nonInterestIncome": "None", "otherNonOperatingIncome": "-46000000", "depreciation": "None", "depreciationAndAmortization": "8302000000", "incomeBeforeTax": "-7490000000", "incomeTaxExpense": "-2854000000", "interestAndDebtExpense": "None", "netIncomeFromContinuingOperations": "-4636000000", "comprehensiveIncomeNetOfTax": "None", "ebit": "-12938000000", "ebitda": "-4636000000", "netIncome": "-4651000000"}, {"fiscalDateEnding": "2014-12-31", "reportedCurrency": "USD", "grossProfit": "-2421000000", "totalRevenue": "2926000000", "costOfRevenue": "5347000000", "costofGoodsAndServicesSold": "5347000000", "operatingIncome": "-2917000000", "sellingGeneralAndAdministrative": "125000000", "researchAndDevelopment": "0", "operatingExpenses": "496000000", "investmentIncomeNet": "None", "netInterestIncome": "None", "interestIncome": "None", "interestExpense": "32000000", "nonInterestIncome": "None", "otherNonOperatingIncome": "-130000000", "depreciation": "None", "depreciationAndAmortization": "114000000", "incomeBeforeTax": "-5097000000", "incomeTaxExpense": "-331000000", "interestAndDebtExpense": "None", "netIncomeFromContinuingOperations": "-4766000000", "comprehensiveIncomeNetOfTax": "None", "ebit": "-519000000", "ebitda": "-405000000", "netIncome": "-4814000000"}, {"fiscalDateEnding": "2014-09-30", "reportedCurrency": "USD", "grossProfit": "-209000000", "totalRevenue": "3181000000", "costOfRevenue": "3390000000", "costofGoodsAndServicesSold": "3390000000", "operatingIncome": "-496000000", "sellingGeneralAndAdministrative": "112000000", "researchAndDevelopment": "0", "operatingExpenses": "329000000", "investmentIncomeNet": "None", "netInterestIncome": "None", "interestIncome": "None", "interestExpense": "59000000", "nonInterestIncome": "None", "otherNonOperatingIncome": "None", "depreciation": "None", "depreciationAndAmortization": "2735000000", "incomeBeforeTax": "-317000000", "incomeTaxExpense": "768000000", "interestAndDebtExpense": "None", "netIncomeFromContinuingOperations": "-1241000000", "comprehensiveIncomeNetOfTax": "None", "ebit": "-258000000", "ebitda": "2477000000", "netIncome": "-1330000000"}, {"fiscalDateEnding": "2014-06-30", "reportedCurrency": "USD", "grossProfit": "1335000000", "totalRevenue": "3471000000", "costOfRevenue": "2136000000", "costofGoodsAndServicesSold": "2136000000", "operatingIncome": "1151000000", "sellingGeneralAndAdministrative": "113000000", "researchAndDevelopment": "0", "operatingExpenses": "370000000", "investmentIncomeNet": "None", "netInterestIncome": "None", "interestIncome": "None", "interestExpense": "52000000", "nonInterestIncome": "None", "otherNonOperatingIncome": "None", "depreciation": "None", "depreciationAndAmortization": "1252000000", "incomeBeforeTax": "911000000", "incomeTaxExpense": "354000000", "interestAndDebtExpense": "None", "netIncomeFromContinuingOperations": "613000000", "comprehensiveIncomeNetOfTax": "None", "ebit": "963000000", "ebitda": "2215000000", "netIncome": "505000000"}, {"fiscalDateEnding": "2014-03-31", "reportedCurrency": "USD", "grossProfit": "1774000000", "totalRevenue": "3647000000", "costOfRevenue": "1873000000", "costofGoodsAndServicesSold": "1873000000", "operatingIncome": "1478000000", "sellingGeneralAndAdministrative": "119000000", "researchAndDevelopment": "0", "operatingExpenses": "296000000", "investmentIncomeNet": "None", "netInterestIncome": "None", "interestIncome": "None", "interestExpense": "27000000", "nonInterestIncome": "None", "otherNonOperatingIncome": "None", "depreciation": "None", "depreciationAndAmortization": "1206000000", "incomeBeforeTax": "1429000000", "incomeTaxExpense": "578000000", "interestAndDebtExpense": "None", "netIncomeFromContinuingOperations": "851000000", "comprehensiveIncomeNetOfTax": "None", "ebit": "1458000000", "ebitda": "2664000000", "netIncome": "236000000"}, {"fiscalDateEnding": "2013-12-31", "reportedCurrency": "USD", "grossProfit": "1342000000", "totalRevenue": "3728000000", "costOfRevenue": "2386000000", "costofGoodsAndServicesSold": "2386000000", "operatingIncome": "918000000", "sellingGeneralAndAdministrative": "127000000", "researchAndDevelopment": "0", "operatingExpenses": "424000000", "investmentIncomeNet": "None", "netInterestIncome": "None", "interestIncome": "None", "interestExpense": "36000000", "nonInterestIncome": "None", "otherNonOperatingIncome": "None", "depreciation": "None", "depreciationAndAmortization": "1689000000", "incomeBeforeTax": "742000000", "incomeTaxExpense": "512000000", "interestAndDebtExpense": "None", "netIncomeFromContinuingOperations": "230000000", "comprehensiveIncomeNetOfTax": "None", "ebit": "778000000", "ebitda": "2467000000", "netIncome": "174000000"}, {"fiscalDateEnding": "2013-09-30", "reportedCurrency": "USD", "grossProfit": "1214000000", "totalRevenue": "4288000000", "costOfRevenue": "3074000000", "costofGoodsAndServicesSold": "3074000000", "operatingIncome": "1113000000", "sellingGeneralAndAdministrative": "127000000", "researchAndDevelopment": "0", "operatingExpenses": "346000000", "investmentIncomeNet": "None", "netInterestIncome": "None", "interestIncome": "None", "interestExpense": "51000000", "nonInterestIncome": "None", "otherNonOperatingIncome": "None", "depreciation": "None", "depreciationAndAmortization": "1995000000", "incomeBeforeTax": "641000000", "incomeTaxExpense": "206000000", "interestAndDebtExpense": "None", "netIncomeFromContinuingOperations": "306000000", "comprehensiveIncomeNetOfTax": "None", "ebit": "692000000", "ebitda": "2687000000", "netIncome": "306000000"}, {"fiscalDateEnding": "2013-06-30", "reportedCurrency": "USD", "grossProfit": "1688000000", "totalRevenue": "4001000000", "costOfRevenue": "2313000000", "costofGoodsAndServicesSold": "2313000000", "operatingIncome": "1656000000", "sellingGeneralAndAdministrative": "133000000", "researchAndDevelopment": "0", "operatingExpenses": "364000000", "investmentIncomeNet": "None", "netInterestIncome": "None", "interestIncome": "None", "interestExpense": "53000000", "nonInterestIncome": "None", "otherNonOperatingIncome": "None", "depreciation": "None", "depreciationAndAmortization": "1350000000", "incomeBeforeTax": "1648000000", "incomeTaxExpense": "611000000", "interestAndDebtExpense": "None", "netIncomeFromContinuingOperations": "1035000000", "comprehensiveIncomeNetOfTax": "None", "ebit": "1701000000", "ebitda": "3051000000", "netIncome": "1035000000"}, {"fiscalDateEnding": "2013-03-31", "reportedCurrency": "USD", "grossProfit": "1914000000", "totalRevenue": "4021000000", "costOfRevenue": "2107000000", "costofGoodsAndServicesSold": "2107000000", "operatingIncome": "1435000000", "sellingGeneralAndAdministrative": "116000000", "researchAndDevelopment": "0", "operatingExpenses": "493000000", "investmentIncomeNet": "None", "netInterestIncome": "None", "interestIncome": "None", "interestExpense": "56000000", "nonInterestIncome": "None", "otherNonOperatingIncome": "None", "depreciation": "None", "depreciationAndAmortization": "1312000000", "incomeBeforeTax": "1380000000", "incomeTaxExpense": "602000000", "interestAndDebtExpense": "None", "netIncomeFromContinuingOperations": "717000000", "comprehensiveIncomeNetOfTax": "None", "ebit": "1498000000", "ebitda": "2810000000", "netIncome": "717000000"}, {"fiscalDateEnding": "2012-12-31", "reportedCurrency": "USD", "grossProfit": "2122000000", "totalRevenue": "4388000000", "costOfRevenue": "2266000000", "costofGoodsAndServicesSold": "2266000000", "operatingIncome": "1687000000", "sellingGeneralAndAdministrative": "147000000", "researchAndDevelopment": "0", "operatingExpenses": "444000000", "investmentIncomeNet": "None", "netInterestIncome": "None", "interestIncome": "None", "interestExpense": "45000000", "nonInterestIncome": "None", "otherNonOperatingIncome": "None", "depreciation": "None", "depreciationAndAmortization": "1408000000", "incomeBeforeTax": "1641000000", "incomeTaxExpense": "973000000", "interestAndDebtExpense": "None", "netIncomeFromContinuingOperations": "668000000", "comprehensiveIncomeNetOfTax": "None", "ebit": "1719000000", "ebitda": "3127000000", "netIncome": "668000000"}, {"fiscalDateEnding": "2012-09-30", "reportedCurrency": "USD", "grossProfit": "1225000000", "totalRevenue": "4141000000", "costOfRevenue": "2916000000", "costofGoodsAndServicesSold": "2916000000", "operatingIncome": "912000000", "sellingGeneralAndAdministrative": "124000000", "researchAndDevelopment": "0", "operatingExpenses": "313000000", "investmentIncomeNet": "None", "netInterestIncome": "None", "interestIncome": "None", "interestExpense": "40000000", "nonInterestIncome": "None", "otherNonOperatingIncome": "None", "depreciation": "None", "depreciationAndAmortization": "2029000000", "incomeBeforeTax": "865000000", "incomeTaxExpense": "685000000", "interestAndDebtExpense": "None", "netIncomeFromContinuingOperations": "180000000", "comprehensiveIncomeNetOfTax": "None", "ebit": "907000000", "ebitda": "2936000000", "netIncome": "180000000"}, {"fiscalDateEnding": "2012-06-30", "reportedCurrency": "USD", "grossProfit": "1248000000", "totalRevenue": "3956000000", "costOfRevenue": "2708000000", "costofGoodsAndServicesSold": "2708000000", "operatingIncome": "872000000", "sellingGeneralAndAdministrative": "132000000", "researchAndDevelopment": "0", "operatingExpenses": "376000000", "investmentIncomeNet": "None", "netInterestIncome": "None", "interestIncome": "None", "interestExpense": "46000000", "nonInterestIncome": "None", "otherNonOperatingIncome": "None", "depreciation": "None", "depreciationAndAmortization": "1932000000", "incomeBeforeTax": "811000000", "incomeTaxExpense": "455000000", "interestAndDebtExpense": "None", "netIncomeFromContinuingOperations": "356000000", "comprehensiveIncomeNetOfTax": "None", "ebit": "857000000", "ebitda": "2789000000", "netIncome": "356000000"}, {"fiscalDateEnding": "2012-03-31", "reportedCurrency": "USD", "grossProfit": "1967000000", "totalRevenue": "4457000000", "costOfRevenue": "2490000000", "costofGoodsAndServicesSold": "2490000000", "operatingIncome": "1606000000", "sellingGeneralAndAdministrative": "128000000", "researchAndDevelopment": "0", "operatingExpenses": "361000000", "investmentIncomeNet": "None", "netInterestIncome": "None", "interestIncome": "None", "interestExpense": "42000000", "nonInterestIncome": "None", "otherNonOperatingIncome": "None", "depreciation": "None", "depreciationAndAmortization": "1740000000", "incomeBeforeTax": "1560000000", "incomeTaxExpense": "763000000", "interestAndDebtExpense": "None", "netIncomeFromContinuingOperations": "797000000", "comprehensiveIncomeNetOfTax": "None", "ebit": "1602000000", "ebitda": "3342000000", "netIncome": "797000000"}, {"fiscalDateEnding": "2011-12-31", "reportedCurrency": "USD", "grossProfit": "4222000000", "totalRevenue": "4297000000", "costOfRevenue": "75000000", "costofGoodsAndServicesSold": "75000000", "operatingIncome": "1981000000", "sellingGeneralAndAdministrative": "132000000", "researchAndDevelopment": "0", "operatingExpenses": "2241000000", "investmentIncomeNet": "None", "netInterestIncome": "None", "interestIncome": "None", "interestExpense": "37000000", "nonInterestIncome": "None", "otherNonOperatingIncome": "None", "depreciation": "None", "depreciationAndAmortization": "1174000000", "incomeBeforeTax": "1941000000", "incomeTaxExpense": "752000000", "interestAndDebtExpense": "None", "netIncomeFromContinuingOperations": "1189000000", "comprehensiveIncomeNetOfTax": "None", "ebit": "1978000000", "ebitda": "3152000000", "netIncome": "1189000000"}, {"fiscalDateEnding": "2011-09-30", "reportedCurrency": "USD", "grossProfit": "2484000000", "totalRevenue": "4282000000", "costOfRevenue": "1798000000", "costofGoodsAndServicesSold": "1798000000", "operatingIncome": "2135000000", "sellingGeneralAndAdministrative": "112000000", "researchAndDevelopment": "0", "operatingExpenses": "349000000", "investmentIncomeNet": "None", "netInterestIncome": "None", "interestIncome": "None", "interestExpense": "40000000", "nonInterestIncome": "None", "otherNonOperatingIncome": "None", "depreciation": "None", "depreciationAndAmortization": "1065000000", "incomeBeforeTax": "2094000000", "incomeTaxExpense": "1092000000", "interestAndDebtExpense": "None", "netIncomeFromContinuingOperations": "1002000000", "comprehensiveIncomeNetOfTax": "None", "ebit": "2134000000", "ebitda": "3199000000", "netIncome": "1002000000"}, {"fiscalDateEnding": "2011-06-30", "reportedCurrency": "USD", "grossProfit": "4265000000", "totalRevenue": "4338000000", "costOfRevenue": "73000000", "costofGoodsAndServicesSold": "73000000", "operatingIncome": "2178000000", "sellingGeneralAndAdministrative": "103000000", "researchAndDevelopment": "0", "operatingExpenses": "2087000000", "investmentIncomeNet": "None", "netInterestIncome": "None", "interestIncome": "None", "interestExpense": "46000000", "nonInterestIncome": "None", "otherNonOperatingIncome": "None", "depreciation": "None", "depreciationAndAmortization": "1029000000", "incomeBeforeTax": "2131000000", "incomeTaxExpense": "872000000", "interestAndDebtExpense": "None", "netIncomeFromContinuingOperations": "1259000000", "comprehensiveIncomeNetOfTax": "None", "ebit": "2177000000", "ebitda": "3206000000", "netIncome": "1259000000"}, {"fiscalDateEnding": "2011-03-31", "reportedCurrency": "USD", "grossProfit": "3226000000", "totalRevenue": "3925000000", "costOfRevenue": "699000000", "costofGoodsAndServicesSold": "699000000", "operatingIncome": "1977000000", "sellingGeneralAndAdministrative": "112000000", "researchAndDevelopment": "0", "operatingExpenses": "1249000000", "investmentIncomeNet": "None", "netInterestIncome": "None", "interestIncome": "None", "interestExpense": "48000000", "nonInterestIncome": "None", "otherNonOperatingIncome": "None", "depreciation": "None", "depreciationAndAmortization": "936000000", "incomeBeforeTax": "1927000000", "incomeTaxExpense": "793000000", "interestAndDebtExpense": "None", "netIncomeFromContinuingOperations": "1134000000", "comprehensiveIncomeNetOfTax": "None", "ebit": "1975000000", "ebitda": "2911000000", "netIncome": "1134000000"}, {"fiscalDateEnding": "2010-12-31", "reportedCurrency": "USD", "grossProfit": "3382423000", "totalRevenue": "3434180000", "costOfRevenue": "51757000", "costofGoodsAndServicesSold": "51757000", "operatingIncome": "1505490000", "sellingGeneralAndAdministrative": "104113000", "researchAndDevelopment": "0", "operatingExpenses": "1876933000", "investmentIncomeNet": "None", "netInterestIncome": "None", "interestIncome": "None", "interestExpense": "50626000", "nonInterestIncome": "None", "otherNonOperatingIncome": "None", "depreciation": "None", "depreciationAndAmortization": "928514000", "incomeBeforeTax": "1267864000", "incomeTaxExpense": "579333000", "interestAndDebtExpense": "None", "netIncomeFromContinuingOperations": "688531000", "comprehensiveIncomeNetOfTax": "None", "ebit": "1318490000", "ebitda": "2247004000", "netIncome": "688531000"}, {"fiscalDateEnding": "2010-09-30", "reportedCurrency": "USD", "grossProfit": "2969659000", "totalRevenue": "3012659000", "costOfRevenue": "43000000", "costofGoodsAndServicesSold": "43000000", "operatingIncome": "1404000000", "sellingGeneralAndAdministrative": "96908000", "researchAndDevelopment": "0", "operatingExpenses": "1566000000", "investmentIncomeNet": "None", "netInterestIncome": "None", "interestIncome": "None", "interestExpense": "59350000", "nonInterestIncome": "None", "otherNonOperatingIncome": "None", "depreciation": "None", "depreciationAndAmortization": "787000000", "incomeBeforeTax": "1337000000", "incomeTaxExpense": "559000000", "interestAndDebtExpense": "None", "netIncomeFromContinuingOperations": "778265000", "comprehensiveIncomeNetOfTax": "None", "ebit": "1394000000", "ebitda": "2181000000", "netIncome": "778000000"}, {"fiscalDateEnding": "2010-06-30", "reportedCurrency": "USD", "grossProfit": "2482923000", "totalRevenue": "2971910000", "costOfRevenue": "488987000", "costofGoodsAndServicesSold": "488987000", "operatingIncome": "1458000000", "sellingGeneralAndAdministrative": "91829000", "researchAndDevelopment": "0", "operatingExpenses": "1033173000", "investmentIncomeNet": "None", "netInterestIncome": "None", "interestIncome": "None", "interestExpense": "57000000", "nonInterestIncome": "None", "otherNonOperatingIncome": "None", "depreciation": "None", "depreciationAndAmortization": "729751000", "incomeBeforeTax": "1393993000", "incomeTaxExpense": "534000000", "interestAndDebtExpense": "None", "netIncomeFromContinuingOperations": "860223000", "comprehensiveIncomeNetOfTax": "None", "ebit": "1450249000", "ebitda": "2180000000", "netIncome": "860000000"}, {"fiscalDateEnding": "2010-03-31", "reportedCurrency": "USD", "grossProfit": "2192389000", "totalRevenue": "2673000000", "costOfRevenue": "480611000", "costofGoodsAndServicesSold": "480611000", "operatingIncome": "1290054000", "sellingGeneralAndAdministrative": "87150000", "researchAndDevelopment": "0", "operatingExpenses": "902586000", "investmentIncomeNet": "None", "netInterestIncome": "None", "interestIncome": "None", "interestExpense": "60000000", "nonInterestIncome": "None", "otherNonOperatingIncome": "None", "depreciation": "None", "depreciationAndAmortization": "639000000", "incomeBeforeTax": "1207000000", "incomeTaxExpense": "501804000", "interestAndDebtExpense": "None", "netIncomeFromContinuingOperations": "704981000", "comprehensiveIncomeNetOfTax": "None", "ebit": "1267000000", "ebitda": "1906000000", "netIncome": "705000000"}, {"fiscalDateEnding": "2009-12-31", "reportedCurrency": "USD", "grossProfit": "2101700000", "totalRevenue": "2555192000", "costOfRevenue": "453492000", "costofGoodsAndServicesSold": "453492000", "operatingIncome": "1159031000", "sellingGeneralAndAdministrative": "85440000", "researchAndDevelopment": "0", "operatingExpenses": "942669000", "investmentIncomeNet": "None", "netInterestIncome": "None", "interestIncome": "None", "interestExpense": "117634000", "nonInterestIncome": "None", "otherNonOperatingIncome": "None", "depreciation": "None", "depreciationAndAmortization": "615189000", "incomeBeforeTax": "1122493000", "incomeTaxExpense": "536687000", "interestAndDebtExpense": "None", "netIncomeFromContinuingOperations": "0", "comprehensiveIncomeNetOfTax": "None", "ebit": "1240127000", "ebitda": "1855316000", "netIncome": "585806000"}, {"fiscalDateEnding": "2009-09-30", "reportedCurrency": "USD", "grossProfit": "2296199000", "totalRevenue": "2332431000", "costOfRevenue": "36232000", "costofGoodsAndServicesSold": "36232000", "operatingIncome": "932290000", "sellingGeneralAndAdministrative": "82492000", "researchAndDevelopment": "0", "operatingExpenses": "892321000", "investmentIncomeNet": "None", "netInterestIncome": "None", "interestIncome": "None", "interestExpense": "63915000", "nonInterestIncome": "None", "otherNonOperatingIncome": "None", "depreciation": "None", "depreciationAndAmortization": "625898000", "incomeBeforeTax": "870606000", "incomeTaxExpense": "428590000", "interestAndDebtExpense": "None", "netIncomeFromContinuingOperations": "442016000", "comprehensiveIncomeNetOfTax": "None", "ebit": "932290000", "ebitda": "1558188000", "netIncome": "442016000"}, {"fiscalDateEnding": "2009-06-30", "reportedCurrency": "USD", "grossProfit": "1654626000", "totalRevenue": "2093378000", "costOfRevenue": "438752000", "costofGoodsAndServicesSold": "438752000", "operatingIncome": "847938000", "sellingGeneralAndAdministrative": "90905000", "researchAndDevelopment": "0", "operatingExpenses": "781570000", "investmentIncomeNet": "None", "netInterestIncome": "None", "interestIncome": "None", "interestExpense": "62391000", "nonInterestIncome": "None", "otherNonOperatingIncome": "None", "depreciation": "None", "depreciationAndAmortization": "573359000", "incomeBeforeTax": "786783000", "incomeTaxExpense": "342063000", "interestAndDebtExpense": "None", "netIncomeFromContinuingOperations": "444720000", "comprehensiveIncomeNetOfTax": "None", "ebit": "849938000", "ebitda": "1423297000", "netIncome": "444720000"}, {"fiscalDateEnding": "2009-03-31", "reportedCurrency": "USD", "grossProfit": "1202997000", "totalRevenue": "1633825000", "costOfRevenue": "430828000", "costofGoodsAndServicesSold": "430828000", "operatingIncome": "-2368166000", "sellingGeneralAndAdministrative": "85046000", "researchAndDevelopment": "0", "operatingExpenses": "3571163000", "investmentIncomeNet": "None", "netInterestIncome": "None", "interestIncome": "None", "interestExpense": "62905000", "nonInterestIncome": "None", "otherNonOperatingIncome": "None", "depreciation": "None", "depreciationAndAmortization": "3398778000", "incomeBeforeTax": "-2453491000", "incomeTaxExpense": "-696551000", "interestAndDebtExpense": "None", "netIncomeFromContinuingOperations": "0", "comprehensiveIncomeNetOfTax": "None", "ebit": "-2389178000", "ebitda": "1009600000", "netIncome": "-1756940000"}, {"fiscalDateEnding": "2008-12-31", "reportedCurrency": "USD", "grossProfit": "1323434000", "totalRevenue": "1876890000", "costOfRevenue": "553456000", "costofGoodsAndServicesSold": "553456000", "operatingIncome": "-4884621000", "sellingGeneralAndAdministrative": "69938000", "researchAndDevelopment": "0", "operatingExpenses": "6208055000", "investmentIncomeNet": "None", "netInterestIncome": "None", "interestIncome": "None", "interestExpense": "42023000", "nonInterestIncome": "None", "otherNonOperatingIncome": "None", "depreciation": "None", "depreciationAndAmortization": "6001214000", "incomeBeforeTax": "-4900718000", "incomeTaxExpense": "-1955105000", "interestAndDebtExpense": "None", "netIncomeFromContinuingOperations": "0", "comprehensiveIncomeNetOfTax": "None", "ebit": "-4884621000", "ebitda": "1116593000", "netIncome": "-2945613000"}, {"fiscalDateEnding": "2008-09-30", "reportedCurrency": "USD", "grossProfit": "2834343000", "totalRevenue": "3364884000", "costOfRevenue": "530541000", "costofGoodsAndServicesSold": "530541000", "operatingIncome": "1871615000", "sellingGeneralAndAdministrative": "57561000", "researchAndDevelopment": "0", "operatingExpenses": "962728000", "investmentIncomeNet": "None", "netInterestIncome": "None", "interestIncome": "None", "interestExpense": "42023000", "nonInterestIncome": "None", "otherNonOperatingIncome": "None", "depreciation": "None", "depreciationAndAmortization": "600887000", "incomeBeforeTax": "1813354000", "incomeTaxExpense": "622529000", "interestAndDebtExpense": "None", "netIncomeFromContinuingOperations": "0", "comprehensiveIncomeNetOfTax": "None", "ebit": "1856195000", "ebitda": "2457082000", "netIncome": "1190825000"}, {"fiscalDateEnding": "2008-06-30", "reportedCurrency": "USD", "grossProfit": "3413686000", "totalRevenue": "3900191000", "costOfRevenue": "486505000", "costofGoodsAndServicesSold": "486505000", "operatingIncome": "2407769000", "sellingGeneralAndAdministrative": "78872000", "researchAndDevelopment": "0", "operatingExpenses": "1005088000", "investmentIncomeNet": "None", "netInterestIncome": "None", "interestIncome": "None", "interestExpense": "43518000", "nonInterestIncome": "None", "otherNonOperatingIncome": "None", "depreciation": "None", "depreciationAndAmortization": "627668000", "incomeBeforeTax": "2343869000", "incomeTaxExpense": "898640000", "interestAndDebtExpense": "None", "netIncomeFromContinuingOperations": "0", "comprehensiveIncomeNetOfTax": "None", "ebit": "2387387000", "ebitda": "3015055000", "netIncome": "1445229000"}, {"fiscalDateEnding": "2008-03-31", "reportedCurrency": "USD", "grossProfit": "2692127000", "totalRevenue": "3187741000", "costOfRevenue": "495614000", "costofGoodsAndServicesSold": "495614000", "operatingIncome": "1746637000", "sellingGeneralAndAdministrative": "82423000", "researchAndDevelopment": "0", "operatingExpenses": "945490000", "investmentIncomeNet": "None", "netInterestIncome": "None", "interestIncome": "None", "interestExpense": "47730000", "nonInterestIncome": "None", "otherNonOperatingIncome": "None", "depreciation": "None", "depreciationAndAmortization": "620489000", "incomeBeforeTax": "1675887000", "incomeTaxExpense": "654374000", "interestAndDebtExpense": "None", "netIncomeFromContinuingOperations": "0", "comprehensiveIncomeNetOfTax": "None", "ebit": "1723617000", "ebitda": "2344106000", "netIncome": "1021513000"}, {"fiscalDateEnding": "2007-12-31", "reportedCurrency": "USD", "grossProfit": "2510574000", "totalRevenue": "3012166000", "costOfRevenue": "501592000", "costofGoodsAndServicesSold": "501592000", "operatingIncome": "1622102000", "sellingGeneralAndAdministrative": "75000000", "researchAndDevelopment": "0", "operatingExpenses": "888472000", "investmentIncomeNet": "None", "netInterestIncome": "None", "interestIncome": "None", "interestExpense": "78637000", "nonInterestIncome": "None", "otherNonOperatingIncome": "None", "depreciation": "None", "depreciationAndAmortization": "624975000", "incomeBeforeTax": "1545647000", "incomeTaxExpense": "473124000", "interestAndDebtExpense": "None", "netIncomeFromContinuingOperations": "0", "comprehensiveIncomeNetOfTax": "None", "ebit": "1622102000", "ebitda": "2247077000", "netIncome": "1072523000"}, {"fiscalDateEnding": "2007-09-30", "reportedCurrency": "USD", "grossProfit": "2045688000", "totalRevenue": "2498594000", "costOfRevenue": "452906000", "costofGoodsAndServicesSold": "452906000", "operatingIncome": "1258289000", "sellingGeneralAndAdministrative": "61405000", "researchAndDevelopment": "0", "operatingExpenses": "787399000", "investmentIncomeNet": "None", "netInterestIncome": "None", "interestIncome": "None", "interestExpense": "83814000", "nonInterestIncome": "None", "otherNonOperatingIncome": "None", "depreciation": "None", "depreciationAndAmortization": "600796000", "incomeBeforeTax": "1174078000", "incomeTaxExpense": "560730000", "interestAndDebtExpense": "None", "netIncomeFromContinuingOperations": "0", "comprehensiveIncomeNetOfTax": "None", "ebit": "1258289000", "ebitda": "1859085000", "netIncome": "613348000"}, {"fiscalDateEnding": "2007-06-30", "reportedCurrency": "USD", "grossProfit": "1995030000", "totalRevenue": "2444031000", "costOfRevenue": "449001000", "costofGoodsAndServicesSold": "449001000", "operatingIncome": "1202110000", "sellingGeneralAndAdministrative": "70798000", "researchAndDevelopment": "0", "operatingExpenses": "792920000", "investmentIncomeNet": "None", "netInterestIncome": "None", "interestIncome": "None", "interestExpense": "66770000", "nonInterestIncome": "None", "otherNonOperatingIncome": "None", "depreciation": "None", "depreciationAndAmortization": "591107000", "incomeBeforeTax": "1138254000", "incomeTaxExpense": "504716000", "interestAndDebtExpense": "None", "netIncomeFromContinuingOperations": "0", "comprehensiveIncomeNetOfTax": "None", "ebit": "1202110000", "ebitda": "1793217000", "netIncome": "633538000"}, {"fiscalDateEnding": "2007-03-31", "reportedCurrency": "USD", "grossProfit": "1602533000", "totalRevenue": "2023067000", "costOfRevenue": "420534000", "costofGoodsAndServicesSold": "420534000", "operatingIncome": "906486000", "sellingGeneralAndAdministrative": "67862000", "researchAndDevelopment": "0", "operatingExpenses": "696047000", "investmentIncomeNet": "None", "netInterestIncome": "None", "interestIncome": "None", "interestExpense": "65732000", "nonInterestIncome": "None", "otherNonOperatingIncome": "None", "depreciation": "None", "depreciationAndAmortization": "530913000", "incomeBeforeTax": "814633000", "incomeTaxExpense": "321684000", "interestAndDebtExpense": "None", "netIncomeFromContinuingOperations": "0", "comprehensiveIncomeNetOfTax": "None", "ebit": "906486000", "ebitda": "1437399000", "netIncome": "492949000"}, {"fiscalDateEnding": "2006-12-31", "reportedCurrency": "USD", "grossProfit": "1542510000", "totalRevenue": "1966678000", "costOfRevenue": "424168000", "costofGoodsAndServicesSold": "424168000", "operatingIncome": "846560000", "sellingGeneralAndAdministrative": "59690000", "researchAndDevelopment": "0", "operatingExpenses": "695950000", "investmentIncomeNet": "None", "netInterestIncome": "None", "interestIncome": "None", "interestExpense": "48781000", "nonInterestIncome": "None", "otherNonOperatingIncome": "None", "depreciation": "None", "depreciationAndAmortization": "514802000", "incomeBeforeTax": "776319000", "incomeTaxExpense": "255478000", "interestAndDebtExpense": "None", "netIncomeFromContinuingOperations": "0", "comprehensiveIncomeNetOfTax": "None", "ebit": "846560000", "ebitda": "1361362000", "netIncome": "520841000"}, {"fiscalDateEnding": "2006-09-30", "reportedCurrency": "USD", "grossProfit": "1874882000", "totalRevenue": "2261481000", "costOfRevenue": "386599000", "costofGoodsAndServicesSold": "386599000", "operatingIncome": "1027189000", "sellingGeneralAndAdministrative": "53781000", "researchAndDevelopment": "0", "operatingExpenses": "659027000", "investmentIncomeNet": "None", "netInterestIncome": "None", "interestIncome": "None", "interestExpense": "61575000", "nonInterestIncome": "None", "otherNonOperatingIncome": "None", "depreciation": "None", "depreciationAndAmortization": "487542000", "incomeBeforeTax": "1151107000", "incomeTaxExpense": "504043000", "interestAndDebtExpense": "None", "netIncomeFromContinuingOperations": "0", "comprehensiveIncomeNetOfTax": "None", "ebit": "1027189000", "ebitda": "1514731000", "netIncome": "647064000"}, {"fiscalDateEnding": "2006-06-30", "reportedCurrency": "USD", "grossProfit": "1746916000", "totalRevenue": "2085127000", "costOfRevenue": "338211000", "costofGoodsAndServicesSold": "338211000", "operatingIncome": "1084885000", "sellingGeneralAndAdministrative": "52191000", "researchAndDevelopment": "0", "operatingExpenses": "662031000", "investmentIncomeNet": "None", "netInterestIncome": "None", "interestIncome": "None", "interestExpense": "50657000", "nonInterestIncome": "None", "otherNonOperatingIncome": "None", "depreciation": "None", "depreciationAndAmortization": "441438000", "incomeBeforeTax": "1008907000", "incomeTaxExpense": "285282000", "interestAndDebtExpense": "None", "netIncomeFromContinuingOperations": "0", "comprehensiveIncomeNetOfTax": "None", "ebit": "1084885000", "ebitda": "1526323000", "netIncome": "723625000"}, {"fiscalDateEnding": "2006-03-31", "reportedCurrency": "USD", "grossProfit": "1681384000", "totalRevenue": "1999102000", "costOfRevenue": "317718000", "costofGoodsAndServicesSold": "317718000", "operatingIncome": "1067917000", "sellingGeneralAndAdministrative": "45672000", "researchAndDevelopment": "0", "operatingExpenses": "564663000", "investmentIncomeNet": "None", "netInterestIncome": "None", "interestIncome": "None", "interestExpense": "43371000", "nonInterestIncome": "None", "otherNonOperatingIncome": "None", "depreciation": "None", "depreciationAndAmortization": "372577000", "incomeBeforeTax": "1073262000", "incomeTaxExpense": "412341000", "interestAndDebtExpense": "None", "netIncomeFromContinuingOperations": "0", "comprehensiveIncomeNetOfTax": "None", "ebit": "1067917000", "ebitda": "1440494000", "netIncome": "660921000"}, {"fiscalDateEnding": "2005-12-31", "reportedCurrency": "USD", "grossProfit": "1803063000", "totalRevenue": "2101673000", "costOfRevenue": "298610000", "costofGoodsAndServicesSold": "298610000", "operatingIncome": "1253067000", "sellingGeneralAndAdministrative": "45812000", "researchAndDevelopment": "0", "operatingExpenses": "549996000", "investmentIncomeNet": "None", "netInterestIncome": "None", "interestIncome": "None", "interestExpense": "28016000", "nonInterestIncome": "None", "otherNonOperatingIncome": "None", "depreciation": "None", "depreciationAndAmortization": "363847000", "incomeBeforeTax": "1213200000", "incomeTaxExpense": "424978000", "interestAndDebtExpense": "None", "netIncomeFromContinuingOperations": "0", "comprehensiveIncomeNetOfTax": "None", "ebit": "1253067000", "ebitda": "1616914000", "netIncome": "788222000"}, {"fiscalDateEnding": "2005-09-30", "reportedCurrency": "USD", "grossProfit": "1757486000", "totalRevenue": "2061052000", "costOfRevenue": "303566000", "costofGoodsAndServicesSold": "303566000", "operatingIncome": "1199886000", "sellingGeneralAndAdministrative": "50047000", "researchAndDevelopment": "0", "operatingExpenses": "557600000", "investmentIncomeNet": "None", "netInterestIncome": "None", "interestIncome": "None", "interestExpense": "44038000", "nonInterestIncome": "None", "otherNonOperatingIncome": "None", "depreciation": "None", "depreciationAndAmortization": "357159000", "incomeBeforeTax": "1159512000", "incomeTaxExpense": "472517000", "interestAndDebtExpense": "None", "netIncomeFromContinuingOperations": "0", "comprehensiveIncomeNetOfTax": "None", "ebit": "1199886000", "ebitda": "1557045000", "netIncome": "686995000"}, {"fiscalDateEnding": "2005-06-30", "reportedCurrency": "USD", "grossProfit": "1477623000", "totalRevenue": "1759231000", "costOfRevenue": "281608000", "costofGoodsAndServicesSold": "281608000", "operatingIncome": "995321000", "sellingGeneralAndAdministrative": "52002000", "researchAndDevelopment": "0", "operatingExpenses": "499653000", "investmentIncomeNet": "None", "netInterestIncome": "None", "interestIncome": "None", "interestExpense": "30553000", "nonInterestIncome": "None", "otherNonOperatingIncome": "None", "depreciation": "None", "depreciationAndAmortization": "359011000", "incomeBeforeTax": "934962000", "incomeTaxExpense": "346932000", "interestAndDebtExpense": "None", "netIncomeFromContinuingOperations": "0", "comprehensiveIncomeNetOfTax": "None", "ebit": "995321000", "ebitda": "1354332000", "netIncome": "588030000"}, {"fiscalDateEnding": "2005-03-31", "reportedCurrency": "USD", "grossProfit": "1405337000", "totalRevenue": "1662288000", "costOfRevenue": "256951000", "costofGoodsAndServicesSold": "256951000", "operatingIncome": "943327000", "sellingGeneralAndAdministrative": "50411000", "researchAndDevelopment": "0", "operatingExpenses": "462668000", "investmentIncomeNet": "None", "netInterestIncome": "None", "interestIncome": "None", "interestExpense": "45924000", "nonInterestIncome": "None", "otherNonOperatingIncome": "None", "depreciation": "None", "depreciationAndAmortization": "339413000", "incomeBeforeTax": "898580000", "incomeTaxExpense": "338097000", "interestAndDebtExpense": "None", "netIncomeFromContinuingOperations": "0", "comprehensiveIncomeNetOfTax": "None", "ebit": "943327000", "ebitda": "1282740000", "netIncome": "560483000"}, {"fiscalDateEnding": "2004-12-31", "reportedCurrency": "USD", "grossProfit": "1301567000", "totalRevenue": "1534903000", "costOfRevenue": "233336000", "costofGoodsAndServicesSold": "233336000", "operatingIncome": "912308000", "sellingGeneralAndAdministrative": "45878000", "researchAndDevelopment": "0", "operatingExpenses": "389259000", "investmentIncomeNet": "None", "netInterestIncome": "None", "interestIncome": "None", "interestExpense": "46252000", "nonInterestIncome": "None", "otherNonOperatingIncome": "None", "depreciation": "None", "depreciationAndAmortization": "329138000", "incomeBeforeTax": "833983000", "incomeTaxExpense": "319869000", "interestAndDebtExpense": "None", "netIncomeFromContinuingOperations": "0", "comprehensiveIncomeNetOfTax": "None", "ebit": "912308000", "ebitda": "1241446000", "netIncome": "512797000"}]}