{"symbol": "PSX", "annualReports": [{"fiscalDateEnding": "2024-12-31", "reportedCurrency": "USD", "grossProfit": "10828000000", "totalRevenue": "143153000000", "costOfRevenue": "132325000000", "costofGoodsAndServicesSold": "132325000000", "operatingIncome": "1746000000", "sellingGeneralAndAdministrative": "2814000000", "researchAndDevelopment": "None", "operatingExpenses": "9082000000", "investmentIncomeNet": "None", "netInterestIncome": "-789000000", "interestIncome": "158000000", "interestExpense": "947000000", "nonInterestIncome": "None", "otherNonOperatingIncome": "None", "depreciation": "None", "depreciationAndAmortization": "2363000000", "incomeBeforeTax": "2675000000", "incomeTaxExpense": "500000000", "interestAndDebtExpense": "None", "netIncomeFromContinuingOperations": "2175000000", "comprehensiveIncomeNetOfTax": "None", "ebit": "3622000000", "ebitda": "5985000000", "netIncome": "2117000000"}, {"fiscalDateEnding": "2023-12-31", "reportedCurrency": "USD", "grossProfit": "11153000000", "totalRevenue": "147399000000", "costOfRevenue": "136246000000", "costofGoodsAndServicesSold": "136246000000", "operatingIncome": "8020000000", "sellingGeneralAndAdministrative": "2525000000", "researchAndDevelopment": "27000000", "operatingExpenses": "3017000000", "investmentIncomeNet": "None", "netInterestIncome": "-657000000", "interestIncome": "269000000", "interestExpense": "926000000", "nonInterestIncome": "None", "otherNonOperatingIncome": "None", "depreciation": "None", "depreciationAndAmortization": "1977000000", "incomeBeforeTax": "9469000000", "incomeTaxExpense": "2230000000", "interestAndDebtExpense": "None", "netIncomeFromContinuingOperations": "7239000000", "comprehensiveIncomeNetOfTax": "None", "ebit": "10395000000", "ebitda": "12372000000", "netIncome": "7004000000"}, {"fiscalDateEnding": "2022-12-31", "reportedCurrency": "USD", "grossProfit": "18429000000", "totalRevenue": "169990000000", "costOfRevenue": "151561000000", "costofGoodsAndServicesSold": "151561000000", "operatingIncome": "12745000000", "sellingGeneralAndAdministrative": "8809000000", "researchAndDevelopment": "42000000", "operatingExpenses": "8809000000", "investmentIncomeNet": "None", "netInterestIncome": "-642000000", "interestIncome": "2007000000", "interestExpense": "642000000", "nonInterestIncome": "None", "otherNonOperatingIncome": "5721000000", "depreciation": "None", "depreciationAndAmortization": "1652000000", "incomeBeforeTax": "14639000000", "incomeTaxExpense": "3248000000", "interestAndDebtExpense": "None", "netIncomeFromContinuingOperations": "11391000000", "comprehensiveIncomeNetOfTax": "None", "ebit": "15258000000", "ebitda": "16910000000", "netIncome": "11024000000"}, {"fiscalDateEnding": "2021-12-31", "reportedCurrency": "USD", "grossProfit": "7769000000", "totalRevenue": "111476000000", "costOfRevenue": "103707000000", "costofGoodsAndServicesSold": "103707000000", "operatingIncome": "3826000000", "sellingGeneralAndAdministrative": "1744000000", "researchAndDevelopment": "47000000", "operatingExpenses": "7301000000", "investmentIncomeNet": "None", "netInterestIncome": "-605000000", "interestIncome": "2698000000", "interestExpense": "605000000", "nonInterestIncome": "None", "otherNonOperatingIncome": "3375000000", "depreciation": "None", "depreciationAndAmortization": "1629000000", "incomeBeforeTax": "1740000000", "incomeTaxExpense": "146000000", "interestAndDebtExpense": "None", "netIncomeFromContinuingOperations": "1594000000", "comprehensiveIncomeNetOfTax": "None", "ebit": "2321000000", "ebitda": "3950000000", "netIncome": "1315000000"}, {"fiscalDateEnding": "2020-12-31", "reportedCurrency": "USD", "grossProfit": "5027000000", "totalRevenue": "64129000000", "costOfRevenue": "59102000000", "costofGoodsAndServicesSold": "59102000000", "operatingIncome": "-287000000", "sellingGeneralAndAdministrative": "1544000000", "researchAndDevelopment": "48000000", "operatingExpenses": "6571000000", "investmentIncomeNet": "None", "netInterestIncome": "-499000000", "interestIncome": "14000000", "interestExpense": "521000000", "nonInterestIncome": "None", "otherNonOperatingIncome": "1353000000", "depreciation": "None", "depreciationAndAmortization": "1417000000", "incomeBeforeTax": "-4964000000", "incomeTaxExpense": "-1250000000", "interestAndDebtExpense": "None", "netIncomeFromContinuingOperations": "-3714000000", "comprehensiveIncomeNetOfTax": "None", "ebit": "-4465000000", "ebitda": "-3048000000", "netIncome": "-3714000000"}, {"fiscalDateEnding": "2019-12-31", "reportedCurrency": "USD", "grossProfit": "10423000000", "totalRevenue": "107293000000", "costOfRevenue": "96870000000", "costofGoodsAndServicesSold": "96870000000", "operatingIncome": "5505000000", "sellingGeneralAndAdministrative": "1681000000", "researchAndDevelopment": "54000000", "operatingExpenses": "7164000000", "investmentIncomeNet": "None", "netInterestIncome": "-415000000", "interestIncome": "43000000", "interestExpense": "481000000", "nonInterestIncome": "None", "otherNonOperatingIncome": "2261000000", "depreciation": "None", "depreciationAndAmortization": "1364000000", "incomeBeforeTax": "4178000000", "incomeTaxExpense": "801000000", "interestAndDebtExpense": "None", "netIncomeFromContinuingOperations": "3786000000", "comprehensiveIncomeNetOfTax": "None", "ebit": "4636000000", "ebitda": "6000000000", "netIncome": "3076000000"}, {"fiscalDateEnding": "2018-12-31", "reportedCurrency": "USD", "grossProfit": "12175000000", "totalRevenue": "111461000000", "costOfRevenue": "99286000000", "costofGoodsAndServicesSold": "99286000000", "operatingIncome": "5193000000", "sellingGeneralAndAdministrative": "1677000000", "researchAndDevelopment": "55000000", "operatingExpenses": "6982000000", "investmentIncomeNet": "None", "netInterestIncome": "-459000000", "interestIncome": "45000000", "interestExpense": "527000000", "nonInterestIncome": "None", "otherNonOperatingIncome": "2787000000", "depreciation": "None", "depreciationAndAmortization": "1379000000", "incomeBeforeTax": "7445000000", "incomeTaxExpense": "1572000000", "interestAndDebtExpense": "None", "netIncomeFromContinuingOperations": "5873000000", "comprehensiveIncomeNetOfTax": "None", "ebit": "7949000000", "ebitda": "9328000000", "netIncome": "5595000000"}, {"fiscalDateEnding": "2017-12-31", "reportedCurrency": "USD", "grossProfit": "21627000000", "totalRevenue": "102354000000", "costOfRevenue": "80727000000", "costofGoodsAndServicesSold": "80727000000", "operatingIncome": "1771000000", "sellingGeneralAndAdministrative": "1695000000", "researchAndDevelopment": "60000000", "operatingExpenses": "19856000000", "investmentIncomeNet": "None", "netInterestIncome": "-407000000", "interestIncome": "31000000", "interestExpense": "460000000", "nonInterestIncome": "None", "otherNonOperatingIncome": "2268000000", "depreciation": "None", "depreciationAndAmortization": "1340000000", "incomeBeforeTax": "3555000000", "incomeTaxExpense": "-1693000000", "interestAndDebtExpense": "None", "netIncomeFromContinuingOperations": "5248000000", "comprehensiveIncomeNetOfTax": "None", "ebit": "3993000000", "ebitda": "5333000000", "netIncome": "5106000000"}, {"fiscalDateEnding": "2016-12-31", "reportedCurrency": "USD", "grossProfit": "20643000000", "totalRevenue": "84279000000", "costOfRevenue": "63636000000", "costofGoodsAndServicesSold": "63636000000", "operatingIncome": "1042000000", "sellingGeneralAndAdministrative": "1638000000", "researchAndDevelopment": "60000000", "operatingExpenses": "19601000000", "investmentIncomeNet": "None", "netInterestIncome": "-320000000", "interestIncome": "18000000", "interestExpense": "359000000", "nonInterestIncome": "None", "otherNonOperatingIncome": "1513000000", "depreciation": "None", "depreciationAndAmortization": "1189000000", "incomeBeforeTax": "2191000000", "incomeTaxExpense": "547000000", "interestAndDebtExpense": "None", "netIncomeFromContinuingOperations": "1644000000", "comprehensiveIncomeNetOfTax": "None", "ebit": "2529000000", "ebitda": "3718000000", "netIncome": "1555000000"}, {"fiscalDateEnding": "2015-12-31", "reportedCurrency": "USD", "grossProfit": "24498000000", "totalRevenue": "98975000000", "costOfRevenue": "74477000000", "costofGoodsAndServicesSold": "74477000000", "operatingIncome": "4457000000", "sellingGeneralAndAdministrative": "1670000000", "researchAndDevelopment": "65000000", "operatingExpenses": "20041000000", "investmentIncomeNet": "None", "netInterestIncome": "None", "interestIncome": "1241000000", "interestExpense": "331000000", "nonInterestIncome": "None", "otherNonOperatingIncome": "1925000000", "depreciation": "None", "depreciationAndAmortization": "1078000000", "incomeBeforeTax": "6044000000", "incomeTaxExpense": "1764000000", "interestAndDebtExpense": "None", "netIncomeFromContinuingOperations": "4280000000", "comprehensiveIncomeNetOfTax": "None", "ebit": "6375000000", "ebitda": "7453000000", "netIncome": "4227000000"}, {"fiscalDateEnding": "2014-12-31", "reportedCurrency": "USD", "grossProfit": "24469000000", "totalRevenue": "161212000000", "costOfRevenue": "136743000000", "costofGoodsAndServicesSold": "136743000000", "operatingIncome": "3331000000", "sellingGeneralAndAdministrative": "1663000000", "researchAndDevelopment": "62000000", "operatingExpenses": "21138000000", "investmentIncomeNet": "None", "netInterestIncome": "None", "interestIncome": "None", "interestExpense": "291000000", "nonInterestIncome": "None", "otherNonOperatingIncome": "2855000000", "depreciation": "None", "depreciationAndAmortization": "995000000", "incomeBeforeTax": "5745000000", "incomeTaxExpense": "1654000000", "interestAndDebtExpense": "None", "netIncomeFromContinuingOperations": "4091000000", "comprehensiveIncomeNetOfTax": "None", "ebit": "6036000000", "ebitda": "7031000000", "netIncome": "4762000000"}, {"fiscalDateEnding": "2013-12-31", "reportedCurrency": "USD", "grossProfit": "22404000000", "totalRevenue": "171596000000", "costOfRevenue": "149192000000", "costofGoodsAndServicesSold": "149192000000", "operatingIncome": "2601000000", "sellingGeneralAndAdministrative": "1478000000", "researchAndDevelopment": "57000", "operatingExpenses": "19803000000", "investmentIncomeNet": "None", "netInterestIncome": "None", "interestIncome": "None", "interestExpense": "299000000", "nonInterestIncome": "None", "otherNonOperatingIncome": "3253000000", "depreciation": "None", "depreciationAndAmortization": "947000000", "incomeBeforeTax": "5526000000", "incomeTaxExpense": "1844000000", "interestAndDebtExpense": "None", "netIncomeFromContinuingOperations": "3682000000", "comprehensiveIncomeNetOfTax": "None", "ebit": "5825000000", "ebitda": "6772000000", "netIncome": "3726000000"}, {"fiscalDateEnding": "2012-12-31", "reportedCurrency": "USD", "grossProfit": "24064000000", "totalRevenue": "179460000000", "costOfRevenue": "155396000000", "costofGoodsAndServicesSold": "155396000000", "operatingIncome": "4569000000", "sellingGeneralAndAdministrative": "1722000000", "researchAndDevelopment": "70000000", "operatingExpenses": "19495000000", "investmentIncomeNet": "None", "netInterestIncome": "None", "interestIncome": "None", "interestExpense": "271000000", "nonInterestIncome": "None", "otherNonOperatingIncome": "3491000000", "depreciation": "None", "depreciationAndAmortization": "913000000", "incomeBeforeTax": "6631000000", "incomeTaxExpense": "2500000000", "interestAndDebtExpense": "None", "netIncomeFromContinuingOperations": "4131000000", "comprehensiveIncomeNetOfTax": "None", "ebit": "6820000000", "ebitda": "7733000000", "netIncome": "4124000000"}, {"fiscalDateEnding": "2011-12-31", "reportedCurrency": "USD", "grossProfit": "20862000000", "totalRevenue": "197771000000", "costOfRevenue": "176909000000", "costofGoodsAndServicesSold": "176909000000", "operatingIncome": "4236000000", "sellingGeneralAndAdministrative": "1409000000", "researchAndDevelopment": "74000000", "operatingExpenses": "16626000000", "investmentIncomeNet": "None", "netInterestIncome": "None", "interestIncome": "None", "interestExpense": "17000000", "nonInterestIncome": "None", "otherNonOperatingIncome": "None", "depreciation": "None", "depreciationAndAmortization": "908000000", "incomeBeforeTax": "6624000000", "incomeTaxExpense": "1844000000", "interestAndDebtExpense": "None", "netIncomeFromContinuingOperations": "None", "comprehensiveIncomeNetOfTax": "None", "ebit": "6641000000", "ebitda": "7549000000", "netIncome": "4775000000"}, {"fiscalDateEnding": "2010-12-31", "reportedCurrency": "USD", "grossProfit": "17568000000", "totalRevenue": "146849000000", "costOfRevenue": "129281000000", "costofGoodsAndServicesSold": "129281000000", "operatingIncome": "1297000000", "sellingGeneralAndAdministrative": "1384000000", "researchAndDevelopment": "56000000", "operatingExpenses": "16271000000", "investmentIncomeNet": "None", "netInterestIncome": "None", "interestIncome": "None", "interestExpense": "1000000", "nonInterestIncome": "None", "otherNonOperatingIncome": "None", "depreciation": "None", "depreciationAndAmortization": "880000000", "incomeBeforeTax": "1319000000", "incomeTaxExpense": "579000000", "interestAndDebtExpense": "None", "netIncomeFromContinuingOperations": "None", "comprehensiveIncomeNetOfTax": "None", "ebit": "1169000000", "ebitda": "2049000000", "netIncome": "735000000"}, {"fiscalDateEnding": "2009-12-31", "reportedCurrency": "USD", "grossProfit": "15606000000", "totalRevenue": "112859000000", "costOfRevenue": "97253000000", "costofGoodsAndServicesSold": "97253000000", "operatingIncome": "-231000000", "sellingGeneralAndAdministrative": "None", "researchAndDevelopment": "None", "operatingExpenses": "15837000000", "investmentIncomeNet": "None", "netInterestIncome": "None", "interestIncome": "None", "interestExpense": "1000000", "nonInterestIncome": "None", "otherNonOperatingIncome": "None", "depreciation": "None", "depreciationAndAmortization": "879000000", "incomeBeforeTax": "847000000", "incomeTaxExpense": "368000000", "interestAndDebtExpense": "None", "netIncomeFromContinuingOperations": "None", "comprehensiveIncomeNetOfTax": "None", "ebit": "848000000", "ebitda": "1727000000", "netIncome": "476000000"}], "quarterlyReports": [{"fiscalDateEnding": "2024-12-31", "reportedCurrency": "USD", "grossProfit": "2112000000", "totalRevenue": "33685000000", "costOfRevenue": "31573000000", "costofGoodsAndServicesSold": "31573000000", "operatingIncome": "-42000000", "sellingGeneralAndAdministrative": "511000000", "researchAndDevelopment": "None", "operatingExpenses": "2154000000", "investmentIncomeNet": "None", "netInterestIncome": "-75000000", "interestIncome": "None", "interestExpense": "233000000", "nonInterestIncome": "None", "otherNonOperatingIncome": "None", "depreciation": "None", "depreciationAndAmortization": "819000000", "incomeBeforeTax": "-13000000", "incomeTaxExpense": "-38000000", "interestAndDebtExpense": "None", "netIncomeFromContinuingOperations": "25000000", "comprehensiveIncomeNetOfTax": "None", "ebit": "220000000", "ebitda": "1039000000", "netIncome": "8000000"}, {"fiscalDateEnding": "2024-09-30", "reportedCurrency": "USD", "grossProfit": "2791000000", "totalRevenue": "35528000000", "costOfRevenue": "32737000000", "costofGoodsAndServicesSold": "32737000000", "operatingIncome": "45000000", "sellingGeneralAndAdministrative": "1194000000", "researchAndDevelopment": "None", "operatingExpenses": "1499000000", "investmentIncomeNet": "None", "netInterestIncome": "-237000000", "interestIncome": "None", "interestExpense": "237000000", "nonInterestIncome": "None", "otherNonOperatingIncome": "None", "depreciation": "None", "depreciationAndAmortization": "543000000", "incomeBeforeTax": "413000000", "incomeTaxExpense": "44000000", "interestAndDebtExpense": "None", "netIncomeFromContinuingOperations": "369000000", "comprehensiveIncomeNetOfTax": "None", "ebit": "650000000", "ebitda": "1193000000", "netIncome": "346000000"}, {"fiscalDateEnding": "2024-06-30", "reportedCurrency": "USD", "grossProfit": "1520000000", "totalRevenue": "38100000000", "costOfRevenue": "36580000000", "costofGoodsAndServicesSold": "36580000000", "operatingIncome": "919000000", "sellingGeneralAndAdministrative": "552000000", "researchAndDevelopment": "None", "operatingExpenses": "601000000", "investmentIncomeNet": "None", "netInterestIncome": "-241000000", "interestIncome": "None", "interestExpense": "241000000", "nonInterestIncome": "None", "otherNonOperatingIncome": "None", "depreciation": "None", "depreciationAndAmortization": "507000000", "incomeBeforeTax": "1311000000", "incomeTaxExpense": "291000000", "interestAndDebtExpense": "None", "netIncomeFromContinuingOperations": "1020000000", "comprehensiveIncomeNetOfTax": "None", "ebit": "1542000000", "ebitda": "2049000000", "netIncome": "1015000000"}, {"fiscalDateEnding": "2024-03-31", "reportedCurrency": "USD", "grossProfit": "2921000000", "totalRevenue": "35811000000", "costOfRevenue": "32890000000", "costofGoodsAndServicesSold": "32890000000", "operatingIncome": "1178000000", "sellingGeneralAndAdministrative": "557000000", "researchAndDevelopment": "None", "operatingExpenses": "2174000000", "investmentIncomeNet": "None", "netInterestIncome": "-236000000", "interestIncome": "None", "interestExpense": "236000000", "nonInterestIncome": "None", "otherNonOperatingIncome": "None", "depreciation": "None", "depreciationAndAmortization": "513000000", "incomeBeforeTax": "964000000", "incomeTaxExpense": "203000000", "interestAndDebtExpense": "None", "netIncomeFromContinuingOperations": "761000000", "comprehensiveIncomeNetOfTax": "None", "ebit": "1191000000", "ebitda": "1704000000", "netIncome": "748000000"}, {"fiscalDateEnding": "2023-12-31", "reportedCurrency": "USD", "grossProfit": "2339000000", "totalRevenue": "38270000000", "costOfRevenue": "35931000000", "costofGoodsAndServicesSold": "35931000000", "operatingIncome": "1526000000", "sellingGeneralAndAdministrative": "658000000", "researchAndDevelopment": "27000000", "operatingExpenses": "813000000", "investmentIncomeNet": "None", "netInterestIncome": "41000000", "interestIncome": "None", "interestExpense": "228000000", "nonInterestIncome": "None", "otherNonOperatingIncome": "None", "depreciation": "None", "depreciationAndAmortization": "528000000", "incomeBeforeTax": "1761000000", "incomeTaxExpense": "476000000", "interestAndDebtExpense": "None", "netIncomeFromContinuingOperations": "1285000000", "comprehensiveIncomeNetOfTax": "None", "ebit": "1979000000", "ebitda": "2507000000", "netIncome": "1260000000"}, {"fiscalDateEnding": "2023-09-30", "reportedCurrency": "USD", "grossProfit": "4825000000", "totalRevenue": "39643000000", "costOfRevenue": "34818000000", "costofGoodsAndServicesSold": "34818000000", "operatingIncome": "2929000000", "sellingGeneralAndAdministrative": "669000000", "researchAndDevelopment": "None", "operatingExpenses": "2473000000", "investmentIncomeNet": "None", "netInterestIncome": "-227000000", "interestIncome": "344000000", "interestExpense": "227000000", "nonInterestIncome": "None", "otherNonOperatingIncome": "None", "depreciation": "None", "depreciationAndAmortization": "494000000", "incomeBeforeTax": "2813000000", "incomeTaxExpense": "670000000", "interestAndDebtExpense": "None", "netIncomeFromContinuingOperations": "2143000000", "comprehensiveIncomeNetOfTax": "None", "ebit": "3034000000", "ebitda": "3528000000", "netIncome": "2097000000"}, {"fiscalDateEnding": "2023-06-30", "reportedCurrency": "USD", "grossProfit": "4024000000", "totalRevenue": "35090000000", "costOfRevenue": "31066000000", "costofGoodsAndServicesSold": "31066000000", "operatingIncome": "2473000000", "sellingGeneralAndAdministrative": "2151000000", "researchAndDevelopment": "None", "operatingExpenses": "2151000000", "investmentIncomeNet": "None", "netInterestIncome": "-273000000", "interestIncome": "280000000", "interestExpense": "273000000", "nonInterestIncome": "None", "otherNonOperatingIncome": "648000000", "depreciation": "None", "depreciationAndAmortization": "502000000", "incomeBeforeTax": "2244000000", "incomeTaxExpense": "510000000", "interestAndDebtExpense": "None", "netIncomeFromContinuingOperations": "1734000000", "comprehensiveIncomeNetOfTax": "None", "ebit": "2510000000", "ebitda": "3012000000", "netIncome": "1697000000"}, {"fiscalDateEnding": "2023-03-31", "reportedCurrency": "USD", "grossProfit": "4579000000", "totalRevenue": "34396000000", "costOfRevenue": "29817000000", "costofGoodsAndServicesSold": "29817000000", "operatingIncome": "2848000000", "sellingGeneralAndAdministrative": "2390000000", "researchAndDevelopment": "None", "operatingExpenses": "2390000000", "investmentIncomeNet": "None", "netInterestIncome": "-198000000", "interestIncome": "394000000", "interestExpense": "198000000", "nonInterestIncome": "None", "otherNonOperatingIncome": "668000000", "depreciation": "None", "depreciationAndAmortization": "482000000", "incomeBeforeTax": "2651000000", "incomeTaxExpense": "574000000", "interestAndDebtExpense": "None", "netIncomeFromContinuingOperations": "2077000000", "comprehensiveIncomeNetOfTax": "None", "ebit": "2843000000", "ebitda": "3325000000", "netIncome": "1961000000"}, {"fiscalDateEnding": "2022-12-31", "reportedCurrency": "USD", "grossProfit": "4631000000", "totalRevenue": "40279000000", "costOfRevenue": "35648000000", "costofGoodsAndServicesSold": "35648000000", "operatingIncome": "2143000000", "sellingGeneralAndAdministrative": "2488000000", "researchAndDevelopment": "42000000", "operatingExpenses": "4631000000", "investmentIncomeNet": "None", "netInterestIncome": "-199000000", "interestIncome": "440000000", "interestExpense": "199000000", "nonInterestIncome": "None", "otherNonOperatingIncome": "661000000", "depreciation": "None", "depreciationAndAmortization": "502000000", "incomeBeforeTax": "2547000000", "incomeTaxExpense": "535000000", "interestAndDebtExpense": "None", "netIncomeFromContinuingOperations": "2012000000", "comprehensiveIncomeNetOfTax": "None", "ebit": "2132000000", "ebitda": "2634000000", "netIncome": "1884000000"}, {"fiscalDateEnding": "2022-09-30", "reportedCurrency": "USD", "grossProfit": "5879000000", "totalRevenue": "44955000000", "costOfRevenue": "39076000000", "costofGoodsAndServicesSold": "39076000000", "operatingIncome": "7325000000", "sellingGeneralAndAdministrative": "2362000000", "researchAndDevelopment": "None", "operatingExpenses": "2362000000", "investmentIncomeNet": "None", "netInterestIncome": "-163000000", "interestIncome": "652000000", "interestExpense": "163000000", "nonInterestIncome": "None", "otherNonOperatingIncome": "3804000000", "depreciation": "None", "depreciationAndAmortization": "435000000", "incomeBeforeTax": "7158000000", "incomeTaxExpense": "1618000000", "interestAndDebtExpense": "None", "netIncomeFromContinuingOperations": "5540000000", "comprehensiveIncomeNetOfTax": "None", "ebit": "7316000000", "ebitda": "7751000000", "netIncome": "5391000000"}, {"fiscalDateEnding": "2022-06-30", "reportedCurrency": "USD", "grossProfit": "5573000000", "totalRevenue": "48577000000", "costOfRevenue": "43004000000", "costofGoodsAndServicesSold": "43004000000", "operatingIncome": "4268000000", "sellingGeneralAndAdministrative": "2037000000", "researchAndDevelopment": "None", "operatingExpenses": "2037000000", "investmentIncomeNet": "None", "netInterestIncome": "-139000000", "interestIncome": "1003000000", "interestExpense": "139000000", "nonInterestIncome": "None", "otherNonOperatingIncome": "711000000", "depreciation": "None", "depreciationAndAmortization": "365000000", "incomeBeforeTax": "4106000000", "incomeTaxExpense": "924000000", "interestAndDebtExpense": "None", "netIncomeFromContinuingOperations": "3182000000", "comprehensiveIncomeNetOfTax": "None", "ebit": "4239000000", "ebitda": "4604000000", "netIncome": "3167000000"}, {"fiscalDateEnding": "2022-03-31", "reportedCurrency": "USD", "grossProfit": "2346000000", "totalRevenue": "36179000000", "costOfRevenue": "33833000000", "costofGoodsAndServicesSold": "33833000000", "operatingIncome": "966000000", "sellingGeneralAndAdministrative": "1922000000", "researchAndDevelopment": "None", "operatingExpenses": "1922000000", "investmentIncomeNet": "None", "netInterestIncome": "-141000000", "interestIncome": "710000000", "interestExpense": "141000000", "nonInterestIncome": "None", "otherNonOperatingIncome": "545000000", "depreciation": "None", "depreciationAndAmortization": "344000000", "incomeBeforeTax": "828000000", "incomeTaxExpense": "171000000", "interestAndDebtExpense": "None", "netIncomeFromContinuingOperations": "657000000", "comprehensiveIncomeNetOfTax": "None", "ebit": "963000000", "ebitda": "1307000000", "netIncome": "582000000"}, {"fiscalDateEnding": "2021-12-31", "reportedCurrency": "USD", "grossProfit": "2790000000", "totalRevenue": "32604000000", "costOfRevenue": "29814000000", "costofGoodsAndServicesSold": "29814000000", "operatingIncome": "1674000000", "sellingGeneralAndAdministrative": "479000000", "researchAndDevelopment": "47000000", "operatingExpenses": "1972000000", "investmentIncomeNet": "None", "netInterestIncome": "-147000000", "interestIncome": "801000000", "interestExpense": "147000000", "nonInterestIncome": "None", "otherNonOperatingIncome": "958000000", "depreciation": "None", "depreciationAndAmortization": "530000000", "incomeBeforeTax": "1627000000", "incomeTaxExpense": "256000000", "interestAndDebtExpense": "None", "netIncomeFromContinuingOperations": "1371000000", "comprehensiveIncomeNetOfTax": "None", "ebit": "1768000000", "ebitda": "2298000000", "netIncome": "1273000000"}, {"fiscalDateEnding": "2021-09-30", "reportedCurrency": "USD", "grossProfit": "2353000000", "totalRevenue": "30243000000", "costOfRevenue": "27890000000", "costofGoodsAndServicesSold": "27890000000", "operatingIncome": "678000000", "sellingGeneralAndAdministrative": "424000000", "researchAndDevelopment": "None", "operatingExpenses": "1675000000", "investmentIncomeNet": "None", "netInterestIncome": "-157000000", "interestIncome": "1051000000", "interestExpense": "157000000", "nonInterestIncome": "None", "otherNonOperatingIncome": "1225000000", "depreciation": "None", "depreciationAndAmortization": "367000000", "incomeBeforeTax": "448000000", "incomeTaxExpense": "-40000000", "interestAndDebtExpense": "None", "netIncomeFromContinuingOperations": "488000000", "comprehensiveIncomeNetOfTax": "None", "ebit": "593000000", "ebitda": "960000000", "netIncome": "402000000"}, {"fiscalDateEnding": "2021-06-30", "reportedCurrency": "USD", "grossProfit": "1420000000", "totalRevenue": "27002000000", "costOfRevenue": "25582000000", "costofGoodsAndServicesSold": "25582000000", "operatingIncome": "-307000000", "sellingGeneralAndAdministrative": "433000000", "researchAndDevelopment": "None", "operatingExpenses": "1727000000", "investmentIncomeNet": "None", "netInterestIncome": "-149000000", "interestIncome": "696000000", "interestExpense": "149000000", "nonInterestIncome": "None", "otherNonOperatingIncome": "892000000", "depreciation": "None", "depreciationAndAmortization": "370000000", "incomeBeforeTax": "436000000", "incomeTaxExpense": "62000000", "interestAndDebtExpense": "None", "netIncomeFromContinuingOperations": "374000000", "comprehensiveIncomeNetOfTax": "None", "ebit": "579000000", "ebitda": "949000000", "netIncome": "294000000"}, {"fiscalDateEnding": "2021-03-31", "reportedCurrency": "USD", "grossProfit": "1206000000", "totalRevenue": "21627000000", "costOfRevenue": "20421000000", "costofGoodsAndServicesSold": "20421000000", "operatingIncome": "-721000000", "sellingGeneralAndAdministrative": "408000000", "researchAndDevelopment": "None", "operatingExpenses": "1927000000", "investmentIncomeNet": "None", "netInterestIncome": "-152000000", "interestIncome": "139000000", "interestExpense": "152000000", "nonInterestIncome": "None", "otherNonOperatingIncome": "300000000", "depreciation": "None", "depreciationAndAmortization": "356000000", "incomeBeforeTax": "-771000000", "incomeTaxExpense": "-132000000", "interestAndDebtExpense": "None", "netIncomeFromContinuingOperations": "-639000000", "comprehensiveIncomeNetOfTax": "None", "ebit": "-619000000", "ebitda": "-263000000", "netIncome": "-654000000"}, {"fiscalDateEnding": "2020-12-31", "reportedCurrency": "USD", "grossProfit": "901000000", "totalRevenue": "16409000000", "costOfRevenue": "15508000000", "costofGoodsAndServicesSold": "15508000000", "operatingIncome": "-798000000", "sellingGeneralAndAdministrative": "432000000", "researchAndDevelopment": "48000000", "operatingExpenses": "1699000000", "investmentIncomeNet": "None", "netInterestIncome": "-139000000", "interestIncome": "179000000", "interestExpense": "144000000", "nonInterestIncome": "None", "otherNonOperatingIncome": "358000000", "depreciation": "None", "depreciationAndAmortization": "358000000", "incomeBeforeTax": "-691000000", "incomeTaxExpense": "-197000000", "interestAndDebtExpense": "None", "netIncomeFromContinuingOperations": "-494000000", "comprehensiveIncomeNetOfTax": "None", "ebit": "-547000000", "ebitda": "-189000000", "netIncome": "-539000000"}, {"fiscalDateEnding": "2020-09-30", "reportedCurrency": "USD", "grossProfit": "1068000000", "totalRevenue": "15929000000", "costOfRevenue": "14861000000", "costofGoodsAndServicesSold": "14861000000", "operatingIncome": "-438000000", "sellingGeneralAndAdministrative": "384000000", "researchAndDevelopment": "None", "operatingExpenses": "1506000000", "investmentIncomeNet": "None", "netInterestIncome": "-138000000", "interestIncome": "213000000", "interestExpense": "138000000", "nonInterestIncome": "None", "otherNonOperatingIncome": "366000000", "depreciation": "None", "depreciationAndAmortization": "352000000", "incomeBeforeTax": "-1350000000", "incomeTaxExpense": "-624000000", "interestAndDebtExpense": "None", "netIncomeFromContinuingOperations": "-726000000", "comprehensiveIncomeNetOfTax": "None", "ebit": "-1212000000", "ebitda": "-860000000", "netIncome": "-799000000"}, {"fiscalDateEnding": "2020-06-30", "reportedCurrency": "USD", "grossProfit": "962000000", "totalRevenue": "10913000000", "costOfRevenue": "9951000000", "costofGoodsAndServicesSold": "9951000000", "operatingIncome": "-587000000", "sellingGeneralAndAdministrative": "409000000", "researchAndDevelopment": "None", "operatingExpenses": "1549000000", "investmentIncomeNet": "None", "netInterestIncome": "-117000000", "interestIncome": "40000000", "interestExpense": "122000000", "nonInterestIncome": "None", "otherNonOperatingIncome": "264000000", "depreciation": "None", "depreciationAndAmortization": "343000000", "incomeBeforeTax": "-445000000", "incomeTaxExpense": "-378000000", "interestAndDebtExpense": "None", "netIncomeFromContinuingOperations": "-67000000", "comprehensiveIncomeNetOfTax": "None", "ebit": "-323000000", "ebitda": "20000000", "netIncome": "-141000000"}, {"fiscalDateEnding": "2020-03-31", "reportedCurrency": "USD", "grossProfit": "2096000000", "totalRevenue": "20878000000", "costOfRevenue": "18782000000", "costofGoodsAndServicesSold": "18782000000", "operatingIncome": "279000000", "sellingGeneralAndAdministrative": "319000000", "researchAndDevelopment": "None", "operatingExpenses": "1817000000", "investmentIncomeNet": "None", "netInterestIncome": "-111000000", "interestIncome": "1377000000", "interestExpense": "117000000", "nonInterestIncome": "None", "otherNonOperatingIncome": "365000000", "depreciation": "None", "depreciationAndAmortization": "342000000", "incomeBeforeTax": "-2478000000", "incomeTaxExpense": "-51000000", "interestAndDebtExpense": "None", "netIncomeFromContinuingOperations": "-2428000000", "comprehensiveIncomeNetOfTax": "None", "ebit": "-2361000000", "ebitda": "-2019000000", "netIncome": "-2496000000"}, {"fiscalDateEnding": "2019-12-31", "reportedCurrency": "USD", "grossProfit": "2671000000", "totalRevenue": "29125000000", "costOfRevenue": "26454000000", "costofGoodsAndServicesSold": "26454000000", "operatingIncome": "705000000", "sellingGeneralAndAdministrative": "491000000", "researchAndDevelopment": "54000000", "operatingExpenses": "1966000000", "investmentIncomeNet": "None", "netInterestIncome": "-72000000", "interestIncome": "408000000", "interestExpense": "121000000", "nonInterestIncome": "None", "otherNonOperatingIncome": "1711000000", "depreciation": "None", "depreciationAndAmortization": "340000000", "incomeBeforeTax": "1066000000", "incomeTaxExpense": "256000000", "interestAndDebtExpense": "None", "netIncomeFromContinuingOperations": "2443000000", "comprehensiveIncomeNetOfTax": "None", "ebit": "1187000000", "ebitda": "1527000000", "netIncome": "736000000"}, {"fiscalDateEnding": "2019-09-30", "reportedCurrency": "USD", "grossProfit": "3076000000", "totalRevenue": "27218000000", "costOfRevenue": "24142000000", "costofGoodsAndServicesSold": "24142000000", "operatingIncome": "1349000000", "sellingGeneralAndAdministrative": "416000000", "researchAndDevelopment": "None", "operatingExpenses": "1727000000", "investmentIncomeNet": "None", "netInterestIncome": "-109000000", "interestIncome": "430000000", "interestExpense": "115000000", "nonInterestIncome": "None", "otherNonOperatingIncome": "9000000", "depreciation": "None", "depreciationAndAmortization": "336000000", "incomeBeforeTax": "943000000", "incomeTaxExpense": "150000000", "interestAndDebtExpense": "None", "netIncomeFromContinuingOperations": "240000000", "comprehensiveIncomeNetOfTax": "None", "ebit": "1058000000", "ebitda": "1394000000", "netIncome": "712000000"}, {"fiscalDateEnding": "2019-06-30", "reportedCurrency": "USD", "grossProfit": "2959000000", "totalRevenue": "27847000000", "costOfRevenue": "24888000000", "costofGoodsAndServicesSold": "24888000000", "operatingIncome": "1289000000", "sellingGeneralAndAdministrative": "408000000", "researchAndDevelopment": "None", "operatingExpenses": "1670000000", "investmentIncomeNet": "None", "netInterestIncome": "-115000000", "interestIncome": "595000000", "interestExpense": "120000000", "nonInterestIncome": "None", "otherNonOperatingIncome": "-9000000", "depreciation": "None", "depreciationAndAmortization": "334000000", "incomeBeforeTax": "1829000000", "incomeTaxExpense": "325000000", "interestAndDebtExpense": "None", "netIncomeFromContinuingOperations": "833000000", "comprehensiveIncomeNetOfTax": "None", "ebit": "1949000000", "ebitda": "2283000000", "netIncome": "1424000000"}, {"fiscalDateEnding": "2019-03-31", "reportedCurrency": "USD", "grossProfit": "1717000000", "totalRevenue": "23103000000", "costOfRevenue": "21386000000", "costofGoodsAndServicesSold": "21386000000", "operatingIncome": "-84000000", "sellingGeneralAndAdministrative": "366000000", "researchAndDevelopment": "None", "operatingExpenses": "1801000000", "investmentIncomeNet": "None", "netInterestIncome": "-119000000", "interestIncome": "73000000", "interestExpense": "125000000", "nonInterestIncome": "None", "otherNonOperatingIncome": "550000000", "depreciation": "None", "depreciationAndAmortization": "331000000", "incomeBeforeTax": "340000000", "incomeTaxExpense": "70000000", "interestAndDebtExpense": "None", "netIncomeFromContinuingOperations": "270000000", "comprehensiveIncomeNetOfTax": "None", "ebit": "465000000", "ebitda": "796000000", "netIncome": "204000000"}, {"fiscalDateEnding": "2018-12-31", "reportedCurrency": "USD", "grossProfit": "4101000000", "totalRevenue": "29098000000", "costOfRevenue": "24997000000", "costofGoodsAndServicesSold": "24997000000", "operatingIncome": "2300000000", "sellingGeneralAndAdministrative": "419000000", "researchAndDevelopment": "55000000", "operatingExpenses": "1801000000", "investmentIncomeNet": "None", "netInterestIncome": "None", "interestIncome": "None", "interestExpense": "127000000", "nonInterestIncome": "None", "otherNonOperatingIncome": "746000000", "depreciation": "None", "depreciationAndAmortization": "337000000", "incomeBeforeTax": "2918000000", "incomeTaxExpense": "602000000", "interestAndDebtExpense": "None", "netIncomeFromContinuingOperations": "2316000000", "comprehensiveIncomeNetOfTax": "None", "ebit": "3045000000", "ebitda": "3382000000", "netIncome": "2240000000"}, {"fiscalDateEnding": "2018-09-30", "reportedCurrency": "USD", "grossProfit": "3057000000", "totalRevenue": "29788000000", "costOfRevenue": "26731000000", "costofGoodsAndServicesSold": "26731000000", "operatingIncome": "1302000000", "sellingGeneralAndAdministrative": "440000000", "researchAndDevelopment": "0", "operatingExpenses": "1755000000", "investmentIncomeNet": "None", "netInterestIncome": "None", "interestIncome": "None", "interestExpense": "130000000", "nonInterestIncome": "None", "otherNonOperatingIncome": "804000000", "depreciation": "None", "depreciationAndAmortization": "346000000", "incomeBeforeTax": "1975000000", "incomeTaxExpense": "407000000", "interestAndDebtExpense": "None", "netIncomeFromContinuingOperations": "1568000000", "comprehensiveIncomeNetOfTax": "None", "ebit": "2105000000", "ebitda": "2451000000", "netIncome": "1492000000"}, {"fiscalDateEnding": "2018-06-30", "reportedCurrency": "USD", "grossProfit": "2896000000", "totalRevenue": "28980000000", "costOfRevenue": "26084000000", "costofGoodsAndServicesSold": "26084000000", "operatingIncome": "1212000000", "sellingGeneralAndAdministrative": "432000000", "researchAndDevelopment": "0", "operatingExpenses": "1684000000", "investmentIncomeNet": "None", "netInterestIncome": "None", "interestIncome": "None", "interestExpense": "141000000", "nonInterestIncome": "None", "otherNonOperatingIncome": "770000000", "depreciation": "None", "depreciationAndAmortization": "337000000", "incomeBeforeTax": "1835000000", "incomeTaxExpense": "431000000", "interestAndDebtExpense": "None", "netIncomeFromContinuingOperations": "1404000000", "comprehensiveIncomeNetOfTax": "None", "ebit": "1976000000", "ebitda": "2313000000", "netIncome": "1339000000"}, {"fiscalDateEnding": "2018-03-31", "reportedCurrency": "USD", "grossProfit": "2121000000", "totalRevenue": "23595000000", "costOfRevenue": "21474000000", "costofGoodsAndServicesSold": "21474000000", "operatingIncome": "379000000", "sellingGeneralAndAdministrative": "386000000", "researchAndDevelopment": "0", "operatingExpenses": "1742000000", "investmentIncomeNet": "None", "netInterestIncome": "None", "interestIncome": "None", "interestExpense": "129000000", "nonInterestIncome": "None", "otherNonOperatingIncome": "467000000", "depreciation": "None", "depreciationAndAmortization": "336000000", "incomeBeforeTax": "717000000", "incomeTaxExpense": "132000000", "interestAndDebtExpense": "None", "netIncomeFromContinuingOperations": "585000000", "comprehensiveIncomeNetOfTax": "None", "ebit": "846000000", "ebitda": "1182000000", "netIncome": "524000000"}, {"fiscalDateEnding": "2017-12-31", "reportedCurrency": "USD", "grossProfit": "5486000000", "totalRevenue": "29746000000", "costOfRevenue": "24260000000", "costofGoodsAndServicesSold": "24260000000", "operatingIncome": "397000000", "sellingGeneralAndAdministrative": "437000000", "researchAndDevelopment": "60000000", "operatingExpenses": "5089000000", "investmentIncomeNet": "None", "netInterestIncome": "None", "interestIncome": "None", "interestExpense": "120000000", "nonInterestIncome": "None", "otherNonOperatingIncome": "383000000", "depreciation": "None", "depreciationAndAmortization": "346000000", "incomeBeforeTax": "654000000", "incomeTaxExpense": "-2601000000", "interestAndDebtExpense": "None", "netIncomeFromContinuingOperations": "3255000000", "comprehensiveIncomeNetOfTax": "None", "ebit": "774000000", "ebitda": "1120000000", "netIncome": "3198000000"}, {"fiscalDateEnding": "2017-09-30", "reportedCurrency": "USD", "grossProfit": "5827000000", "totalRevenue": "25627000000", "costOfRevenue": "19800000000", "costofGoodsAndServicesSold": "19800000000", "operatingIncome": "802000000", "sellingGeneralAndAdministrative": "435000000", "researchAndDevelopment": "0", "operatingExpenses": "5025000000", "investmentIncomeNet": "None", "netInterestIncome": "None", "interestIncome": "None", "interestExpense": "117000000", "nonInterestIncome": "None", "otherNonOperatingIncome": "572000000", "depreciation": "None", "depreciationAndAmortization": "337000000", "incomeBeforeTax": "1256000000", "incomeTaxExpense": "407000000", "interestAndDebtExpense": "None", "netIncomeFromContinuingOperations": "849000000", "comprehensiveIncomeNetOfTax": "None", "ebit": "1373000000", "ebitda": "1710000000", "netIncome": "823000000"}, {"fiscalDateEnding": "2017-06-30", "reportedCurrency": "USD", "grossProfit": "5414000000", "totalRevenue": "24087000000", "costOfRevenue": "18673000000", "costofGoodsAndServicesSold": "18673000000", "operatingIncome": "482000000", "sellingGeneralAndAdministrative": "439000000", "researchAndDevelopment": "0", "operatingExpenses": "4932000000", "investmentIncomeNet": "None", "netInterestIncome": "None", "interestIncome": "None", "interestExpense": "113000000", "nonInterestIncome": "None", "otherNonOperatingIncome": "494000000", "depreciation": "None", "depreciationAndAmortization": "320000000", "incomeBeforeTax": "848000000", "incomeTaxExpense": "267000000", "interestAndDebtExpense": "None", "netIncomeFromContinuingOperations": "581000000", "comprehensiveIncomeNetOfTax": "None", "ebit": "961000000", "ebitda": "1281000000", "netIncome": "550000000"}, {"fiscalDateEnding": "2017-03-31", "reportedCurrency": "USD", "grossProfit": "4900000000", "totalRevenue": "22894000000", "costOfRevenue": "17994000000", "costofGoodsAndServicesSold": "17994000000", "operatingIncome": "90000000", "sellingGeneralAndAdministrative": "384000000", "researchAndDevelopment": "0", "operatingExpenses": "4810000000", "investmentIncomeNet": "None", "netInterestIncome": "None", "interestIncome": "None", "interestExpense": "110000000", "nonInterestIncome": "None", "otherNonOperatingIncome": "819000000", "depreciation": "None", "depreciationAndAmortization": "315000000", "incomeBeforeTax": "797000000", "incomeTaxExpense": "234000000", "interestAndDebtExpense": "None", "netIncomeFromContinuingOperations": "563000000", "comprehensiveIncomeNetOfTax": "None", "ebit": "907000000", "ebitda": "1222000000", "netIncome": "535000000"}, {"fiscalDateEnding": "2016-12-31", "reportedCurrency": "USD", "grossProfit": "4713000000", "totalRevenue": "23397000000", "costOfRevenue": "18684000000", "costofGoodsAndServicesSold": "18684000000", "operatingIncome": "-113000000", "sellingGeneralAndAdministrative": "420000000", "researchAndDevelopment": "60000000", "operatingExpenses": "4826000000", "investmentIncomeNet": "None", "netInterestIncome": "None", "interestIncome": "None", "interestExpense": "94000000", "nonInterestIncome": "None", "otherNonOperatingIncome": "270000000", "depreciation": "None", "depreciationAndAmortization": "305000000", "incomeBeforeTax": "62000000", "incomeTaxExpense": "-132000000", "interestAndDebtExpense": "None", "netIncomeFromContinuingOperations": "194000000", "comprehensiveIncomeNetOfTax": "None", "ebit": "156000000", "ebitda": "461000000", "netIncome": "163000000"}, {"fiscalDateEnding": "2016-09-30", "reportedCurrency": "USD", "grossProfit": "5370000000", "totalRevenue": "21624000000", "costOfRevenue": "16254000000", "costofGoodsAndServicesSold": "16254000000", "operatingIncome": "474000000", "sellingGeneralAndAdministrative": "411000000", "researchAndDevelopment": "0", "operatingExpenses": "4896000000", "investmentIncomeNet": "None", "netInterestIncome": "None", "interestIncome": "None", "interestExpense": "86000000", "nonInterestIncome": "None", "otherNonOperatingIncome": "427000000", "depreciation": "None", "depreciationAndAmortization": "293000000", "incomeBeforeTax": "813000000", "incomeTaxExpense": "277000000", "interestAndDebtExpense": "None", "netIncomeFromContinuingOperations": "536000000", "comprehensiveIncomeNetOfTax": "None", "ebit": "899000000", "ebitda": "1192000000", "netIncome": "511000000"}, {"fiscalDateEnding": "2016-06-30", "reportedCurrency": "USD", "grossProfit": "5361000000", "totalRevenue": "21849000000", "costOfRevenue": "16488000000", "costofGoodsAndServicesSold": "16488000000", "operatingIncome": "352000000", "sellingGeneralAndAdministrative": "421000000", "researchAndDevelopment": "0", "operatingExpenses": "5009000000", "investmentIncomeNet": "None", "netInterestIncome": "None", "interestIncome": "None", "interestExpense": "88000000", "nonInterestIncome": "None", "otherNonOperatingIncome": "458000000", "depreciation": "None", "depreciationAndAmortization": "290000000", "incomeBeforeTax": "720000000", "incomeTaxExpense": "204000000", "interestAndDebtExpense": "None", "netIncomeFromContinuingOperations": "516000000", "comprehensiveIncomeNetOfTax": "None", "ebit": "808000000", "ebitda": "1098000000", "netIncome": "496000000"}, {"fiscalDateEnding": "2016-03-31", "reportedCurrency": "USD", "grossProfit": "5199000000", "totalRevenue": "17409000000", "costOfRevenue": "12210000000", "costofGoodsAndServicesSold": "12210000000", "operatingIncome": "329000000", "sellingGeneralAndAdministrative": "386000000", "researchAndDevelopment": "0", "operatingExpenses": "4870000000", "investmentIncomeNet": "None", "netInterestIncome": "None", "interestIncome": "None", "interestExpense": "91000000", "nonInterestIncome": "None", "otherNonOperatingIncome": "358000000", "depreciation": "None", "depreciationAndAmortization": "280000000", "incomeBeforeTax": "596000000", "incomeTaxExpense": "198000000", "interestAndDebtExpense": "None", "netIncomeFromContinuingOperations": "398000000", "comprehensiveIncomeNetOfTax": "None", "ebit": "687000000", "ebitda": "967000000", "netIncome": "385000000"}, {"fiscalDateEnding": "2015-12-31", "reportedCurrency": "USD", "grossProfit": "5741000000", "totalRevenue": "21893000000", "costOfRevenue": "16152000000", "costofGoodsAndServicesSold": "16152000000", "operatingIncome": "778000000", "sellingGeneralAndAdministrative": "433000000", "researchAndDevelopment": "65000000", "operatingExpenses": "4963000000", "investmentIncomeNet": "None", "netInterestIncome": "None", "interestIncome": "None", "interestExpense": "79000000", "nonInterestIncome": "None", "otherNonOperatingIncome": "137000000", "depreciation": "None", "depreciationAndAmortization": "281000000", "incomeBeforeTax": "832000000", "incomeTaxExpense": "166000000", "interestAndDebtExpense": "None", "netIncomeFromContinuingOperations": "666000000", "comprehensiveIncomeNetOfTax": "None", "ebit": "911000000", "ebitda": "1192000000", "netIncome": "650000000"}, {"fiscalDateEnding": "2015-09-30", "reportedCurrency": "USD", "grossProfit": "6942000000", "totalRevenue": "25792000000", "costOfRevenue": "18850000000", "costofGoodsAndServicesSold": "18850000000", "operatingIncome": "1741000000", "sellingGeneralAndAdministrative": "437000000", "researchAndDevelopment": "0", "operatingExpenses": "5130000000", "investmentIncomeNet": "None", "netInterestIncome": "None", "interestIncome": "None", "interestExpense": "76000000", "nonInterestIncome": "None", "otherNonOperatingIncome": "624000000", "depreciation": "None", "depreciationAndAmortization": "270000000", "incomeBeforeTax": "2359000000", "incomeTaxExpense": "767000000", "interestAndDebtExpense": "None", "netIncomeFromContinuingOperations": "1592000000", "comprehensiveIncomeNetOfTax": "None", "ebit": "2435000000", "ebitda": "2705000000", "netIncome": "1578000000"}, {"fiscalDateEnding": "2015-06-30", "reportedCurrency": "USD", "grossProfit": "5985000000", "totalRevenue": "28512000000", "costOfRevenue": "22527000000", "costofGoodsAndServicesSold": "22527000000", "operatingIncome": "987000000", "sellingGeneralAndAdministrative": "406000000", "researchAndDevelopment": "0", "operatingExpenses": "4998000000", "investmentIncomeNet": "None", "netInterestIncome": "None", "interestIncome": "None", "interestExpense": "85000000", "nonInterestIncome": "None", "otherNonOperatingIncome": "565000000", "depreciation": "None", "depreciationAndAmortization": "274000000", "incomeBeforeTax": "1465000000", "incomeTaxExpense": "440000000", "interestAndDebtExpense": "None", "netIncomeFromContinuingOperations": "1025000000", "comprehensiveIncomeNetOfTax": "None", "ebit": "1550000000", "ebitda": "1824000000", "netIncome": "1012000000"}, {"fiscalDateEnding": "2015-03-31", "reportedCurrency": "USD", "grossProfit": "5830000000", "totalRevenue": "22778000000", "costOfRevenue": "16948000000", "costofGoodsAndServicesSold": "16948000000", "operatingIncome": "880000000", "sellingGeneralAndAdministrative": "394000000", "researchAndDevelopment": "0", "operatingExpenses": "4950000000", "investmentIncomeNet": "None", "netInterestIncome": "None", "interestIncome": "None", "interestExpense": "91000000", "nonInterestIncome": "None", "otherNonOperatingIncome": "599000000", "depreciation": "None", "depreciationAndAmortization": "253000000", "incomeBeforeTax": "1388000000", "incomeTaxExpense": "391000000", "interestAndDebtExpense": "None", "netIncomeFromContinuingOperations": "997000000", "comprehensiveIncomeNetOfTax": "None", "ebit": "1479000000", "ebitda": "1732000000", "netIncome": "987000000"}, {"fiscalDateEnding": "2014-12-31", "reportedCurrency": "USD", "grossProfit": "6241000000", "totalRevenue": "34963000000", "costOfRevenue": "28722000000", "costofGoodsAndServicesSold": "28722000000", "operatingIncome": "933000000", "sellingGeneralAndAdministrative": "448000000", "researchAndDevelopment": "62000000", "operatingExpenses": "5308000000", "investmentIncomeNet": "None", "netInterestIncome": "None", "interestIncome": "None", "interestExpense": "79000000", "nonInterestIncome": "None", "otherNonOperatingIncome": "641000000", "depreciation": "None", "depreciationAndAmortization": "273000000", "incomeBeforeTax": "1361000000", "incomeTaxExpense": "203000000", "interestAndDebtExpense": "None", "netIncomeFromContinuingOperations": "1158000000", "comprehensiveIncomeNetOfTax": "None", "ebit": "1440000000", "ebitda": "1713000000", "netIncome": "1147000000"}, {"fiscalDateEnding": "2014-09-30", "reportedCurrency": "USD", "grossProfit": "6566000000", "totalRevenue": "40417000000", "costOfRevenue": "33851000000", "costofGoodsAndServicesSold": "33851000000", "operatingIncome": "1187000000", "sellingGeneralAndAdministrative": "401000000", "researchAndDevelopment": "0", "operatingExpenses": "5379000000", "investmentIncomeNet": "None", "netInterestIncome": "None", "interestIncome": "None", "interestExpense": "66000000", "nonInterestIncome": "None", "otherNonOperatingIncome": "618000000", "depreciation": "None", "depreciationAndAmortization": "249000000", "incomeBeforeTax": "1727000000", "incomeTaxExpense": "538000000", "interestAndDebtExpense": "None", "netIncomeFromContinuingOperations": "1189000000", "comprehensiveIncomeNetOfTax": "None", "ebit": "1793000000", "ebitda": "2042000000", "netIncome": "1180000000"}, {"fiscalDateEnding": "2014-06-30", "reportedCurrency": "USD", "grossProfit": "5994000000", "totalRevenue": "45549000000", "costOfRevenue": "39555000000", "costofGoodsAndServicesSold": "39555000000", "operatingIncome": "673000000", "sellingGeneralAndAdministrative": "412000000", "researchAndDevelopment": "0", "operatingExpenses": "5321000000", "investmentIncomeNet": "None", "netInterestIncome": "None", "interestIncome": "None", "interestExpense": "72000000", "nonInterestIncome": "None", "otherNonOperatingIncome": "761000000", "depreciation": "None", "depreciationAndAmortization": "239000000", "incomeBeforeTax": "1359000000", "incomeTaxExpense": "487000000", "interestAndDebtExpense": "None", "netIncomeFromContinuingOperations": "872000000", "comprehensiveIncomeNetOfTax": "None", "ebit": "1431000000", "ebitda": "1670000000", "netIncome": "863000000"}, {"fiscalDateEnding": "2014-03-31", "reportedCurrency": "USD", "grossProfit": "5668000000", "totalRevenue": "40283000000", "costOfRevenue": "34615000000", "costofGoodsAndServicesSold": "34615000000", "operatingIncome": "538000000", "sellingGeneralAndAdministrative": "402000000", "researchAndDevelopment": "0", "operatingExpenses": "5130000000", "investmentIncomeNet": "None", "netInterestIncome": "None", "interestIncome": "None", "interestExpense": "74000000", "nonInterestIncome": "None", "otherNonOperatingIncome": "835000000", "depreciation": "None", "depreciationAndAmortization": "234000000", "incomeBeforeTax": "1298000000", "incomeTaxExpense": "426000000", "interestAndDebtExpense": "None", "netIncomeFromContinuingOperations": "872000000", "comprehensiveIncomeNetOfTax": "None", "ebit": "1372000000", "ebitda": "1606000000", "netIncome": "1572000000"}, {"fiscalDateEnding": "2013-12-31", "reportedCurrency": "USD", "grossProfit": "5778000000", "totalRevenue": "43049000000", "costOfRevenue": "37271000000", "costofGoodsAndServicesSold": "37271000000", "operatingIncome": "404000000", "sellingGeneralAndAdministrative": "418000000", "researchAndDevelopment": "57000", "operatingExpenses": "5308000000", "investmentIncomeNet": "None", "netInterestIncome": "None", "interestIncome": "None", "interestExpense": "74000000", "nonInterestIncome": "None", "otherNonOperatingIncome": "818000000", "depreciation": "None", "depreciationAndAmortization": "243000000", "incomeBeforeTax": "1211000000", "incomeTaxExpense": "396000000", "interestAndDebtExpense": "None", "netIncomeFromContinuingOperations": "772000000", "comprehensiveIncomeNetOfTax": "None", "ebit": "1211000000", "ebitda": "1454000000", "netIncome": "826000000"}, {"fiscalDateEnding": "2013-09-30", "reportedCurrency": "USD", "grossProfit": "5219000000", "totalRevenue": "44201000000", "costOfRevenue": "38982000000", "costofGoodsAndServicesSold": "38982000000", "operatingIncome": "247000000", "sellingGeneralAndAdministrative": "354000000", "researchAndDevelopment": "0", "operatingExpenses": "4972000000", "investmentIncomeNet": "None", "netInterestIncome": "None", "interestIncome": "None", "interestExpense": "74000000", "nonInterestIncome": "None", "otherNonOperatingIncome": "647000000", "depreciation": "None", "depreciationAndAmortization": "236000000", "incomeBeforeTax": "826000000", "incomeTaxExpense": "286000000", "interestAndDebtExpense": "None", "netIncomeFromContinuingOperations": "540000000", "comprehensiveIncomeNetOfTax": "None", "ebit": "875000000", "ebitda": "1111000000", "netIncome": "535000000"}, {"fiscalDateEnding": "2013-06-30", "reportedCurrency": "USD", "grossProfit": "5732000000", "totalRevenue": "43240000000", "costOfRevenue": "37508000000", "costofGoodsAndServicesSold": "37508000000", "operatingIncome": "823000000", "sellingGeneralAndAdministrative": "374000000", "researchAndDevelopment": "0", "operatingExpenses": "4909000000", "investmentIncomeNet": "None", "netInterestIncome": "None", "interestIncome": "None", "interestExpense": "75000000", "nonInterestIncome": "None", "otherNonOperatingIncome": "727000000", "depreciation": "None", "depreciationAndAmortization": "231000000", "incomeBeforeTax": "1474000000", "incomeTaxExpense": "514000000", "interestAndDebtExpense": "None", "netIncomeFromContinuingOperations": "960000000", "comprehensiveIncomeNetOfTax": "None", "ebit": "1526000000", "ebitda": "1757000000", "netIncome": "958000000"}, {"fiscalDateEnding": "2013-03-31", "reportedCurrency": "USD", "grossProfit": "5754000000", "totalRevenue": "41263000000", "costOfRevenue": "35509000000", "costofGoodsAndServicesSold": "35509000000", "operatingIncome": "1120000000", "sellingGeneralAndAdministrative": "332000000", "researchAndDevelopment": "0", "operatingExpenses": "4634000000", "investmentIncomeNet": "None", "netInterestIncome": "None", "interestIncome": "None", "interestExpense": "76000000", "nonInterestIncome": "None", "otherNonOperatingIncome": "1061000000", "depreciation": "None", "depreciationAndAmortization": "245000000", "incomeBeforeTax": "2081000000", "incomeTaxExpense": "671000000", "interestAndDebtExpense": "None", "netIncomeFromContinuingOperations": "1410000000", "comprehensiveIncomeNetOfTax": "None", "ebit": "2148000000", "ebitda": "2393000000", "netIncome": "1407000000"}, {"fiscalDateEnding": "2012-12-31", "reportedCurrency": "USD", "grossProfit": "6173000000", "totalRevenue": "43985000000", "costOfRevenue": "37812000000", "costofGoodsAndServicesSold": "37812000000", "operatingIncome": "951000000", "sellingGeneralAndAdministrative": "461000000", "researchAndDevelopment": "70000000", "operatingExpenses": "4969000000", "investmentIncomeNet": "None", "netInterestIncome": "None", "interestIncome": "None", "interestExpense": "83000000", "nonInterestIncome": "None", "otherNonOperatingIncome": "690000000", "depreciation": "None", "depreciationAndAmortization": "244000000", "incomeBeforeTax": "1219000000", "incomeTaxExpense": "509000000", "interestAndDebtExpense": "None", "netIncomeFromContinuingOperations": "705000000", "comprehensiveIncomeNetOfTax": "None", "ebit": "1320000000", "ebitda": "1564000000", "netIncome": "708000000"}, {"fiscalDateEnding": "2012-09-30", "reportedCurrency": "USD", "grossProfit": "5875000000", "totalRevenue": "42948000000", "costOfRevenue": "37073000000", "costofGoodsAndServicesSold": "37073000000", "operatingIncome": "1797000000", "sellingGeneralAndAdministrative": "432000000", "researchAndDevelopment": "0", "operatingExpenses": "4078000000", "investmentIncomeNet": "None", "netInterestIncome": "None", "interestIncome": "None", "interestExpense": "74000000", "nonInterestIncome": "None", "otherNonOperatingIncome": "977000000", "depreciation": "None", "depreciationAndAmortization": "229000000", "incomeBeforeTax": "2449000000", "incomeTaxExpense": "848000000", "interestAndDebtExpense": "None", "netIncomeFromContinuingOperations": "1601000000", "comprehensiveIncomeNetOfTax": "None", "ebit": "2530000000", "ebitda": "2759000000", "netIncome": "1599000000"}, {"fiscalDateEnding": "2012-06-30", "reportedCurrency": "USD", "grossProfit": "5630000000", "totalRevenue": "47012000000", "costOfRevenue": "41382000000", "costofGoodsAndServicesSold": "41382000000", "operatingIncome": "1445000000", "sellingGeneralAndAdministrative": "480000000", "researchAndDevelopment": "0", "operatingExpenses": "4185000000", "investmentIncomeNet": "None", "netInterestIncome": "None", "interestIncome": "None", "interestExpense": "83000000", "nonInterestIncome": "None", "otherNonOperatingIncome": "1072000000", "depreciation": "None", "depreciationAndAmortization": "224000000", "incomeBeforeTax": "1894000000", "incomeTaxExpense": "712000000", "interestAndDebtExpense": "None", "netIncomeFromContinuingOperations": "1182000000", "comprehensiveIncomeNetOfTax": "None", "ebit": "1983000000", "ebitda": "2207000000", "netIncome": "1181000000"}, {"fiscalDateEnding": "2012-03-31", "reportedCurrency": "USD", "grossProfit": "4366000000", "totalRevenue": "45786000000", "costOfRevenue": "41420000000", "costofGoodsAndServicesSold": "41420000000", "operatingIncome": "376000000", "sellingGeneralAndAdministrative": "349000000", "researchAndDevelopment": "0", "operatingExpenses": "3990000000", "investmentIncomeNet": "None", "netInterestIncome": "None", "interestIncome": "None", "interestExpense": "13000000", "nonInterestIncome": "None", "otherNonOperatingIncome": "752000000", "depreciation": "None", "depreciationAndAmortization": "216000000", "incomeBeforeTax": "1069000000", "incomeTaxExpense": "431000000", "interestAndDebtExpense": "None", "netIncomeFromContinuingOperations": "643000000", "comprehensiveIncomeNetOfTax": "None", "ebit": "1087000000", "ebitda": "1303000000", "netIncome": "636000000"}, {"fiscalDateEnding": "2011-12-31", "reportedCurrency": "USD", "grossProfit": "5966000000", "totalRevenue": "49935000000", "costOfRevenue": "43969000000", "costofGoodsAndServicesSold": "43969000000", "operatingIncome": "1850000000", "sellingGeneralAndAdministrative": "367000000", "researchAndDevelopment": "74000000", "operatingExpenses": "4116000000", "investmentIncomeNet": "None", "netInterestIncome": "None", "interestIncome": "None", "interestExpense": "6000000", "nonInterestIncome": "None", "otherNonOperatingIncome": "None", "depreciation": "None", "depreciationAndAmortization": "241000000", "incomeBeforeTax": "2351000000", "incomeTaxExpense": "339000000", "interestAndDebtExpense": "None", "netIncomeFromContinuingOperations": "0", "comprehensiveIncomeNetOfTax": "None", "ebit": "2357000000", "ebitda": "2598000000", "netIncome": "2011000000"}, {"fiscalDateEnding": "2011-09-30", "reportedCurrency": "USD", "grossProfit": "5475000000", "totalRevenue": "50407000000", "costOfRevenue": "44932000000", "costofGoodsAndServicesSold": "44932000000", "operatingIncome": "1202000000", "sellingGeneralAndAdministrative": "372000000", "researchAndDevelopment": "0", "operatingExpenses": "4273000000", "investmentIncomeNet": "None", "netInterestIncome": "None", "interestIncome": "None", "interestExpense": "4000000", "nonInterestIncome": "None", "otherNonOperatingIncome": "None", "depreciation": "None", "depreciationAndAmortization": "222000000", "incomeBeforeTax": "1550000000", "incomeTaxExpense": "499000000", "interestAndDebtExpense": "None", "netIncomeFromContinuingOperations": "0", "comprehensiveIncomeNetOfTax": "None", "ebit": "1554000000", "ebitda": "1776000000", "netIncome": "1049000000"}, {"fiscalDateEnding": "2011-06-30", "reportedCurrency": "USD", "grossProfit": "5028000000", "totalRevenue": "52646000000", "costOfRevenue": "47618000000", "costofGoodsAndServicesSold": "47618000000", "operatingIncome": "818000000", "sellingGeneralAndAdministrative": "347000000", "researchAndDevelopment": "0", "operatingExpenses": "4210000000", "investmentIncomeNet": "None", "netInterestIncome": "None", "interestIncome": "None", "interestExpense": "3000000", "nonInterestIncome": "None", "otherNonOperatingIncome": "None", "depreciation": "None", "depreciationAndAmortization": "226000000", "incomeBeforeTax": "1628000000", "incomeTaxExpense": "588000000", "interestAndDebtExpense": "None", "netIncomeFromContinuingOperations": "0", "comprehensiveIncomeNetOfTax": "None", "ebit": "1631000000", "ebitda": "1857000000", "netIncome": "1039000000"}, {"fiscalDateEnding": "2011-03-31", "reportedCurrency": "USD", "grossProfit": "4393000000", "totalRevenue": "44783000000", "costOfRevenue": "40390000000", "costofGoodsAndServicesSold": "40390000000", "operatingIncome": "366000000", "sellingGeneralAndAdministrative": "323000000", "researchAndDevelopment": "0", "operatingExpenses": "4027000000", "investmentIncomeNet": "None", "netInterestIncome": "None", "interestIncome": "None", "interestExpense": "4000000", "nonInterestIncome": "None", "otherNonOperatingIncome": "None", "depreciation": "None", "depreciationAndAmortization": "219000000", "incomeBeforeTax": "1095000000", "incomeTaxExpense": "418000000", "interestAndDebtExpense": "None", "netIncomeFromContinuingOperations": "0", "comprehensiveIncomeNetOfTax": "None", "ebit": "1099000000", "ebitda": "1318000000", "netIncome": "676000000"}, {"fiscalDateEnding": "2010-12-31", "reportedCurrency": "USD", "grossProfit": "4092000000", "totalRevenue": "41113000000", "costOfRevenue": "37021000000", "costofGoodsAndServicesSold": "37021000000", "operatingIncome": "-106000000", "sellingGeneralAndAdministrative": "1384000000", "researchAndDevelopment": "56000000", "operatingExpenses": "4198000000", "investmentIncomeNet": "None", "netInterestIncome": "None", "interestIncome": "None", "interestExpense": "1000000", "nonInterestIncome": "None", "otherNonOperatingIncome": "None", "depreciation": "None", "depreciationAndAmortization": "220000000", "incomeBeforeTax": "445000000", "incomeTaxExpense": "157000000", "interestAndDebtExpense": "None", "netIncomeFromContinuingOperations": "0", "comprehensiveIncomeNetOfTax": "None", "ebit": "446000000", "ebitda": "666000000", "netIncome": "287000000"}]}