{"symbol": "CMCSA", "annualReports": [{"fiscalDateEnding": "2024-12-31", "reportedCurrency": "USD", "grossProfit": "86705000000", "totalRevenue": "123731000000", "costOfRevenue": "37026000000", "costofGoodsAndServicesSold": "37026000000", "operatingIncome": "23297000000", "sellingGeneralAndAdministrative": "40533000000", "researchAndDevelopment": "None", "operatingExpenses": "63408000000", "investmentIncomeNet": "None", "netInterestIncome": "-4134000000", "interestIncome": "None", "interestExpense": "4134000000", "nonInterestIncome": "None", "otherNonOperatingIncome": "None", "depreciation": "None", "depreciationAndAmortization": "14801000000", "incomeBeforeTax": "18673000000", "incomeTaxExpense": "-2796000000", "interestAndDebtExpense": "None", "netIncomeFromContinuingOperations": "15877000000", "comprehensiveIncomeNetOfTax": "None", "ebit": "14539000000", "ebitda": "29340000000", "netIncome": "16192000000"}, {"fiscalDateEnding": "2023-12-31", "reportedCurrency": "USD", "grossProfit": "84810000000", "totalRevenue": "121572000000", "costOfRevenue": "36762000000", "costofGoodsAndServicesSold": "36762000000", "operatingIncome": "23314000000", "sellingGeneralAndAdministrative": "39190000000", "researchAndDevelopment": "None", "operatingExpenses": "61496000000", "investmentIncomeNet": "None", "netInterestIncome": "-4042000000", "interestIncome": "None", "interestExpense": "4087000000", "nonInterestIncome": "None", "otherNonOperatingIncome": "None", "depreciation": "None", "depreciationAndAmortization": "14336000000", "incomeBeforeTax": "20478000000", "incomeTaxExpense": "5371000000", "interestAndDebtExpense": "None", "netIncomeFromContinuingOperations": "14826000000", "comprehensiveIncomeNetOfTax": "None", "ebit": "24565000000", "ebitda": "38901000000", "netIncome": "15388000000"}, {"fiscalDateEnding": "2022-12-31", "reportedCurrency": "USD", "grossProfit": "83214000000", "totalRevenue": "121427000000", "costOfRevenue": "38213000000", "costofGoodsAndServicesSold": "38213000000", "operatingIncome": "22083000000", "sellingGeneralAndAdministrative": "38263000000", "researchAndDevelopment": "None", "operatingExpenses": "60590000000", "investmentIncomeNet": "None", "netInterestIncome": "-3896000000", "interestIncome": "None", "interestExpense": "3896000000", "nonInterestIncome": "None", "otherNonOperatingIncome": "-861000000", "depreciation": "None", "depreciationAndAmortization": "13821000000", "incomeBeforeTax": "9284000000", "incomeTaxExpense": "4359000000", "interestAndDebtExpense": "None", "netIncomeFromContinuingOperations": "4925000000", "comprehensiveIncomeNetOfTax": "None", "ebit": "22624000000", "ebitda": "36445000000", "netIncome": "5370000000"}, {"fiscalDateEnding": "2021-12-31", "reportedCurrency": "USD", "grossProfit": "77935000000", "totalRevenue": "116385000000", "costOfRevenue": "38450000000", "costofGoodsAndServicesSold": "38450000000", "operatingIncome": "20817000000", "sellingGeneralAndAdministrative": "35619000000", "researchAndDevelopment": "None", "operatingExpenses": "57118000000", "investmentIncomeNet": "None", "netInterestIncome": "-4281000000", "interestIncome": "None", "interestExpense": "4281000000", "nonInterestIncome": "None", "otherNonOperatingIncome": "2557000000", "depreciation": "None", "depreciationAndAmortization": "13804000000", "incomeBeforeTax": "19093000000", "incomeTaxExpense": "5259000000", "interestAndDebtExpense": "None", "netIncomeFromContinuingOperations": "13834000000", "comprehensiveIncomeNetOfTax": "None", "ebit": "20817000000", "ebitda": "34621000000", "netIncome": "14159000000"}, {"fiscalDateEnding": "2020-12-31", "reportedCurrency": "USD", "grossProfit": "70443000000", "totalRevenue": "103564000000", "costOfRevenue": "33121000000", "costofGoodsAndServicesSold": "33121000000", "operatingIncome": "17493000000", "sellingGeneralAndAdministrative": "33109000000", "researchAndDevelopment": "None", "operatingExpenses": "52950000000", "investmentIncomeNet": "None", "netInterestIncome": "-4588000000", "interestIncome": "None", "interestExpense": "4588000000", "nonInterestIncome": "None", "otherNonOperatingIncome": "1160000000", "depreciation": "None", "depreciationAndAmortization": "13100000000", "incomeBeforeTax": "14065000000", "incomeTaxExpense": "3364000000", "interestAndDebtExpense": "None", "netIncomeFromContinuingOperations": "10701000000", "comprehensiveIncomeNetOfTax": "None", "ebit": "17493000000", "ebitda": "30593000000", "netIncome": "10534000000"}, {"fiscalDateEnding": "2019-12-31", "reportedCurrency": "USD", "grossProfit": "74502000000", "totalRevenue": "108942000000", "costOfRevenue": "34440000000", "costofGoodsAndServicesSold": "34440000000", "operatingIncome": "21125000000", "sellingGeneralAndAdministrative": "32807000000", "researchAndDevelopment": "None", "operatingExpenses": "53377000000", "investmentIncomeNet": "None", "netInterestIncome": "-4567000000", "interestIncome": "4416000000", "interestExpense": "4567000000", "nonInterestIncome": "None", "otherNonOperatingIncome": "438000000", "depreciation": "None", "depreciationAndAmortization": "12953000000", "incomeBeforeTax": "16996000000", "incomeTaxExpense": "3673000000", "interestAndDebtExpense": "None", "netIncomeFromContinuingOperations": "13323000000", "comprehensiveIncomeNetOfTax": "None", "ebit": "21125000000", "ebitda": "34078000000", "netIncome": "13057000000"}, {"fiscalDateEnding": "2018-12-31", "reportedCurrency": "USD", "grossProfit": "64815000000", "totalRevenue": "94507000000", "costOfRevenue": "29692000000", "costofGoodsAndServicesSold": "29692000000", "operatingIncome": "19009000000", "sellingGeneralAndAdministrative": "28094000000", "researchAndDevelopment": "0", "operatingExpenses": "45806000000", "investmentIncomeNet": "None", "netInterestIncome": "-3542000000", "interestIncome": "4093000000", "interestExpense": "3542000000", "nonInterestIncome": "None", "otherNonOperatingIncome": "-225000000", "depreciation": "None", "depreciationAndAmortization": "11017000000", "incomeBeforeTax": "15242000000", "incomeTaxExpense": "3380000000", "interestAndDebtExpense": "None", "netIncomeFromContinuingOperations": "11862000000", "comprehensiveIncomeNetOfTax": "None", "ebit": "19148000000", "ebitda": "30165000000", "netIncome": "11731000000"}, {"fiscalDateEnding": "2017-12-31", "reportedCurrency": "USD", "grossProfit": "59142000000", "totalRevenue": "84526000000", "costOfRevenue": "25384000000", "costofGoodsAndServicesSold": "25384000000", "operatingIncome": "17987000000", "sellingGeneralAndAdministrative": "25013000000", "researchAndDevelopment": "0", "operatingExpenses": "41155000000", "investmentIncomeNet": "None", "netInterestIncome": "-3086000000", "interestIncome": "2996000000", "interestExpense": "3086000000", "nonInterestIncome": "None", "otherNonOperatingIncome": "421000000", "depreciation": "None", "depreciationAndAmortization": "10130000000", "incomeBeforeTax": "15322000000", "incomeTaxExpense": "-7578000000", "interestAndDebtExpense": "None", "netIncomeFromContinuingOperations": "22900000000", "comprehensiveIncomeNetOfTax": "None", "ebit": "17576000000", "ebitda": "27706000000", "netIncome": "22714000000"}, {"fiscalDateEnding": "2016-12-31", "reportedCurrency": "USD", "grossProfit": "55940000000", "totalRevenue": "80403000000", "costOfRevenue": "24463000000", "costofGoodsAndServicesSold": "24463000000", "operatingIncome": "16859000000", "sellingGeneralAndAdministrative": "23409000000", "researchAndDevelopment": "0", "operatingExpenses": "39081000000", "investmentIncomeNet": "None", "netInterestIncome": "-2942000000", "interestIncome": "3034000000", "interestExpense": "2942000000", "nonInterestIncome": "None", "otherNonOperatingIncome": "436000000", "depreciation": "None", "depreciationAndAmortization": "9558000000", "incomeBeforeTax": "14353000000", "incomeTaxExpense": "5308000000", "interestAndDebtExpense": "None", "netIncomeFromContinuingOperations": "9045000000", "comprehensiveIncomeNetOfTax": "None", "ebit": "17295000000", "ebitda": "26853000000", "netIncome": "8695000000"}, {"fiscalDateEnding": "2015-12-31", "reportedCurrency": "USD", "grossProfit": "51960000000", "totalRevenue": "74510000000", "costOfRevenue": "22550000000", "costofGoodsAndServicesSold": "22550000000", "operatingIncome": "15998000000", "sellingGeneralAndAdministrative": "21339000000", "researchAndDevelopment": "0", "operatingExpenses": "35962000000", "investmentIncomeNet": "None", "netInterestIncome": "None", "interestIncome": "2900000000", "interestExpense": "2702000000", "nonInterestIncome": "None", "otherNonOperatingIncome": "76000000", "depreciation": "None", "depreciationAndAmortization": "8680000000", "incomeBeforeTax": "13372000000", "incomeTaxExpense": "4959000000", "interestAndDebtExpense": "None", "netIncomeFromContinuingOperations": "8413000000", "comprehensiveIncomeNetOfTax": "None", "ebit": "15998000000", "ebitda": "24678000000", "netIncome": "8163000000"}, {"fiscalDateEnding": "2014-12-31", "reportedCurrency": "USD", "grossProfit": "47863000000", "totalRevenue": "68775000000", "costOfRevenue": "20912000000", "costofGoodsAndServicesSold": "20912000000", "operatingIncome": "14904000000", "sellingGeneralAndAdministrative": "19862000000", "researchAndDevelopment": "0", "operatingExpenses": "32959000000", "investmentIncomeNet": "None", "netInterestIncome": "None", "interestIncome": "None", "interestExpense": "2617000000", "nonInterestIncome": "None", "otherNonOperatingIncome": "178000000", "depreciation": "None", "depreciationAndAmortization": "8019000000", "incomeBeforeTax": "12465000000", "incomeTaxExpense": "3873000000", "interestAndDebtExpense": "None", "netIncomeFromContinuingOperations": "8592000000", "comprehensiveIncomeNetOfTax": "None", "ebit": "15141000000", "ebitda": "23160000000", "netIncome": "8380000000"}, {"fiscalDateEnding": "2013-12-31", "reportedCurrency": "USD", "grossProfit": "44987000000", "totalRevenue": "64657000000", "costOfRevenue": "19670000000", "costofGoodsAndServicesSold": "19670000000", "operatingIncome": "13563000000", "sellingGeneralAndAdministrative": "18584000000", "researchAndDevelopment": "0", "operatingExpenses": "31424000000", "investmentIncomeNet": "None", "netInterestIncome": "None", "interestIncome": "None", "interestExpense": "2574000000", "nonInterestIncome": "None", "otherNonOperatingIncome": "None", "depreciation": "None", "depreciationAndAmortization": "16120000000", "incomeBeforeTax": "11115000000", "incomeTaxExpense": "3980000000", "interestAndDebtExpense": "None", "netIncomeFromContinuingOperations": "None", "comprehensiveIncomeNetOfTax": "None", "ebit": "13689000000", "ebitda": "29809000000", "netIncome": "6816000000"}, {"fiscalDateEnding": "2012-12-31", "reportedCurrency": "USD", "grossProfit": "42641000000", "totalRevenue": "62570000000", "costOfRevenue": "19929000000", "costofGoodsAndServicesSold": "19929000000", "operatingIncome": "12179000000", "sellingGeneralAndAdministrative": "17857000000", "researchAndDevelopment": "0", "operatingExpenses": "30462000000", "investmentIncomeNet": "None", "netInterestIncome": "None", "interestIncome": "None", "interestExpense": "2521000000", "nonInterestIncome": "None", "otherNonOperatingIncome": "1951000000", "depreciation": "None", "depreciationAndAmortization": "17252000000", "incomeBeforeTax": "11609000000", "incomeTaxExpense": "3744000000", "interestAndDebtExpense": "None", "netIncomeFromContinuingOperations": "7865000000", "comprehensiveIncomeNetOfTax": "None", "ebit": "4676000000", "ebitda": "21928000000", "netIncome": "6203000000"}, {"fiscalDateEnding": "2011-12-31", "reportedCurrency": "USD", "grossProfit": "18357000000", "totalRevenue": "55842000000", "costOfRevenue": "37485000000", "costofGoodsAndServicesSold": "37485000000", "operatingIncome": "10721000000", "sellingGeneralAndAdministrative": "12487000000", "researchAndDevelopment": "0", "operatingExpenses": "7636000000", "investmentIncomeNet": "None", "netInterestIncome": "None", "interestIncome": "None", "interestExpense": "2505000000", "nonInterestIncome": "None", "otherNonOperatingIncome": "None", "depreciation": "None", "depreciationAndAmortization": "7636000000", "incomeBeforeTax": "8207000000", "incomeTaxExpense": "3050000000", "interestAndDebtExpense": "None", "netIncomeFromContinuingOperations": "None", "comprehensiveIncomeNetOfTax": "None", "ebit": "17499000000", "ebitda": "25135000000", "netIncome": "4160000000"}, {"fiscalDateEnding": "2010-12-31", "reportedCurrency": "USD", "grossProfit": "22687000000", "totalRevenue": "37937000000", "costOfRevenue": "15250000000", "costofGoodsAndServicesSold": "15250000000", "operatingIncome": "7980000000", "sellingGeneralAndAdministrative": "8091000000", "researchAndDevelopment": "0", "operatingExpenses": "14707000000", "investmentIncomeNet": "None", "netInterestIncome": "None", "interestIncome": "None", "interestExpense": "2156000000", "nonInterestIncome": "None", "otherNonOperatingIncome": "280000000", "depreciation": "None", "depreciationAndAmortization": "6616000000", "incomeBeforeTax": "6104000000", "incomeTaxExpense": "2436000000", "interestAndDebtExpense": "None", "netIncomeFromContinuingOperations": "3668000000", "comprehensiveIncomeNetOfTax": "None", "ebit": "8260000000", "ebitda": "14876000000", "netIncome": "3635000000"}, {"fiscalDateEnding": "2009-12-31", "reportedCurrency": "USD", "grossProfit": "13714000000", "totalRevenue": "35756000000", "costOfRevenue": "22042000000", "costofGoodsAndServicesSold": "22042000000", "operatingIncome": "7214000000", "sellingGeneralAndAdministrative": "7646000000", "researchAndDevelopment": "0", "operatingExpenses": "6500000000", "investmentIncomeNet": "None", "netInterestIncome": "None", "interestIncome": "None", "interestExpense": "2348000000", "nonInterestIncome": "None", "otherNonOperatingIncome": "None", "depreciation": "None", "depreciationAndAmortization": "6500000000", "incomeBeforeTax": "5106000000", "incomeTaxExpense": "1478000000", "interestAndDebtExpense": "None", "netIncomeFromContinuingOperations": "None", "comprehensiveIncomeNetOfTax": "None", "ebit": "7454000000", "ebitda": "13954000000", "netIncome": "3638000000"}, {"fiscalDateEnding": "2008-12-31", "reportedCurrency": "USD", "grossProfit": "20784000000", "totalRevenue": "34256000000", "costOfRevenue": "13472000000", "costofGoodsAndServicesSold": "13472000000", "operatingIncome": "6732000000", "sellingGeneralAndAdministrative": "7652000000", "researchAndDevelopment": "None", "operatingExpenses": "27524000000", "investmentIncomeNet": "None", "netInterestIncome": "None", "interestIncome": "None", "interestExpense": "2439000000", "nonInterestIncome": "None", "otherNonOperatingIncome": "None", "depreciation": "None", "depreciationAndAmortization": "6400000000", "incomeBeforeTax": "4058000000", "incomeTaxExpense": "1533000000", "interestAndDebtExpense": "None", "netIncomeFromContinuingOperations": "None", "comprehensiveIncomeNetOfTax": "None", "ebit": "6497000000", "ebitda": "12897000000", "netIncome": "2547000000"}, {"fiscalDateEnding": "2007-12-31", "reportedCurrency": "USD", "grossProfit": "19720000000", "totalRevenue": "30895000000", "costOfRevenue": "11175000000", "costofGoodsAndServicesSold": "11175000000", "operatingIncome": "5578000000", "sellingGeneralAndAdministrative": "7934000000", "researchAndDevelopment": "None", "operatingExpenses": "14142000000", "investmentIncomeNet": "None", "netInterestIncome": "None", "interestIncome": "None", "interestExpense": "2289000000", "nonInterestIncome": "None", "otherNonOperatingIncome": "None", "depreciation": "None", "depreciationAndAmortization": "6208000000", "incomeBeforeTax": "4349000000", "incomeTaxExpense": "1800000000", "interestAndDebtExpense": "None", "netIncomeFromContinuingOperations": "None", "comprehensiveIncomeNetOfTax": "None", "ebit": "5578000000", "ebitda": "11786000000", "netIncome": "2587000000"}, {"fiscalDateEnding": "2006-12-31", "reportedCurrency": "USD", "grossProfit": "15956000000", "totalRevenue": "24966000000", "costOfRevenue": "9010000000", "costofGoodsAndServicesSold": "9010000000", "operatingIncome": "4619000000", "sellingGeneralAndAdministrative": "6514000000", "researchAndDevelopment": "None", "operatingExpenses": "11337000000", "investmentIncomeNet": "None", "netInterestIncome": "None", "interestIncome": "None", "interestExpense": "2064000000", "nonInterestIncome": "None", "otherNonOperatingIncome": "None", "depreciation": "None", "depreciationAndAmortization": "4962000000", "incomeBeforeTax": "3594000000", "incomeTaxExpense": "1347000000", "interestAndDebtExpense": "None", "netIncomeFromContinuingOperations": "None", "comprehensiveIncomeNetOfTax": "None", "ebit": "5519000000", "ebitda": "10481000000", "netIncome": "2533000000"}, {"fiscalDateEnding": "2005-12-31", "reportedCurrency": "USD", "grossProfit": "14286000000", "totalRevenue": "22255000000", "costOfRevenue": "7969000000", "costofGoodsAndServicesSold": "7969000000", "operatingIncome": "3690000000", "sellingGeneralAndAdministrative": "5793000000", "researchAndDevelopment": "None", "operatingExpenses": "10596000000", "investmentIncomeNet": "None", "netInterestIncome": "None", "interestIncome": "None", "interestExpense": "1796000000", "nonInterestIncome": "None", "otherNonOperatingIncome": "None", "depreciation": "None", "depreciationAndAmortization": "4803000000", "incomeBeforeTax": "1880000000", "incomeTaxExpense": "933000000", "interestAndDebtExpense": "None", "netIncomeFromContinuingOperations": "None", "comprehensiveIncomeNetOfTax": "None", "ebit": "3522000000", "ebitda": "8325000000", "netIncome": "928000000"}], "quarterlyReports": [{"fiscalDateEnding": "2024-12-31", "reportedCurrency": "USD", "grossProfit": "21888000000", "totalRevenue": "31915000000", "costOfRevenue": "10027000000", "costofGoodsAndServicesSold": "10027000000", "operatingIncome": "4993000000", "sellingGeneralAndAdministrative": "10918000000", "researchAndDevelopment": "None", "operatingExpenses": "16895000000", "investmentIncomeNet": "None", "netInterestIncome": "-1069000000", "interestIncome": "None", "interestExpense": "1069000000", "nonInterestIncome": "None", "otherNonOperatingIncome": "None", "depreciation": "None", "depreciationAndAmortization": "3833000000", "incomeBeforeTax": "3574000000", "incomeTaxExpense": "1111000000", "interestAndDebtExpense": "None", "netIncomeFromContinuingOperations": "4684000000", "comprehensiveIncomeNetOfTax": "None", "ebit": "2505000000", "ebitda": "6338000000", "netIncome": "4778000000"}, {"fiscalDateEnding": "2024-09-30", "reportedCurrency": "USD", "grossProfit": "17976000000", "totalRevenue": "32070000000", "costOfRevenue": "10216000000", "costofGoodsAndServicesSold": "10216000000", "operatingIncome": "5859000000", "sellingGeneralAndAdministrative": "10128000000", "researchAndDevelopment": "None", "operatingExpenses": "12117000000", "investmentIncomeNet": "None", "netInterestIncome": "-1037000000", "interestIncome": "None", "interestExpense": "1037000000", "nonInterestIncome": "None", "otherNonOperatingIncome": "None", "depreciation": "None", "depreciationAndAmortization": "3878000000", "incomeBeforeTax": "4819000000", "incomeTaxExpense": "1243000000", "interestAndDebtExpense": "None", "netIncomeFromContinuingOperations": "3576000000", "comprehensiveIncomeNetOfTax": "None", "ebit": "5856000000", "ebitda": "9734000000", "netIncome": "3629000000"}, {"fiscalDateEnding": "2024-06-30", "reportedCurrency": "USD", "grossProfit": "18187000000", "totalRevenue": "29688000000", "costOfRevenue": "7961000000", "costofGoodsAndServicesSold": "7961000000", "operatingIncome": "6635000000", "sellingGeneralAndAdministrative": "9630000000", "researchAndDevelopment": "None", "operatingExpenses": "11552000000", "investmentIncomeNet": "None", "netInterestIncome": "-1026000000", "interestIncome": "None", "interestExpense": "1026000000", "nonInterestIncome": "None", "otherNonOperatingIncome": "None", "depreciation": "None", "depreciationAndAmortization": "3540000000", "incomeBeforeTax": "5175000000", "incomeTaxExpense": "1336000000", "interestAndDebtExpense": "None", "netIncomeFromContinuingOperations": "3839000000", "comprehensiveIncomeNetOfTax": "None", "ebit": "6635000000", "ebitda": "10175000000", "netIncome": "3929000000"}, {"fiscalDateEnding": "2024-03-31", "reportedCurrency": "USD", "grossProfit": "21235000000", "totalRevenue": "30058000000", "costOfRevenue": "8823000000", "costofGoodsAndServicesSold": "8823000000", "operatingIncome": "5810000000", "sellingGeneralAndAdministrative": "9857000000", "researchAndDevelopment": "None", "operatingExpenses": "15426000000", "investmentIncomeNet": "None", "netInterestIncome": "-1002000000", "interestIncome": "None", "interestExpense": "1002000000", "nonInterestIncome": "None", "otherNonOperatingIncome": "None", "depreciation": "None", "depreciationAndAmortization": "3551000000", "incomeBeforeTax": "5105000000", "incomeTaxExpense": "1328000000", "interestAndDebtExpense": "None", "netIncomeFromContinuingOperations": "3777000000", "comprehensiveIncomeNetOfTax": "None", "ebit": "5809000000", "ebitda": "9360000000", "netIncome": "3857000000"}, {"fiscalDateEnding": "2023-12-31", "reportedCurrency": "USD", "grossProfit": "20997000000", "totalRevenue": "31253000000", "costOfRevenue": "10256000000", "costofGoodsAndServicesSold": "10256000000", "operatingIncome": "4484000000", "sellingGeneralAndAdministrative": "10943000000", "researchAndDevelopment": "None", "operatingExpenses": "16513000000", "investmentIncomeNet": "None", "netInterestIncome": "-1019000000", "interestIncome": "None", "interestExpense": "1019000000", "nonInterestIncome": "None", "otherNonOperatingIncome": "None", "depreciation": "None", "depreciationAndAmortization": "3528000000", "incomeBeforeTax": "4044000000", "incomeTaxExpense": "890000000", "interestAndDebtExpense": "None", "netIncomeFromContinuingOperations": "3154000000", "comprehensiveIncomeNetOfTax": "None", "ebit": "5063000000", "ebitda": "8591000000", "netIncome": "3260000000"}, {"fiscalDateEnding": "2023-09-30", "reportedCurrency": "USD", "grossProfit": "21462000000", "totalRevenue": "30115000000", "costOfRevenue": "8652000000", "costofGoodsAndServicesSold": "8652000000", "operatingIncome": "6475000000", "sellingGeneralAndAdministrative": "9629000000", "researchAndDevelopment": "None", "operatingExpenses": "14988000000", "investmentIncomeNet": "None", "netInterestIncome": "-1060000000", "interestIncome": "None", "interestExpense": "1060000000", "nonInterestIncome": "None", "otherNonOperatingIncome": "None", "depreciation": "None", "depreciationAndAmortization": "3493000000", "incomeBeforeTax": "5465000000", "incomeTaxExpense": "1468000000", "interestAndDebtExpense": "None", "netIncomeFromContinuingOperations": "3997000000", "comprehensiveIncomeNetOfTax": "None", "ebit": "6525000000", "ebitda": "10018000000", "netIncome": "4046000000"}, {"fiscalDateEnding": "2023-06-30", "reportedCurrency": "USD", "grossProfit": "21664000000", "totalRevenue": "30513000000", "costOfRevenue": "8849000000", "costofGoodsAndServicesSold": "8849000000", "operatingIncome": "6709000000", "sellingGeneralAndAdministrative": "9317000000", "researchAndDevelopment": "None", "operatingExpenses": "14955000000", "investmentIncomeNet": "None", "netInterestIncome": "-998000000", "interestIncome": "None", "interestExpense": "998000000", "nonInterestIncome": "None", "otherNonOperatingIncome": "15000000", "depreciation": "None", "depreciationAndAmortization": "3538000000", "incomeBeforeTax": "5726000000", "incomeTaxExpense": "1537000000", "interestAndDebtExpense": "None", "netIncomeFromContinuingOperations": "4189000000", "comprehensiveIncomeNetOfTax": "None", "ebit": "6709000000", "ebitda": "10247000000", "netIncome": "4248000000"}, {"fiscalDateEnding": "2023-03-31", "reportedCurrency": "USD", "grossProfit": "20687000000", "totalRevenue": "29691000000", "costOfRevenue": "9004000000", "costofGoodsAndServicesSold": "9004000000", "operatingIncome": "5646000000", "sellingGeneralAndAdministrative": "9301000000", "researchAndDevelopment": "None", "operatingExpenses": "15041000000", "investmentIncomeNet": "None", "netInterestIncome": "-1010000000", "interestIncome": "None", "interestExpense": "1010000000", "nonInterestIncome": "None", "otherNonOperatingIncome": "607000000", "depreciation": "None", "depreciationAndAmortization": "3777000000", "incomeBeforeTax": "5243000000", "incomeTaxExpense": "1476000000", "interestAndDebtExpense": "None", "netIncomeFromContinuingOperations": "3767000000", "comprehensiveIncomeNetOfTax": "None", "ebit": "5646000000", "ebitda": "9423000000", "netIncome": "3834000000"}, {"fiscalDateEnding": "2022-12-31", "reportedCurrency": "USD", "grossProfit": "20745000000", "totalRevenue": "30552000000", "costOfRevenue": "9807000000", "costofGoodsAndServicesSold": "9807000000", "operatingIncome": "4530000000", "sellingGeneralAndAdministrative": "10561000000", "researchAndDevelopment": "None", "operatingExpenses": "16215000000", "investmentIncomeNet": "None", "netInterestIncome": "-974000000", "interestIncome": "None", "interestExpense": "974000000", "nonInterestIncome": "None", "otherNonOperatingIncome": "114000000", "depreciation": "None", "depreciationAndAmortization": "3472000000", "incomeBeforeTax": "3670000000", "incomeTaxExpense": "797000000", "interestAndDebtExpense": "None", "netIncomeFromContinuingOperations": "2873000000", "comprehensiveIncomeNetOfTax": "None", "ebit": "4530000000", "ebitda": "8002000000", "netIncome": "3023000000"}, {"fiscalDateEnding": "2022-09-30", "reportedCurrency": "USD", "grossProfit": "20899000000", "totalRevenue": "29849000000", "costOfRevenue": "8950000000", "costofGoodsAndServicesSold": "8950000000", "operatingIncome": "5893000000", "sellingGeneralAndAdministrative": "9344000000", "researchAndDevelopment": "None", "operatingExpenses": "14743000000", "investmentIncomeNet": "None", "netInterestIncome": "-960000000", "interestIncome": "None", "interestExpense": "960000000", "nonInterestIncome": "None", "otherNonOperatingIncome": "-266000000", "depreciation": "None", "depreciationAndAmortization": "3333000000", "incomeBeforeTax": "-3652000000", "incomeTaxExpense": "1014000000", "interestAndDebtExpense": "None", "netIncomeFromContinuingOperations": "-4666000000", "comprehensiveIncomeNetOfTax": "None", "ebit": "-2692000000", "ebitda": "641000000", "netIncome": "-4666000000"}, {"fiscalDateEnding": "2022-06-30", "reportedCurrency": "USD", "grossProfit": "21128000000", "totalRevenue": "30016000000", "costOfRevenue": "8888000000", "costofGoodsAndServicesSold": "8888000000", "operatingIncome": "6367000000", "sellingGeneralAndAdministrative": "9098000000", "researchAndDevelopment": "None", "operatingExpenses": "14762000000", "investmentIncomeNet": "None", "netInterestIncome": "-968000000", "interestIncome": "None", "interestExpense": "968000000", "nonInterestIncome": "None", "otherNonOperatingIncome": "-897000000", "depreciation": "None", "depreciationAndAmortization": "3468000000", "incomeBeforeTax": "4502000000", "incomeTaxExpense": "1261000000", "interestAndDebtExpense": "None", "netIncomeFromContinuingOperations": "3241000000", "comprehensiveIncomeNetOfTax": "None", "ebit": "6367000000", "ebitda": "9835000000", "netIncome": "3396000000"}, {"fiscalDateEnding": "2022-03-31", "reportedCurrency": "USD", "grossProfit": "20440000000", "totalRevenue": "31010000000", "costOfRevenue": "10570000000", "costofGoodsAndServicesSold": "10570000000", "operatingIncome": "5569000000", "sellingGeneralAndAdministrative": "9260000000", "researchAndDevelopment": "None", "operatingExpenses": "14870000000", "investmentIncomeNet": "None", "netInterestIncome": "-993000000", "interestIncome": "None", "interestExpense": "993000000", "nonInterestIncome": "None", "otherNonOperatingIncome": "188000000", "depreciation": "None", "depreciationAndAmortization": "3548000000", "incomeBeforeTax": "4764000000", "incomeTaxExpense": "1288000000", "interestAndDebtExpense": "None", "netIncomeFromContinuingOperations": "3476000000", "comprehensiveIncomeNetOfTax": "None", "ebit": "5570000000", "ebitda": "9118000000", "netIncome": "3549000000"}, {"fiscalDateEnding": "2021-12-31", "reportedCurrency": "USD", "grossProfit": "20456000000", "totalRevenue": "30336000000", "costOfRevenue": "9880000000", "costofGoodsAndServicesSold": "9880000000", "operatingIncome": "4821000000", "sellingGeneralAndAdministrative": "9821000000", "researchAndDevelopment": "None", "operatingExpenses": "15635000000", "investmentIncomeNet": "None", "netInterestIncome": "-1120000000", "interestIncome": "None", "interestExpense": "1120000000", "nonInterestIncome": "None", "otherNonOperatingIncome": "185000000", "depreciation": "None", "depreciationAndAmortization": "3581000000", "incomeBeforeTax": "3885000000", "incomeTaxExpense": "905000000", "interestAndDebtExpense": "None", "netIncomeFromContinuingOperations": "2981000000", "comprehensiveIncomeNetOfTax": "None", "ebit": "4878000000", "ebitda": "8459000000", "netIncome": "3057000000"}, {"fiscalDateEnding": "2021-09-30", "reportedCurrency": "USD", "grossProfit": "19903000000", "totalRevenue": "30298000000", "costOfRevenue": "10395000000", "costofGoodsAndServicesSold": "10395000000", "operatingIncome": "5450000000", "sellingGeneralAndAdministrative": "8981000000", "researchAndDevelopment": "None", "operatingExpenses": "14454000000", "investmentIncomeNet": "None", "netInterestIncome": "-1050000000", "interestIncome": "None", "interestExpense": "1050000000", "nonInterestIncome": "None", "otherNonOperatingIncome": "766000000", "depreciation": "None", "depreciationAndAmortization": "3478000000", "incomeBeforeTax": "5166000000", "incomeTaxExpense": "1235000000", "interestAndDebtExpense": "None", "netIncomeFromContinuingOperations": "3931000000", "comprehensiveIncomeNetOfTax": "None", "ebit": "5448000000", "ebitda": "8926000000", "netIncome": "4035000000"}, {"fiscalDateEnding": "2021-06-30", "reportedCurrency": "USD", "grossProfit": "19290000000", "totalRevenue": "28546000000", "costOfRevenue": "9256000000", "costofGoodsAndServicesSold": "9256000000", "operatingIncome": "5507000000", "sellingGeneralAndAdministrative": "8549000000", "researchAndDevelopment": "None", "operatingExpenses": "13783000000", "investmentIncomeNet": "None", "netInterestIncome": "-1093000000", "interestIncome": "None", "interestExpense": "1093000000", "nonInterestIncome": "None", "otherNonOperatingIncome": "1216000000", "depreciation": "None", "depreciationAndAmortization": "3383000000", "incomeBeforeTax": "5630000000", "incomeTaxExpense": "2000000000", "interestAndDebtExpense": "None", "netIncomeFromContinuingOperations": "3630000000", "comprehensiveIncomeNetOfTax": "None", "ebit": "5507000000", "ebitda": "8890000000", "netIncome": "3738000000"}, {"fiscalDateEnding": "2021-03-31", "reportedCurrency": "USD", "grossProfit": "18286000000", "totalRevenue": "27205000000", "costOfRevenue": "8919000000", "costofGoodsAndServicesSold": "8919000000", "operatingIncome": "5039000000", "sellingGeneralAndAdministrative": "8269000000", "researchAndDevelopment": "None", "operatingExpenses": "13247000000", "investmentIncomeNet": "None", "netInterestIncome": "-1018000000", "interestIncome": "None", "interestExpense": "1018000000", "nonInterestIncome": "None", "otherNonOperatingIncome": "390000000", "depreciation": "None", "depreciationAndAmortization": "3362000000", "incomeBeforeTax": "4411000000", "incomeTaxExpense": "1119000000", "interestAndDebtExpense": "None", "netIncomeFromContinuingOperations": "3292000000", "comprehensiveIncomeNetOfTax": "None", "ebit": "5039000000", "ebitda": "8401000000", "netIncome": "3329000000"}, {"fiscalDateEnding": "2020-12-31", "reportedCurrency": "USD", "grossProfit": "18270000000", "totalRevenue": "27708000000", "costOfRevenue": "9438000000", "costofGoodsAndServicesSold": "9438000000", "operatingIncome": "3918000000", "sellingGeneralAndAdministrative": "9150000000", "researchAndDevelopment": "None", "operatingExpenses": "14352000000", "investmentIncomeNet": "None", "netInterestIncome": "-1044000000", "interestIncome": "None", "interestExpense": "1044000000", "nonInterestIncome": "None", "otherNonOperatingIncome": "1542000000", "depreciation": "None", "depreciationAndAmortization": "3252000000", "incomeBeforeTax": "4416000000", "incomeTaxExpense": "979000000", "interestAndDebtExpense": "None", "netIncomeFromContinuingOperations": "3437000000", "comprehensiveIncomeNetOfTax": "None", "ebit": "3918000000", "ebitda": "7170000000", "netIncome": "3380000000"}, {"fiscalDateEnding": "2020-09-30", "reportedCurrency": "USD", "grossProfit": "16967000000", "totalRevenue": "25532000000", "costOfRevenue": "8565000000", "costofGoodsAndServicesSold": "8565000000", "operatingIncome": "4076000000", "sellingGeneralAndAdministrative": "8059000000", "researchAndDevelopment": "None", "operatingExpenses": "12891000000", "investmentIncomeNet": "None", "netInterestIncome": "-1220000000", "interestIncome": "None", "interestExpense": "1220000000", "nonInterestIncome": "None", "otherNonOperatingIncome": "-86000000", "depreciation": "None", "depreciationAndAmortization": "3320000000", "incomeBeforeTax": "2770000000", "incomeTaxExpense": "739000000", "interestAndDebtExpense": "None", "netIncomeFromContinuingOperations": "2031000000", "comprehensiveIncomeNetOfTax": "None", "ebit": "4076000000", "ebitda": "7396000000", "netIncome": "2019000000"}, {"fiscalDateEnding": "2020-06-30", "reportedCurrency": "USD", "grossProfit": "16898000000", "totalRevenue": "23715000000", "costOfRevenue": "6817000000", "costofGoodsAndServicesSold": "6817000000", "operatingIncome": "4647000000", "sellingGeneralAndAdministrative": "7646000000", "researchAndDevelopment": "None", "operatingExpenses": "12251000000", "investmentIncomeNet": "None", "netInterestIncome": "-1112000000", "interestIncome": "None", "interestExpense": "1112000000", "nonInterestIncome": "None", "otherNonOperatingIncome": "420000000", "depreciation": "None", "depreciationAndAmortization": "3264000000", "incomeBeforeTax": "3955000000", "incomeTaxExpense": "946000000", "interestAndDebtExpense": "None", "netIncomeFromContinuingOperations": "3009000000", "comprehensiveIncomeNetOfTax": "None", "ebit": "4647000000", "ebitda": "7911000000", "netIncome": "2988000000"}, {"fiscalDateEnding": "2020-03-31", "reportedCurrency": "USD", "grossProfit": "18308000000", "totalRevenue": "26609000000", "costOfRevenue": "8301000000", "costofGoodsAndServicesSold": "8301000000", "operatingIncome": "4852000000", "sellingGeneralAndAdministrative": "8254000000", "researchAndDevelopment": "None", "operatingExpenses": "13456000000", "investmentIncomeNet": "None", "netInterestIncome": "-1212000000", "interestIncome": "1938000000", "interestExpense": "1212000000", "nonInterestIncome": "None", "otherNonOperatingIncome": "-716000000", "depreciation": "None", "depreciationAndAmortization": "3264000000", "incomeBeforeTax": "2924000000", "incomeTaxExpense": "700000000", "interestAndDebtExpense": "None", "netIncomeFromContinuingOperations": "2224000000", "comprehensiveIncomeNetOfTax": "None", "ebit": "4852000000", "ebitda": "8116000000", "netIncome": "2147000000"}, {"fiscalDateEnding": "2019-12-31", "reportedCurrency": "USD", "grossProfit": "19098000000", "totalRevenue": "28398000000", "costOfRevenue": "9300000000", "costofGoodsAndServicesSold": "9300000000", "operatingIncome": "5247000000", "sellingGeneralAndAdministrative": "8731000000", "researchAndDevelopment": "None", "operatingExpenses": "13851000000", "investmentIncomeNet": "None", "netInterestIncome": "-1113000000", "interestIncome": "1249000000", "interestExpense": "1113000000", "nonInterestIncome": "None", "otherNonOperatingIncome": "-73000000", "depreciation": "None", "depreciationAndAmortization": "3177000000", "incomeBeforeTax": "4061000000", "incomeTaxExpense": "861000000", "interestAndDebtExpense": "None", "netIncomeFromContinuingOperations": "3200000000", "comprehensiveIncomeNetOfTax": "None", "ebit": "5247000000", "ebitda": "8424000000", "netIncome": "3162000000"}, {"fiscalDateEnding": "2019-09-30", "reportedCurrency": "USD", "grossProfit": "18511000000", "totalRevenue": "26827000000", "costOfRevenue": "8316000000", "costofGoodsAndServicesSold": "8316000000", "operatingIncome": "5340000000", "sellingGeneralAndAdministrative": "8090000000", "researchAndDevelopment": "None", "operatingExpenses": "13171000000", "investmentIncomeNet": "None", "netInterestIncome": "-1167000000", "interestIncome": "1348000000", "interestExpense": "1167000000", "nonInterestIncome": "None", "otherNonOperatingIncome": "-110000000", "depreciation": "None", "depreciationAndAmortization": "3180000000", "incomeBeforeTax": "4063000000", "incomeTaxExpense": "775000000", "interestAndDebtExpense": "None", "netIncomeFromContinuingOperations": "3288000000", "comprehensiveIncomeNetOfTax": "None", "ebit": "5340000000", "ebitda": "8520000000", "netIncome": "3217000000"}, {"fiscalDateEnding": "2019-06-30", "reportedCurrency": "USD", "grossProfit": "18603000000", "totalRevenue": "26858000000", "costOfRevenue": "8255000000", "costofGoodsAndServicesSold": "8255000000", "operatingIncome": "5356000000", "sellingGeneralAndAdministrative": "8086000000", "researchAndDevelopment": "None", "operatingExpenses": "13247000000", "investmentIncomeNet": "None", "netInterestIncome": "-1137000000", "interestIncome": "1145000000", "interestExpense": "1137000000", "nonInterestIncome": "None", "otherNonOperatingIncome": "-55000000", "depreciation": "None", "depreciationAndAmortization": "3276000000", "incomeBeforeTax": "4164000000", "incomeTaxExpense": "961000000", "interestAndDebtExpense": "None", "netIncomeFromContinuingOperations": "3203000000", "comprehensiveIncomeNetOfTax": "None", "ebit": "5356000000", "ebitda": "8632000000", "netIncome": "3125000000"}, {"fiscalDateEnding": "2019-03-31", "reportedCurrency": "USD", "grossProfit": "18290000000", "totalRevenue": "26859000000", "costOfRevenue": "8569000000", "costofGoodsAndServicesSold": "8569000000", "operatingIncome": "5182000000", "sellingGeneralAndAdministrative": "7900000000", "researchAndDevelopment": "None", "operatingExpenses": "13108000000", "investmentIncomeNet": "None", "netInterestIncome": "-1150000000", "interestIncome": "674000000", "interestExpense": "1150000000", "nonInterestIncome": "None", "otherNonOperatingIncome": "676000000", "depreciation": "None", "depreciationAndAmortization": "3320000000", "incomeBeforeTax": "4708000000", "incomeTaxExpense": "1076000000", "interestAndDebtExpense": "None", "netIncomeFromContinuingOperations": "3632000000", "comprehensiveIncomeNetOfTax": "None", "ebit": "5182000000", "ebitda": "8502000000", "netIncome": "3553000000"}, {"fiscalDateEnding": "2018-12-31", "reportedCurrency": "USD", "grossProfit": "18594000000", "totalRevenue": "27846000000", "costOfRevenue": "9252000000", "costofGoodsAndServicesSold": "9252000000", "operatingIncome": "4514000000", "sellingGeneralAndAdministrative": "8782000000", "researchAndDevelopment": "0", "operatingExpenses": "14080000000", "investmentIncomeNet": "None", "netInterestIncome": "None", "interestIncome": "None", "interestExpense": "1129000000", "nonInterestIncome": "None", "otherNonOperatingIncome": "-317000000", "depreciation": "None", "depreciationAndAmortization": "3197000000", "incomeBeforeTax": "3068000000", "incomeTaxExpense": "486000000", "interestAndDebtExpense": "None", "netIncomeFromContinuingOperations": "2582000000", "comprehensiveIncomeNetOfTax": "None", "ebit": "4824000000", "ebitda": "8021000000", "netIncome": "2511000000"}, {"fiscalDateEnding": "2018-09-30", "reportedCurrency": "USD", "grossProfit": "15424000000", "totalRevenue": "22135000000", "costOfRevenue": "6711000000", "costofGoodsAndServicesSold": "6711000000", "operatingIncome": "4836000000", "sellingGeneralAndAdministrative": "6444000000", "researchAndDevelopment": "0", "operatingExpenses": "10588000000", "investmentIncomeNet": "None", "netInterestIncome": "None", "interestIncome": "None", "interestExpense": "830000000", "nonInterestIncome": "None", "otherNonOperatingIncome": "-111000000", "depreciation": "None", "depreciationAndAmortization": "2477000000", "incomeBeforeTax": "3895000000", "incomeTaxExpense": "999000000", "interestAndDebtExpense": "None", "netIncomeFromContinuingOperations": "2896000000", "comprehensiveIncomeNetOfTax": "None", "ebit": "4866000000", "ebitda": "7343000000", "netIncome": "2886000000"}, {"fiscalDateEnding": "2018-06-30", "reportedCurrency": "USD", "grossProfit": "15435000000", "totalRevenue": "21735000000", "costOfRevenue": "6300000000", "costofGoodsAndServicesSold": "6300000000", "operatingIncome": "5014000000", "sellingGeneralAndAdministrative": "6365000000", "researchAndDevelopment": "0", "operatingExpenses": "10421000000", "investmentIncomeNet": "None", "netInterestIncome": "None", "interestIncome": "None", "interestExpense": "806000000", "nonInterestIncome": "None", "otherNonOperatingIncome": "77000000", "depreciation": "None", "depreciationAndAmortization": "2403000000", "incomeBeforeTax": "4285000000", "incomeTaxExpense": "1077000000", "interestAndDebtExpense": "None", "netIncomeFromContinuingOperations": "3208000000", "comprehensiveIncomeNetOfTax": "None", "ebit": "5025000000", "ebitda": "7428000000", "netIncome": "3216000000"}, {"fiscalDateEnding": "2018-03-31", "reportedCurrency": "USD", "grossProfit": "15362000000", "totalRevenue": "22791000000", "costOfRevenue": "7429000000", "costofGoodsAndServicesSold": "7429000000", "operatingIncome": "4645000000", "sellingGeneralAndAdministrative": "6514000000", "researchAndDevelopment": "0", "operatingExpenses": "10717000000", "investmentIncomeNet": "None", "netInterestIncome": "None", "interestIncome": "None", "interestExpense": "777000000", "nonInterestIncome": "None", "otherNonOperatingIncome": "126000000", "depreciation": "None", "depreciationAndAmortization": "2599000000", "incomeBeforeTax": "3994000000", "incomeTaxExpense": "818000000", "interestAndDebtExpense": "None", "netIncomeFromContinuingOperations": "3176000000", "comprehensiveIncomeNetOfTax": "None", "ebit": "4645000000", "ebitda": "7244000000", "netIncome": "3118000000"}, {"fiscalDateEnding": "2017-12-31", "reportedCurrency": "USD", "grossProfit": "15023000000", "totalRevenue": "21915000000", "costOfRevenue": "6892000000", "costofGoodsAndServicesSold": "6892000000", "operatingIncome": "4107000000", "sellingGeneralAndAdministrative": "6703000000", "researchAndDevelopment": "0", "operatingExpenses": "10916000000", "investmentIncomeNet": "None", "netInterestIncome": "None", "interestIncome": "None", "interestExpense": "807000000", "nonInterestIncome": "None", "otherNonOperatingIncome": "122000000", "depreciation": "None", "depreciationAndAmortization": "2644000000", "incomeBeforeTax": "3422000000", "incomeTaxExpense": "-11613000000", "interestAndDebtExpense": "None", "netIncomeFromContinuingOperations": "15035000000", "comprehensiveIncomeNetOfTax": "None", "ebit": "4229000000", "ebitda": "6873000000", "netIncome": "14985000000"}, {"fiscalDateEnding": "2017-09-30", "reportedCurrency": "USD", "grossProfit": "14906000000", "totalRevenue": "20983000000", "costOfRevenue": "6077000000", "costofGoodsAndServicesSold": "6077000000", "operatingIncome": "4792000000", "sellingGeneralAndAdministrative": "6423000000", "researchAndDevelopment": "0", "operatingExpenses": "10114000000", "investmentIncomeNet": "None", "netInterestIncome": "None", "interestIncome": "None", "interestExpense": "766000000", "nonInterestIncome": "None", "otherNonOperatingIncome": "70000000", "depreciation": "None", "depreciationAndAmortization": "2138000000", "incomeBeforeTax": "4096000000", "incomeTaxExpense": "1413000000", "interestAndDebtExpense": "None", "netIncomeFromContinuingOperations": "2683000000", "comprehensiveIncomeNetOfTax": "None", "ebit": "4745000000", "ebitda": "6883000000", "netIncome": "2650000000"}, {"fiscalDateEnding": "2017-06-30", "reportedCurrency": "USD", "grossProfit": "14824000000", "totalRevenue": "21165000000", "costOfRevenue": "6341000000", "costofGoodsAndServicesSold": "6341000000", "operatingIncome": "4558000000", "sellingGeneralAndAdministrative": "6060000000", "researchAndDevelopment": "0", "operatingExpenses": "10266000000", "investmentIncomeNet": "None", "netInterestIncome": "None", "interestIncome": "None", "interestExpense": "758000000", "nonInterestIncome": "None", "otherNonOperatingIncome": "99000000", "depreciation": "None", "depreciationAndAmortization": "2541000000", "incomeBeforeTax": "3899000000", "incomeTaxExpense": "1364000000", "interestAndDebtExpense": "None", "netIncomeFromContinuingOperations": "2535000000", "comprehensiveIncomeNetOfTax": "None", "ebit": "4657000000", "ebitda": "7198000000", "netIncome": "2513000000"}, {"fiscalDateEnding": "2017-03-31", "reportedCurrency": "USD", "grossProfit": "14389000000", "totalRevenue": "20463000000", "costOfRevenue": "6074000000", "costofGoodsAndServicesSold": "6074000000", "operatingIncome": "4530000000", "sellingGeneralAndAdministrative": "5827000000", "researchAndDevelopment": "0", "operatingExpenses": "9859000000", "investmentIncomeNet": "None", "netInterestIncome": "None", "interestIncome": "None", "interestExpense": "755000000", "nonInterestIncome": "None", "otherNonOperatingIncome": "130000000", "depreciation": "None", "depreciationAndAmortization": "2502000000", "incomeBeforeTax": "3905000000", "incomeTaxExpense": "1258000000", "interestAndDebtExpense": "None", "netIncomeFromContinuingOperations": "2647000000", "comprehensiveIncomeNetOfTax": "None", "ebit": "4660000000", "ebitda": "7162000000", "netIncome": "2566000000"}, {"fiscalDateEnding": "2016-12-31", "reportedCurrency": "USD", "grossProfit": "14488000000", "totalRevenue": "21025000000", "costOfRevenue": "6537000000", "costofGoodsAndServicesSold": "6537000000", "operatingIncome": "4264000000", "sellingGeneralAndAdministrative": "6129000000", "researchAndDevelopment": "0", "operatingExpenses": "10224000000", "investmentIncomeNet": "None", "netInterestIncome": "None", "interestIncome": "None", "interestExpense": "756000000", "nonInterestIncome": "None", "otherNonOperatingIncome": "228000000", "depreciation": "None", "depreciationAndAmortization": "2496000000", "incomeBeforeTax": "3736000000", "incomeTaxExpense": "1319000000", "interestAndDebtExpense": "None", "netIncomeFromContinuingOperations": "2417000000", "comprehensiveIncomeNetOfTax": "None", "ebit": "4275000000", "ebitda": "6771000000", "netIncome": "2296000000"}, {"fiscalDateEnding": "2016-09-30", "reportedCurrency": "USD", "grossProfit": "14316000000", "totalRevenue": "21319000000", "costOfRevenue": "7003000000", "costofGoodsAndServicesSold": "7003000000", "operatingIncome": "4440000000", "sellingGeneralAndAdministrative": "5994000000", "researchAndDevelopment": "0", "operatingExpenses": "9876000000", "investmentIncomeNet": "None", "netInterestIncome": "None", "interestIncome": "None", "interestExpense": "751000000", "nonInterestIncome": "None", "otherNonOperatingIncome": "35000000", "depreciation": "None", "depreciationAndAmortization": "2395000000", "incomeBeforeTax": "3724000000", "incomeTaxExpense": "1400000000", "interestAndDebtExpense": "None", "netIncomeFromContinuingOperations": "2324000000", "comprehensiveIncomeNetOfTax": "None", "ebit": "4490000000", "ebitda": "6885000000", "netIncome": "2237000000"}, {"fiscalDateEnding": "2016-06-30", "reportedCurrency": "USD", "grossProfit": "13777000000", "totalRevenue": "19269000000", "costOfRevenue": "5492000000", "costofGoodsAndServicesSold": "5492000000", "operatingIncome": "4066000000", "sellingGeneralAndAdministrative": "5761000000", "researchAndDevelopment": "0", "operatingExpenses": "9711000000", "investmentIncomeNet": "None", "netInterestIncome": "None", "interestIncome": "None", "interestExpense": "732000000", "nonInterestIncome": "None", "otherNonOperatingIncome": "24000000", "depreciation": "None", "depreciationAndAmortization": "2389000000", "incomeBeforeTax": "3358000000", "incomeTaxExpense": "1278000000", "interestAndDebtExpense": "None", "netIncomeFromContinuingOperations": "2080000000", "comprehensiveIncomeNetOfTax": "None", "ebit": "4066000000", "ebitda": "6455000000", "netIncome": "2028000000"}, {"fiscalDateEnding": "2016-03-31", "reportedCurrency": "USD", "grossProfit": "13359000000", "totalRevenue": "18790000000", "costOfRevenue": "5431000000", "costofGoodsAndServicesSold": "5431000000", "operatingIncome": "4089000000", "sellingGeneralAndAdministrative": "5525000000", "researchAndDevelopment": "0", "operatingExpenses": "9270000000", "investmentIncomeNet": "None", "netInterestIncome": "None", "interestIncome": "None", "interestExpense": "703000000", "nonInterestIncome": "None", "otherNonOperatingIncome": "149000000", "depreciation": "None", "depreciationAndAmortization": "2278000000", "incomeBeforeTax": "3535000000", "incomeTaxExpense": "1311000000", "interestAndDebtExpense": "None", "netIncomeFromContinuingOperations": "2224000000", "comprehensiveIncomeNetOfTax": "None", "ebit": "4089000000", "ebitda": "6367000000", "netIncome": "2134000000"}, {"fiscalDateEnding": "2015-12-31", "reportedCurrency": "USD", "grossProfit": "13409000000", "totalRevenue": "19245000000", "costOfRevenue": "5836000000", "costofGoodsAndServicesSold": "5836000000", "operatingIncome": "4002000000", "sellingGeneralAndAdministrative": "5586000000", "researchAndDevelopment": "0", "operatingExpenses": "9407000000", "investmentIncomeNet": "None", "netInterestIncome": "None", "interestIncome": "None", "interestExpense": "674000000", "nonInterestIncome": "None", "otherNonOperatingIncome": "-110000000", "depreciation": "None", "depreciationAndAmortization": "2270000000", "incomeBeforeTax": "3218000000", "incomeTaxExpense": "1162000000", "interestAndDebtExpense": "None", "netIncomeFromContinuingOperations": "2056000000", "comprehensiveIncomeNetOfTax": "None", "ebit": "4022000000", "ebitda": "6292000000", "netIncome": "1971000000"}, {"fiscalDateEnding": "2015-09-30", "reportedCurrency": "USD", "grossProfit": "13087000000", "totalRevenue": "18669000000", "costOfRevenue": "5582000000", "costofGoodsAndServicesSold": "5582000000", "operatingIncome": "4001000000", "sellingGeneralAndAdministrative": "5394000000", "researchAndDevelopment": "0", "operatingExpenses": "9086000000", "investmentIncomeNet": "None", "netInterestIncome": "None", "interestIncome": "None", "interestExpense": "659000000", "nonInterestIncome": "None", "otherNonOperatingIncome": "-78000000", "depreciation": "None", "depreciationAndAmortization": "2183000000", "incomeBeforeTax": "3264000000", "incomeTaxExpense": "1223000000", "interestAndDebtExpense": "None", "netIncomeFromContinuingOperations": "2041000000", "comprehensiveIncomeNetOfTax": "None", "ebit": "4001000000", "ebitda": "6184000000", "netIncome": "1996000000"}, {"fiscalDateEnding": "2015-06-30", "reportedCurrency": "USD", "grossProfit": "13074000000", "totalRevenue": "18743000000", "costOfRevenue": "5669000000", "costofGoodsAndServicesSold": "5669000000", "operatingIncome": "4105000000", "sellingGeneralAndAdministrative": "5280000000", "researchAndDevelopment": "0", "operatingExpenses": "8969000000", "investmentIncomeNet": "None", "netInterestIncome": "None", "interestIncome": "None", "interestExpense": "713000000", "nonInterestIncome": "None", "otherNonOperatingIncome": "96000000", "depreciation": "None", "depreciationAndAmortization": "2161000000", "incomeBeforeTax": "3488000000", "incomeTaxExpense": "1313000000", "interestAndDebtExpense": "None", "netIncomeFromContinuingOperations": "2175000000", "comprehensiveIncomeNetOfTax": "None", "ebit": "4105000000", "ebitda": "6266000000", "netIncome": "2137000000"}, {"fiscalDateEnding": "2015-03-31", "reportedCurrency": "USD", "grossProfit": "12390000000", "totalRevenue": "17853000000", "costOfRevenue": "5463000000", "costofGoodsAndServicesSold": "5463000000", "operatingIncome": "3890000000", "sellingGeneralAndAdministrative": "5079000000", "researchAndDevelopment": "0", "operatingExpenses": "8500000000", "investmentIncomeNet": "None", "netInterestIncome": "None", "interestIncome": "None", "interestExpense": "656000000", "nonInterestIncome": "None", "otherNonOperatingIncome": "168000000", "depreciation": "None", "depreciationAndAmortization": "2066000000", "incomeBeforeTax": "3402000000", "incomeTaxExpense": "1261000000", "interestAndDebtExpense": "None", "netIncomeFromContinuingOperations": "2141000000", "comprehensiveIncomeNetOfTax": "None", "ebit": "3890000000", "ebitda": "5956000000", "netIncome": "2059000000"}, {"fiscalDateEnding": "2014-12-31", "reportedCurrency": "USD", "grossProfit": "12374000000", "totalRevenue": "17732000000", "costOfRevenue": "5358000000", "costofGoodsAndServicesSold": "5358000000", "operatingIncome": "3787000000", "sellingGeneralAndAdministrative": "5167000000", "researchAndDevelopment": "0", "operatingExpenses": "8587000000", "investmentIncomeNet": "None", "netInterestIncome": "None", "interestIncome": "None", "interestExpense": "664000000", "nonInterestIncome": "None", "otherNonOperatingIncome": "-13000000", "depreciation": "None", "depreciationAndAmortization": "2090000000", "incomeBeforeTax": "3110000000", "incomeTaxExpense": "1114000000", "interestAndDebtExpense": "None", "netIncomeFromContinuingOperations": "1996000000", "comprehensiveIncomeNetOfTax": "None", "ebit": "3886000000", "ebitda": "5976000000", "netIncome": "1925000000"}, {"fiscalDateEnding": "2014-09-30", "reportedCurrency": "USD", "grossProfit": "12019000000", "totalRevenue": "16791000000", "costOfRevenue": "4772000000", "costofGoodsAndServicesSold": "4772000000", "operatingIncome": "3745000000", "sellingGeneralAndAdministrative": "5019000000", "researchAndDevelopment": "0", "operatingExpenses": "8274000000", "investmentIncomeNet": "None", "netInterestIncome": "None", "interestIncome": "None", "interestExpense": "663000000", "nonInterestIncome": "None", "otherNonOperatingIncome": "-42000000", "depreciation": "None", "depreciationAndAmortization": "1959000000", "incomeBeforeTax": "3040000000", "incomeTaxExpense": "407000000", "interestAndDebtExpense": "None", "netIncomeFromContinuingOperations": "2633000000", "comprehensiveIncomeNetOfTax": "None", "ebit": "3822000000", "ebitda": "5781000000", "netIncome": "2592000000"}, {"fiscalDateEnding": "2014-06-30", "reportedCurrency": "USD", "grossProfit": "11970000000", "totalRevenue": "16844000000", "costOfRevenue": "4874000000", "costofGoodsAndServicesSold": "4874000000", "operatingIncome": "3804000000", "sellingGeneralAndAdministrative": "4924000000", "researchAndDevelopment": "0", "operatingExpenses": "8166000000", "investmentIncomeNet": "None", "netInterestIncome": "None", "interestIncome": "None", "interestExpense": "648000000", "nonInterestIncome": "None", "otherNonOperatingIncome": "103000000", "depreciation": "None", "depreciationAndAmortization": "2000000000", "incomeBeforeTax": "3259000000", "incomeTaxExpense": "1234000000", "interestAndDebtExpense": "None", "netIncomeFromContinuingOperations": "2025000000", "comprehensiveIncomeNetOfTax": "None", "ebit": "3804000000", "ebitda": "5804000000", "netIncome": "1992000000"}, {"fiscalDateEnding": "2014-03-31", "reportedCurrency": "USD", "grossProfit": "11500000000", "totalRevenue": "17408000000", "costOfRevenue": "5908000000", "costofGoodsAndServicesSold": "5908000000", "operatingIncome": "3568000000", "sellingGeneralAndAdministrative": "4752000000", "researchAndDevelopment": "0", "operatingExpenses": "7932000000", "investmentIncomeNet": "None", "netInterestIncome": "None", "interestIncome": "None", "interestExpense": "642000000", "nonInterestIncome": "None", "otherNonOperatingIncome": "130000000", "depreciation": "None", "depreciationAndAmortization": "4846000000", "incomeBeforeTax": "3056000000", "incomeTaxExpense": "1118000000", "interestAndDebtExpense": "None", "netIncomeFromContinuingOperations": "1938000000", "comprehensiveIncomeNetOfTax": "None", "ebit": "709000000", "ebitda": "5555000000", "netIncome": "1871000000"}, {"fiscalDateEnding": "2013-12-31", "reportedCurrency": "USD", "grossProfit": "11674000000", "totalRevenue": "16926000000", "costOfRevenue": "5252000000", "costofGoodsAndServicesSold": "5252000000", "operatingIncome": "3647000000", "sellingGeneralAndAdministrative": "4797000000", "researchAndDevelopment": "0", "operatingExpenses": "8027000000", "investmentIncomeNet": "None", "netInterestIncome": "None", "interestIncome": "None", "interestExpense": "646000000", "nonInterestIncome": "None", "otherNonOperatingIncome": "None", "depreciation": "None", "depreciationAndAmortization": "1998000000", "incomeBeforeTax": "2954000000", "incomeTaxExpense": "986000000", "interestAndDebtExpense": "None", "netIncomeFromContinuingOperations": "0", "comprehensiveIncomeNetOfTax": "None", "ebit": "3647000000", "ebitda": "5645000000", "netIncome": "1913000000"}, {"fiscalDateEnding": "2013-09-30", "reportedCurrency": "USD", "grossProfit": "11364000000", "totalRevenue": "16151000000", "costOfRevenue": "4787000000", "costofGoodsAndServicesSold": "4787000000", "operatingIncome": "3414000000", "sellingGeneralAndAdministrative": "4751000000", "researchAndDevelopment": "0", "operatingExpenses": "7950000000", "investmentIncomeNet": "None", "netInterestIncome": "None", "interestIncome": "None", "interestExpense": "639000000", "nonInterestIncome": "None", "otherNonOperatingIncome": "24000000", "depreciation": "None", "depreciationAndAmortization": "3834000000", "incomeBeforeTax": "2799000000", "incomeTaxExpense": "1021000000", "interestAndDebtExpense": "None", "netIncomeFromContinuingOperations": "1778000000", "comprehensiveIncomeNetOfTax": "None", "ebit": "1496000000", "ebitda": "5330000000", "netIncome": "1732000000"}, {"fiscalDateEnding": "2013-06-30", "reportedCurrency": "USD", "grossProfit": "11302000000", "totalRevenue": "16270000000", "costOfRevenue": "4968000000", "costofGoodsAndServicesSold": "4968000000", "operatingIncome": "3435000000", "sellingGeneralAndAdministrative": "4570000000", "researchAndDevelopment": "0", "operatingExpenses": "7867000000", "investmentIncomeNet": "None", "netInterestIncome": "None", "interestIncome": "None", "interestExpense": "636000000", "nonInterestIncome": "None", "otherNonOperatingIncome": "-7000000", "depreciation": "None", "depreciationAndAmortization": "4098000000", "incomeBeforeTax": "2792000000", "incomeTaxExpense": "1048000000", "interestAndDebtExpense": "None", "netIncomeFromContinuingOperations": "1744000000", "comprehensiveIncomeNetOfTax": "None", "ebit": "1320000000", "ebitda": "5418000000", "netIncome": "1734000000"}, {"fiscalDateEnding": "2013-03-31", "reportedCurrency": "USD", "grossProfit": "10647000000", "totalRevenue": "15310000000", "costOfRevenue": "4663000000", "costofGoodsAndServicesSold": "4663000000", "operatingIncome": "3067000000", "sellingGeneralAndAdministrative": "4466000000", "researchAndDevelopment": "0", "operatingExpenses": "7580000000", "investmentIncomeNet": "None", "netInterestIncome": "None", "interestIncome": "None", "interestExpense": "653000000", "nonInterestIncome": "None", "otherNonOperatingIncome": "156000000", "depreciation": "None", "depreciationAndAmortization": "3939000000", "incomeBeforeTax": "2570000000", "incomeTaxExpense": "925000000", "interestAndDebtExpense": "None", "netIncomeFromContinuingOperations": "1645000000", "comprehensiveIncomeNetOfTax": "None", "ebit": "3223000000", "ebitda": "7162000000", "netIncome": "1437000000"}, {"fiscalDateEnding": "2012-12-31", "reportedCurrency": "USD", "grossProfit": "11021000000", "totalRevenue": "15937000000", "costOfRevenue": "4916000000", "costofGoodsAndServicesSold": "4916000000", "operatingIncome": "3294000000", "sellingGeneralAndAdministrative": "4650000000", "researchAndDevelopment": "0", "operatingExpenses": "7727000000", "investmentIncomeNet": "None", "netInterestIncome": "None", "interestIncome": "None", "interestExpense": "623000000", "nonInterestIncome": "None", "otherNonOperatingIncome": "None", "depreciation": "None", "depreciationAndAmortization": "1983000000", "incomeBeforeTax": "2585000000", "incomeTaxExpense": "778000000", "interestAndDebtExpense": "None", "netIncomeFromContinuingOperations": "0", "comprehensiveIncomeNetOfTax": "None", "ebit": "5367000000", "ebitda": "7350000000", "netIncome": "1518000000"}, {"fiscalDateEnding": "2012-09-30", "reportedCurrency": "USD", "grossProfit": "9743000000", "totalRevenue": "16544000000", "costOfRevenue": "6801000000", "costofGoodsAndServicesSold": "6801000000", "operatingIncome": "3048000000", "sellingGeneralAndAdministrative": "5810000000", "researchAndDevelopment": "0", "operatingExpenses": "6695000000", "investmentIncomeNet": "None", "netInterestIncome": "None", "interestIncome": "None", "interestExpense": "633000000", "nonInterestIncome": "None", "otherNonOperatingIncome": "None", "depreciation": "None", "depreciationAndAmortization": "9255000000", "incomeBeforeTax": "4383000000", "incomeTaxExpense": "1405000000", "interestAndDebtExpense": "None", "netIncomeFromContinuingOperations": "0", "comprehensiveIncomeNetOfTax": "None", "ebit": "860000000", "ebitda": "10115000000", "netIncome": "2113000000"}, {"fiscalDateEnding": "2012-06-30", "reportedCurrency": "USD", "grossProfit": "5004000000", "totalRevenue": "15211000000", "costOfRevenue": "10207000000", "costofGoodsAndServicesSold": "10207000000", "operatingIncome": "3079000000", "sellingGeneralAndAdministrative": "3306000000", "researchAndDevelopment": "0", "operatingExpenses": "1925000000", "investmentIncomeNet": "None", "netInterestIncome": "None", "interestIncome": "None", "interestExpense": "625000000", "nonInterestIncome": "None", "otherNonOperatingIncome": "None", "depreciation": "None", "depreciationAndAmortization": "1925000000", "incomeBeforeTax": "2444000000", "incomeTaxExpense": "811000000", "interestAndDebtExpense": "None", "netIncomeFromContinuingOperations": "0", "comprehensiveIncomeNetOfTax": "None", "ebit": "3108000000", "ebitda": "5033000000", "netIncome": "1348000000"}, {"fiscalDateEnding": "2012-03-31", "reportedCurrency": "USD", "grossProfit": "9059000000", "totalRevenue": "14878000000", "costOfRevenue": "5819000000", "costofGoodsAndServicesSold": "5819000000", "operatingIncome": "2758000000", "sellingGeneralAndAdministrative": "3168000000", "researchAndDevelopment": "0", "operatingExpenses": "6301000000", "investmentIncomeNet": "None", "netInterestIncome": "None", "interestIncome": "None", "interestExpense": "640000000", "nonInterestIncome": "None", "otherNonOperatingIncome": "None", "depreciation": "None", "depreciationAndAmortization": "1930000000", "incomeBeforeTax": "2197000000", "incomeTaxExpense": "750000000", "interestAndDebtExpense": "None", "netIncomeFromContinuingOperations": "0", "comprehensiveIncomeNetOfTax": "None", "ebit": "2837000000", "ebitda": "4767000000", "netIncome": "1224000000"}, {"fiscalDateEnding": "2011-12-31", "reportedCurrency": "USD", "grossProfit": "9344000000", "totalRevenue": "15042000000", "costOfRevenue": "5698000000", "costofGoodsAndServicesSold": "5698000000", "operatingIncome": "2918000000", "sellingGeneralAndAdministrative": "3382000000", "researchAndDevelopment": "0", "operatingExpenses": "6426000000", "investmentIncomeNet": "None", "netInterestIncome": "None", "interestIncome": "None", "interestExpense": "642000000", "nonInterestIncome": "None", "otherNonOperatingIncome": "None", "depreciation": "None", "depreciationAndAmortization": "1998000000", "incomeBeforeTax": "2386000000", "incomeTaxExpense": "801000000", "interestAndDebtExpense": "None", "netIncomeFromContinuingOperations": "0", "comprehensiveIncomeNetOfTax": "None", "ebit": "3028000000", "ebitda": "5026000000", "netIncome": "1287000000"}, {"fiscalDateEnding": "2011-09-30", "reportedCurrency": "USD", "grossProfit": "8942000000", "totalRevenue": "14339000000", "costOfRevenue": "5397000000", "costofGoodsAndServicesSold": "5397000000", "operatingIncome": "2641000000", "sellingGeneralAndAdministrative": "3266000000", "researchAndDevelopment": "0", "operatingExpenses": "6301000000", "investmentIncomeNet": "None", "netInterestIncome": "None", "interestIncome": "None", "interestExpense": "637000000", "nonInterestIncome": "None", "otherNonOperatingIncome": "-199000000", "depreciation": "None", "depreciationAndAmortization": "1933000000", "incomeBeforeTax": "1805000000", "incomeTaxExpense": "639000000", "interestAndDebtExpense": "None", "netIncomeFromContinuingOperations": "1166000000", "comprehensiveIncomeNetOfTax": "None", "ebit": "7211000000", "ebitda": "9144000000", "netIncome": "908000000"}, {"fiscalDateEnding": "2011-06-30", "reportedCurrency": "USD", "grossProfit": "8993000000", "totalRevenue": "14333000000", "costOfRevenue": "5340000000", "costofGoodsAndServicesSold": "5340000000", "operatingIncome": "2938000000", "sellingGeneralAndAdministrative": "3085000000", "researchAndDevelopment": "0", "operatingExpenses": "6055000000", "investmentIncomeNet": "None", "netInterestIncome": "None", "interestIncome": "None", "interestExpense": "621000000", "nonInterestIncome": "None", "otherNonOperatingIncome": "64000000", "depreciation": "None", "depreciationAndAmortization": "1863000000", "incomeBeforeTax": "2381000000", "incomeTaxExpense": "1014000000", "interestAndDebtExpense": "None", "netIncomeFromContinuingOperations": "1367000000", "comprehensiveIncomeNetOfTax": "None", "ebit": "3002000000", "ebitda": "4865000000", "netIncome": "1022000000"}, {"fiscalDateEnding": "2011-03-31", "reportedCurrency": "USD", "grossProfit": "4066000000", "totalRevenue": "12128000000", "costOfRevenue": "8062000000", "costofGoodsAndServicesSold": "8062000000", "operatingIncome": "2224000000", "sellingGeneralAndAdministrative": "2755000000", "researchAndDevelopment": "0", "operatingExpenses": "1842000000", "investmentIncomeNet": "None", "netInterestIncome": "None", "interestIncome": "None", "interestExpense": "605000000", "nonInterestIncome": "None", "otherNonOperatingIncome": "16000000", "depreciation": "None", "depreciationAndAmortization": "1842000000", "incomeBeforeTax": "1635000000", "incomeTaxExpense": "596000000", "interestAndDebtExpense": "None", "netIncomeFromContinuingOperations": "1039000000", "comprehensiveIncomeNetOfTax": "None", "ebit": "2240000000", "ebitda": "4082000000", "netIncome": "943000000"}, {"fiscalDateEnding": "2010-12-31", "reportedCurrency": "USD", "grossProfit": "5822000000", "totalRevenue": "9721000000", "costOfRevenue": "3899000000", "costofGoodsAndServicesSold": "3899000000", "operatingIncome": "2013000000", "sellingGeneralAndAdministrative": "2106000000", "researchAndDevelopment": "0", "operatingExpenses": "3809000000", "investmentIncomeNet": "None", "netInterestIncome": "None", "interestIncome": "None", "interestExpense": "544000000", "nonInterestIncome": "None", "otherNonOperatingIncome": "None", "depreciation": "None", "depreciationAndAmortization": "1703000000", "incomeBeforeTax": "1706000000", "incomeTaxExpense": "673000000", "interestAndDebtExpense": "None", "netIncomeFromContinuingOperations": "0", "comprehensiveIncomeNetOfTax": "None", "ebit": "2250000000", "ebitda": "3953000000", "netIncome": "1018000000"}, {"fiscalDateEnding": "2010-09-30", "reportedCurrency": "USD", "grossProfit": "5697000000", "totalRevenue": "9489000000", "costOfRevenue": "3792000000", "costofGoodsAndServicesSold": "3792000000", "operatingIncome": "1954000000", "sellingGeneralAndAdministrative": "2119000000", "researchAndDevelopment": "0", "operatingExpenses": "3743000000", "investmentIncomeNet": "None", "netInterestIncome": "None", "interestIncome": "None", "interestExpense": "545000000", "nonInterestIncome": "None", "otherNonOperatingIncome": "None", "depreciation": "None", "depreciationAndAmortization": "1624000000", "incomeBeforeTax": "1454000000", "incomeTaxExpense": "584000000", "interestAndDebtExpense": "None", "netIncomeFromContinuingOperations": "0", "comprehensiveIncomeNetOfTax": "None", "ebit": "1999000000", "ebitda": "3623000000", "netIncome": "867000000"}, {"fiscalDateEnding": "2010-06-30", "reportedCurrency": "USD", "grossProfit": "5698000000", "totalRevenue": "9525000000", "costOfRevenue": "3827000000", "costofGoodsAndServicesSold": "3827000000", "operatingIncome": "2078000000", "sellingGeneralAndAdministrative": "1961000000", "researchAndDevelopment": "0", "operatingExpenses": "3620000000", "investmentIncomeNet": "None", "netInterestIncome": "None", "interestIncome": "None", "interestExpense": "543000000", "nonInterestIncome": "None", "otherNonOperatingIncome": "None", "depreciation": "None", "depreciationAndAmortization": "1659000000", "incomeBeforeTax": "1474000000", "incomeTaxExpense": "588000000", "interestAndDebtExpense": "None", "netIncomeFromContinuingOperations": "0", "comprehensiveIncomeNetOfTax": "None", "ebit": "2017000000", "ebitda": "3676000000", "netIncome": "884000000"}, {"fiscalDateEnding": "2010-03-31", "reportedCurrency": "USD", "grossProfit": "5470000000", "totalRevenue": "9202000000", "costOfRevenue": "3732000000", "costofGoodsAndServicesSold": "3732000000", "operatingIncome": "1935000000", "sellingGeneralAndAdministrative": "1905000000", "researchAndDevelopment": "0", "operatingExpenses": "3535000000", "investmentIncomeNet": "None", "netInterestIncome": "None", "interestIncome": "None", "interestExpense": "524000000", "nonInterestIncome": "None", "otherNonOperatingIncome": "None", "depreciation": "None", "depreciationAndAmortization": "1630000000", "incomeBeforeTax": "1470000000", "incomeTaxExpense": "591000000", "interestAndDebtExpense": "None", "netIncomeFromContinuingOperations": "0", "comprehensiveIncomeNetOfTax": "None", "ebit": "1994000000", "ebitda": "3624000000", "netIncome": "866000000"}, {"fiscalDateEnding": "2009-12-31", "reportedCurrency": "USD", "grossProfit": "5385000000", "totalRevenue": "9181000000", "costOfRevenue": "3796000000", "costofGoodsAndServicesSold": "3796000000", "operatingIncome": "1817000000", "sellingGeneralAndAdministrative": "1981000000", "researchAndDevelopment": "0", "operatingExpenses": "3568000000", "investmentIncomeNet": "None", "netInterestIncome": "None", "interestIncome": "None", "interestExpense": "520000000", "nonInterestIncome": "None", "otherNonOperatingIncome": "None", "depreciation": "None", "depreciationAndAmortization": "1592000000", "incomeBeforeTax": "1350000000", "incomeTaxExpense": "390000000", "interestAndDebtExpense": "None", "netIncomeFromContinuingOperations": "0", "comprehensiveIncomeNetOfTax": "None", "ebit": "1797000000", "ebitda": "3389000000", "netIncome": "955000000"}, {"fiscalDateEnding": "2009-09-30", "reportedCurrency": "USD", "grossProfit": "5312000000", "totalRevenue": "8802000000", "costOfRevenue": "3490000000", "costofGoodsAndServicesSold": "3490000000", "operatingIncome": "1711000000", "sellingGeneralAndAdministrative": "1989000000", "researchAndDevelopment": "0", "operatingExpenses": "3601000000", "investmentIncomeNet": "None", "netInterestIncome": "None", "interestIncome": "None", "interestExpense": "707000000", "nonInterestIncome": "None", "otherNonOperatingIncome": "None", "depreciation": "None", "depreciationAndAmortization": "1615000000", "incomeBeforeTax": "1137000000", "incomeTaxExpense": "203000000", "interestAndDebtExpense": "None", "netIncomeFromContinuingOperations": "0", "comprehensiveIncomeNetOfTax": "None", "ebit": "1844000000", "ebitda": "3459000000", "netIncome": "944000000"}, {"fiscalDateEnding": "2009-06-30", "reportedCurrency": "USD", "grossProfit": "3535000000", "totalRevenue": "8938000000", "costOfRevenue": "5403000000", "costofGoodsAndServicesSold": "5403000000", "operatingIncome": "1875000000", "sellingGeneralAndAdministrative": "1862000000", "researchAndDevelopment": "0", "operatingExpenses": "1660000000", "investmentIncomeNet": "None", "netInterestIncome": "None", "interestIncome": "None", "interestExpense": "551000000", "nonInterestIncome": "None", "otherNonOperatingIncome": "None", "depreciation": "None", "depreciationAndAmortization": "1660000000", "incomeBeforeTax": "1380000000", "incomeTaxExpense": "424000000", "interestAndDebtExpense": "None", "netIncomeFromContinuingOperations": "0", "comprehensiveIncomeNetOfTax": "None", "ebit": "1931000000", "ebitda": "3591000000", "netIncome": "956000000"}, {"fiscalDateEnding": "2009-03-31", "reportedCurrency": "USD", "grossProfit": "5270000000", "totalRevenue": "8835000000", "costOfRevenue": "3565000000", "costofGoodsAndServicesSold": "3565000000", "operatingIncome": "1811000000", "sellingGeneralAndAdministrative": "1830000000", "researchAndDevelopment": "0", "operatingExpenses": "3459000000", "investmentIncomeNet": "None", "netInterestIncome": "None", "interestIncome": "None", "interestExpense": "570000000", "nonInterestIncome": "None", "otherNonOperatingIncome": "None", "depreciation": "None", "depreciationAndAmortization": "1633000000", "incomeBeforeTax": "1239000000", "incomeTaxExpense": "461000000", "interestAndDebtExpense": "None", "netIncomeFromContinuingOperations": "0", "comprehensiveIncomeNetOfTax": "None", "ebit": "1809000000", "ebitda": "3442000000", "netIncome": "772000000"}, {"fiscalDateEnding": "2008-12-31", "reportedCurrency": "USD", "grossProfit": "4586000000", "totalRevenue": "8765000000", "costOfRevenue": "4179000000", "costofGoodsAndServicesSold": "4179000000", "operatingIncome": "1757000000", "sellingGeneralAndAdministrative": "1964000000", "researchAndDevelopment": "0", "operatingExpenses": "2829000000", "investmentIncomeNet": "None", "netInterestIncome": "None", "interestIncome": "None", "interestExpense": "599000000", "nonInterestIncome": "None", "otherNonOperatingIncome": "None", "depreciation": "None", "depreciationAndAmortization": "1613000000", "incomeBeforeTax": "581000000", "incomeTaxExpense": "169000000", "interestAndDebtExpense": "None", "netIncomeFromContinuingOperations": "0", "comprehensiveIncomeNetOfTax": "None", "ebit": "2057000000", "ebitda": "3670000000", "netIncome": "412000000"}, {"fiscalDateEnding": "2008-09-30", "reportedCurrency": "USD", "grossProfit": "5454000000", "totalRevenue": "8549000000", "costOfRevenue": "3095000000", "costofGoodsAndServicesSold": "3095000000", "operatingIncome": "1670000000", "sellingGeneralAndAdministrative": "1966000000", "researchAndDevelopment": "0", "operatingExpenses": "3784000000", "investmentIncomeNet": "None", "netInterestIncome": "None", "interestIncome": "None", "interestExpense": "601000000", "nonInterestIncome": "None", "otherNonOperatingIncome": "None", "depreciation": "None", "depreciationAndAmortization": "1567000000", "incomeBeforeTax": "1157000000", "incomeTaxExpense": "401000000", "interestAndDebtExpense": "None", "netIncomeFromContinuingOperations": "0", "comprehensiveIncomeNetOfTax": "None", "ebit": "1670000000", "ebitda": "3237000000", "netIncome": "771000000"}, {"fiscalDateEnding": "2008-06-30", "reportedCurrency": "USD", "grossProfit": "5462000000", "totalRevenue": "8553000000", "costOfRevenue": "3091000000", "costofGoodsAndServicesSold": "3091000000", "operatingIncome": "1750000000", "sellingGeneralAndAdministrative": "1868000000", "researchAndDevelopment": "0", "operatingExpenses": "3712000000", "investmentIncomeNet": "None", "netInterestIncome": "None", "interestIncome": "None", "interestExpense": "618000000", "nonInterestIncome": "None", "otherNonOperatingIncome": "None", "depreciation": "None", "depreciationAndAmortization": "1601000000", "incomeBeforeTax": "1074000000", "incomeTaxExpense": "455000000", "interestAndDebtExpense": "None", "netIncomeFromContinuingOperations": "0", "comprehensiveIncomeNetOfTax": "None", "ebit": "1692000000", "ebitda": "3293000000", "netIncome": "632000000"}, {"fiscalDateEnding": "2008-03-31", "reportedCurrency": "USD", "grossProfit": "5282000000", "totalRevenue": "8389000000", "costOfRevenue": "3107000000", "costofGoodsAndServicesSold": "3107000000", "operatingIncome": "1555000000", "sellingGeneralAndAdministrative": "1854000000", "researchAndDevelopment": "0", "operatingExpenses": "3727000000", "investmentIncomeNet": "None", "netInterestIncome": "None", "interestIncome": "None", "interestExpense": "621000000", "nonInterestIncome": "None", "otherNonOperatingIncome": "None", "depreciation": "None", "depreciationAndAmortization": "1619000000", "incomeBeforeTax": "1246000000", "incomeTaxExpense": "508000000", "interestAndDebtExpense": "None", "netIncomeFromContinuingOperations": "0", "comprehensiveIncomeNetOfTax": "None", "ebit": "1867000000", "ebitda": "3486000000", "netIncome": "732000000"}, {"fiscalDateEnding": "2007-12-31", "reportedCurrency": "USD", "grossProfit": "5111000000", "totalRevenue": "8014000000", "costOfRevenue": "2903000000", "costofGoodsAndServicesSold": "2903000000", "operatingIncome": "1458000000", "sellingGeneralAndAdministrative": "1774000000", "researchAndDevelopment": "0", "operatingExpenses": "3653000000", "investmentIncomeNet": "None", "netInterestIncome": "None", "interestIncome": "None", "interestExpense": "600000000", "nonInterestIncome": "None", "otherNonOperatingIncome": "None", "depreciation": "None", "depreciationAndAmortization": "1624000000", "incomeBeforeTax": "996000000", "incomeTaxExpense": "400000000", "interestAndDebtExpense": "None", "netIncomeFromContinuingOperations": "0", "comprehensiveIncomeNetOfTax": "None", "ebit": "1458000000", "ebitda": "3082000000", "netIncome": "602000000"}, {"fiscalDateEnding": "2007-09-30", "reportedCurrency": "USD", "grossProfit": "5022000000", "totalRevenue": "7781000000", "costOfRevenue": "2759000000", "costofGoodsAndServicesSold": "2759000000", "operatingIncome": "1391000000", "sellingGeneralAndAdministrative": "1354000000", "researchAndDevelopment": "0", "operatingExpenses": "3631000000", "investmentIncomeNet": "None", "netInterestIncome": "None", "interestIncome": "None", "interestExpense": "571000000", "nonInterestIncome": "None", "otherNonOperatingIncome": "None", "depreciation": "None", "depreciationAndAmortization": "1538000000", "incomeBeforeTax": "965000000", "incomeTaxExpense": "421000000", "interestAndDebtExpense": "None", "netIncomeFromContinuingOperations": "0", "comprehensiveIncomeNetOfTax": "None", "ebit": "-147000000", "ebitda": "1391000000", "netIncome": "560000000"}, {"fiscalDateEnding": "2007-06-30", "reportedCurrency": "USD", "grossProfit": "4958000000", "totalRevenue": "7712000000", "costOfRevenue": "2754000000", "costofGoodsAndServicesSold": "2754000000", "operatingIncome": "1468000000", "sellingGeneralAndAdministrative": "1946000000", "researchAndDevelopment": "0", "operatingExpenses": "3490000000", "investmentIncomeNet": "None", "netInterestIncome": "None", "interestIncome": "None", "interestExpense": "550000000", "nonInterestIncome": "None", "otherNonOperatingIncome": "None", "depreciation": "None", "depreciationAndAmortization": "1544000000", "incomeBeforeTax": "1029000000", "incomeTaxExpense": "453000000", "interestAndDebtExpense": "None", "netIncomeFromContinuingOperations": "0", "comprehensiveIncomeNetOfTax": "None", "ebit": "-76000000", "ebitda": "1468000000", "netIncome": "588000000"}, {"fiscalDateEnding": "2007-03-31", "reportedCurrency": "USD", "grossProfit": "4629000000", "totalRevenue": "7388000000", "costOfRevenue": "2759000000", "costofGoodsAndServicesSold": "2759000000", "operatingIncome": "1261000000", "sellingGeneralAndAdministrative": "1866000000", "researchAndDevelopment": "0", "operatingExpenses": "3368000000", "investmentIncomeNet": "None", "netInterestIncome": "None", "interestIncome": "None", "interestExpense": "568000000", "nonInterestIncome": "None", "otherNonOperatingIncome": "None", "depreciation": "None", "depreciationAndAmortization": "1502000000", "incomeBeforeTax": "1359000000", "incomeTaxExpense": "526000000", "interestAndDebtExpense": "None", "netIncomeFromContinuingOperations": "0", "comprehensiveIncomeNetOfTax": "None", "ebit": "-241000000", "ebitda": "1261000000", "netIncome": "837000000"}, {"fiscalDateEnding": "2006-12-31", "reportedCurrency": "USD", "grossProfit": "4580000000", "totalRevenue": "7031000000", "costOfRevenue": "2451000000", "costofGoodsAndServicesSold": "2451000000", "operatingIncome": "1218000000", "sellingGeneralAndAdministrative": "1904000000", "researchAndDevelopment": "0", "operatingExpenses": "3362000000", "investmentIncomeNet": "None", "netInterestIncome": "None", "interestIncome": "None", "interestExpense": "562000000", "nonInterestIncome": "None", "otherNonOperatingIncome": "None", "depreciation": "None", "depreciationAndAmortization": "1515000000", "incomeBeforeTax": "652000000", "incomeTaxExpense": "221000000", "interestAndDebtExpense": "None", "netIncomeFromContinuingOperations": "0", "comprehensiveIncomeNetOfTax": "None", "ebit": "1218000000", "ebitda": "2733000000", "netIncome": "390000000"}, {"fiscalDateEnding": "2006-09-30", "reportedCurrency": "USD", "grossProfit": "4132000000", "totalRevenue": "6432000000", "costOfRevenue": "2300000000", "costofGoodsAndServicesSold": "2300000000", "operatingIncome": "1224000000", "sellingGeneralAndAdministrative": "1721000000", "researchAndDevelopment": "0", "operatingExpenses": "2908000000", "investmentIncomeNet": "None", "netInterestIncome": "None", "interestIncome": "None", "interestExpense": "530000000", "nonInterestIncome": "None", "otherNonOperatingIncome": "None", "depreciation": "None", "depreciationAndAmortization": "1093000000", "incomeBeforeTax": "1582000000", "incomeTaxExpense": "610000000", "interestAndDebtExpense": "None", "netIncomeFromContinuingOperations": "0", "comprehensiveIncomeNetOfTax": "None", "ebit": "1344000000", "ebitda": "2437000000", "netIncome": "1217000000"}, {"fiscalDateEnding": "2006-06-30", "reportedCurrency": "USD", "grossProfit": "3918000000", "totalRevenue": "6228000000", "costOfRevenue": "2310000000", "costofGoodsAndServicesSold": "2310000000", "operatingIncome": "1229000000", "sellingGeneralAndAdministrative": "1467000000", "researchAndDevelopment": "0", "operatingExpenses": "2689000000", "investmentIncomeNet": "None", "netInterestIncome": "None", "interestIncome": "None", "interestExpense": "496000000", "nonInterestIncome": "None", "otherNonOperatingIncome": "None", "depreciation": "None", "depreciationAndAmortization": "1203000000", "incomeBeforeTax": "818000000", "incomeTaxExpense": "362000000", "interestAndDebtExpense": "None", "netIncomeFromContinuingOperations": "0", "comprehensiveIncomeNetOfTax": "None", "ebit": "1173000000", "ebitda": "2376000000", "netIncome": "460000000"}, {"fiscalDateEnding": "2006-03-31", "reportedCurrency": "USD", "grossProfit": "3705000000", "totalRevenue": "5901000000", "costOfRevenue": "2196000000", "costofGoodsAndServicesSold": "2196000000", "operatingIncome": "1050000000", "sellingGeneralAndAdministrative": "1422000000", "researchAndDevelopment": "0", "operatingExpenses": "2655000000", "investmentIncomeNet": "None", "netInterestIncome": "None", "interestIncome": "None", "interestExpense": "476000000", "nonInterestIncome": "None", "otherNonOperatingIncome": "None", "depreciation": "None", "depreciationAndAmortization": "1151000000", "incomeBeforeTax": "476000000", "incomeTaxExpense": "164000000", "interestAndDebtExpense": "None", "netIncomeFromContinuingOperations": "0", "comprehensiveIncomeNetOfTax": "None", "ebit": "1004000000", "ebitda": "2155000000", "netIncome": "466000000"}, {"fiscalDateEnding": "2005-12-31", "reportedCurrency": "USD", "grossProfit": "3655000000", "totalRevenue": "5716000000", "costOfRevenue": "2061000000", "costofGoodsAndServicesSold": "2061000000", "operatingIncome": "893000000", "sellingGeneralAndAdministrative": "1433000000", "researchAndDevelopment": "0", "operatingExpenses": "2762000000", "investmentIncomeNet": "None", "netInterestIncome": "None", "interestIncome": "None", "interestExpense": "462000000", "nonInterestIncome": "None", "otherNonOperatingIncome": "None", "depreciation": "None", "depreciationAndAmortization": "1262000000", "incomeBeforeTax": "464000000", "incomeTaxExpense": "319000000", "interestAndDebtExpense": "None", "netIncomeFromContinuingOperations": "0", "comprehensiveIncomeNetOfTax": "None", "ebit": "893000000", "ebitda": "2155000000", "netIncome": "133000000"}, {"fiscalDateEnding": "2005-09-30", "reportedCurrency": "USD", "grossProfit": "3571000000", "totalRevenue": "5578000000", "costOfRevenue": "2007000000", "costofGoodsAndServicesSold": "2007000000", "operatingIncome": "883000000", "sellingGeneralAndAdministrative": "1394000000", "researchAndDevelopment": "0", "operatingExpenses": "2688000000", "investmentIncomeNet": "None", "netInterestIncome": "None", "interestIncome": "None", "interestExpense": "423000000", "nonInterestIncome": "None", "otherNonOperatingIncome": "None", "depreciation": "None", "depreciationAndAmortization": "1216000000", "incomeBeforeTax": "355000000", "incomeTaxExpense": "143000000", "interestAndDebtExpense": "None", "netIncomeFromContinuingOperations": "0", "comprehensiveIncomeNetOfTax": "None", "ebit": "841000000", "ebitda": "2057000000", "netIncome": "222000000"}, {"fiscalDateEnding": "2005-06-30", "reportedCurrency": "USD", "grossProfit": "3654000000", "totalRevenue": "5598000000", "costOfRevenue": "1944000000", "costofGoodsAndServicesSold": "1944000000", "operatingIncome": "1048000000", "sellingGeneralAndAdministrative": "1287000000", "researchAndDevelopment": "0", "operatingExpenses": "2606000000", "investmentIncomeNet": "None", "netInterestIncome": "None", "interestIncome": "None", "interestExpense": "467000000", "nonInterestIncome": "None", "otherNonOperatingIncome": "None", "depreciation": "None", "depreciationAndAmortization": "1161000000", "incomeBeforeTax": "771000000", "incomeTaxExpense": "331000000", "interestAndDebtExpense": "None", "netIncomeFromContinuingOperations": "0", "comprehensiveIncomeNetOfTax": "None", "ebit": "-113000000", "ebitda": "1048000000", "netIncome": "430000000"}, {"fiscalDateEnding": "2005-03-31", "reportedCurrency": "USD", "grossProfit": "3406000000", "totalRevenue": "5363000000", "costOfRevenue": "1957000000", "costofGoodsAndServicesSold": "1957000000", "operatingIncome": "866000000", "sellingGeneralAndAdministrative": "1376000000", "researchAndDevelopment": "0", "operatingExpenses": "2540000000", "investmentIncomeNet": "None", "netInterestIncome": "None", "interestIncome": "None", "interestExpense": "444000000", "nonInterestIncome": "None", "otherNonOperatingIncome": "None", "depreciation": "None", "depreciationAndAmortization": "1164000000", "incomeBeforeTax": "290000000", "incomeTaxExpense": "140000000", "interestAndDebtExpense": "None", "netIncomeFromContinuingOperations": "0", "comprehensiveIncomeNetOfTax": "None", "ebit": "-298000000", "ebitda": "866000000", "netIncome": "143000000"}, {"fiscalDateEnding": "2004-12-31", "reportedCurrency": "USD", "grossProfit": "3273000000", "totalRevenue": "5235000000", "costOfRevenue": "1962000000", "costofGoodsAndServicesSold": "1962000000", "operatingIncome": "711000000", "sellingGeneralAndAdministrative": "1287000000", "researchAndDevelopment": "0", "operatingExpenses": "2562000000", "investmentIncomeNet": "None", "netInterestIncome": "None", "interestIncome": "None", "interestExpense": "289000000", "nonInterestIncome": "None", "otherNonOperatingIncome": "None", "depreciation": "None", "depreciationAndAmortization": "1275000000", "incomeBeforeTax": "785000000", "incomeTaxExpense": "360000000", "interestAndDebtExpense": "None", "netIncomeFromContinuingOperations": "0", "comprehensiveIncomeNetOfTax": "None", "ebit": "711000000", "ebitda": "1986000000", "netIncome": "423000000"}]}