{"symbol": "GILD", "annualReports": [{"fiscalDateEnding": "2024-12-31", "reportedCurrency": "USD", "grossProfit": "22503000000", "totalRevenue": "28754000000", "costOfRevenue": "6251000000", "costofGoodsAndServicesSold": "6251000000", "operatingIncome": "1662000000", "sellingGeneralAndAdministrative": "6091000000", "researchAndDevelopment": "5907000000", "operatingExpenses": "20841000000", "investmentIncomeNet": "None", "netInterestIncome": "-696000000", "interestIncome": "281000000", "interestExpense": "977000000", "nonInterestIncome": "None", "otherNonOperatingIncome": "None", "depreciation": "None", "depreciationAndAmortization": "-5000000", "incomeBeforeTax": "690000000", "incomeTaxExpense": "211000000", "interestAndDebtExpense": "None", "netIncomeFromContinuingOperations": "479000000", "comprehensiveIncomeNetOfTax": "None", "ebit": "1667000000", "ebitda": "1662000000", "netIncome": "480000000"}, {"fiscalDateEnding": "2023-12-31", "reportedCurrency": "USD", "grossProfit": "27116000000", "totalRevenue": "27116000000", "costOfRevenue": "5804000000", "costofGoodsAndServicesSold": "5804000000", "operatingIncome": "7605000000", "sellingGeneralAndAdministrative": "6502000000", "researchAndDevelopment": "5718000000", "operatingExpenses": "11808000000", "investmentIncomeNet": "None", "netInterestIncome": "-918000000", "interestIncome": "376000000", "interestExpense": "944000000", "nonInterestIncome": "None", "otherNonOperatingIncome": "None", "depreciation": "None", "depreciationAndAmortization": "-1763000000", "incomeBeforeTax": "6859000000", "incomeTaxExpense": "-1247000000", "interestAndDebtExpense": "None", "netIncomeFromContinuingOperations": "5829000000", "comprehensiveIncomeNetOfTax": "None", "ebit": "7605000000", "ebitda": "7605000000", "netIncome": "5665000000"}, {"fiscalDateEnding": "2022-12-31", "reportedCurrency": "USD", "grossProfit": "21624000000", "totalRevenue": "27281000000", "costOfRevenue": "5657000000", "costofGoodsAndServicesSold": "5657000000", "operatingIncome": "7330000000", "sellingGeneralAndAdministrative": "4895000000", "researchAndDevelopment": "4977000000", "operatingExpenses": "10650000000", "investmentIncomeNet": "None", "netInterestIncome": "-935000000", "interestIncome": "106000000", "interestExpense": "935000000", "nonInterestIncome": "None", "otherNonOperatingIncome": "-581000000", "depreciation": "None", "depreciationAndAmortization": "2103000000", "incomeBeforeTax": "5814000000", "incomeTaxExpense": "1248000000", "interestAndDebtExpense": "None", "netIncomeFromContinuingOperations": "4566000000", "comprehensiveIncomeNetOfTax": "None", "ebit": "6749000000", "ebitda": "8852000000", "netIncome": "4592000000"}, {"fiscalDateEnding": "2021-12-31", "reportedCurrency": "USD", "grossProfit": "20704000000", "totalRevenue": "27305000000", "costOfRevenue": "6601000000", "costofGoodsAndServicesSold": "6601000000", "operatingIncome": "7406000000", "sellingGeneralAndAdministrative": "4511000000", "researchAndDevelopment": "5363000000", "operatingExpenses": "10609000000", "investmentIncomeNet": "None", "netInterestIncome": "-1001000000", "interestIncome": "None", "interestExpense": "1001000000", "nonInterestIncome": "None", "otherNonOperatingIncome": "-639000000", "depreciation": "None", "depreciationAndAmortization": "2050000000", "incomeBeforeTax": "8278000000", "incomeTaxExpense": "2077000000", "interestAndDebtExpense": "None", "netIncomeFromContinuingOperations": "6201000000", "comprehensiveIncomeNetOfTax": "None", "ebit": "9279000000", "ebitda": "11329000000", "netIncome": "6225000000"}, {"fiscalDateEnding": "2020-12-31", "reportedCurrency": "USD", "grossProfit": "20117000000", "totalRevenue": "24689000000", "costOfRevenue": "4572000000", "costofGoodsAndServicesSold": "4572000000", "operatingIncome": "7029000000", "sellingGeneralAndAdministrative": "4356000000", "researchAndDevelopment": "5039000000", "operatingExpenses": "10190000000", "investmentIncomeNet": "None", "netInterestIncome": "-984000000", "interestIncome": "None", "interestExpense": "984000000", "nonInterestIncome": "None", "otherNonOperatingIncome": "-1418000000", "depreciation": "None", "depreciationAndAmortization": "1480000000", "incomeBeforeTax": "1669000000", "incomeTaxExpense": "1580000000", "interestAndDebtExpense": "None", "netIncomeFromContinuingOperations": "89000000", "comprehensiveIncomeNetOfTax": "None", "ebit": "2653000000", "ebitda": "4133000000", "netIncome": "89000000"}, {"fiscalDateEnding": "2019-12-31", "reportedCurrency": "USD", "grossProfit": "17774000000", "totalRevenue": "22449000000", "costOfRevenue": "4675000000", "costofGoodsAndServicesSold": "4675000000", "operatingIncome": "4287000000", "sellingGeneralAndAdministrative": "3597000000", "researchAndDevelopment": "9106000000", "operatingExpenses": "13487000000", "investmentIncomeNet": "None", "netInterestIncome": "-995000000", "interestIncome": "227000000", "interestExpense": "995000000", "nonInterestIncome": "None", "otherNonOperatingIncome": "1868000000", "depreciation": "None", "depreciationAndAmortization": "1404000000", "incomeBeforeTax": "5160000000", "incomeTaxExpense": "-204000000", "interestAndDebtExpense": "None", "netIncomeFromContinuingOperations": "5364000000", "comprehensiveIncomeNetOfTax": "None", "ebit": "6155000000", "ebitda": "7559000000", "netIncome": "5386000000"}, {"fiscalDateEnding": "2018-12-31", "reportedCurrency": "USD", "grossProfit": "17274000000", "totalRevenue": "22127000000", "costOfRevenue": "4853000000", "costofGoodsAndServicesSold": "4853000000", "operatingIncome": "8200000000", "sellingGeneralAndAdministrative": "4056000000", "researchAndDevelopment": "5018000000", "operatingExpenses": "9074000000", "investmentIncomeNet": "None", "netInterestIncome": "-1077000000", "interestIncome": "964000000", "interestExpense": "1077000000", "nonInterestIncome": "None", "otherNonOperatingIncome": "676000000", "depreciation": "None", "depreciationAndAmortization": "1429000000", "incomeBeforeTax": "7799000000", "incomeTaxExpense": "2339000000", "interestAndDebtExpense": "None", "netIncomeFromContinuingOperations": "5460000000", "comprehensiveIncomeNetOfTax": "None", "ebit": "8876000000", "ebitda": "10305000000", "netIncome": "5455000000"}, {"fiscalDateEnding": "2017-12-31", "reportedCurrency": "USD", "grossProfit": "21736000000", "totalRevenue": "26107000000", "costOfRevenue": "4371000000", "costofGoodsAndServicesSold": "4371000000", "operatingIncome": "14124000000", "sellingGeneralAndAdministrative": "3878000000", "researchAndDevelopment": "3734000000", "operatingExpenses": "7612000000", "investmentIncomeNet": "None", "netInterestIncome": "-1118000000", "interestIncome": "1190000000", "interestExpense": "1118000000", "nonInterestIncome": "None", "otherNonOperatingIncome": "523000000", "depreciation": "None", "depreciationAndAmortization": "1286000000", "incomeBeforeTax": "13529000000", "incomeTaxExpense": "8885000000", "interestAndDebtExpense": "None", "netIncomeFromContinuingOperations": "4644000000", "comprehensiveIncomeNetOfTax": "None", "ebit": "14647000000", "ebitda": "15933000000", "netIncome": "4628000000"}, {"fiscalDateEnding": "2016-12-31", "reportedCurrency": "USD", "grossProfit": "26129000000", "totalRevenue": "30390000000", "costOfRevenue": "4261000000", "costofGoodsAndServicesSold": "4261000000", "operatingIncome": "17633000000", "sellingGeneralAndAdministrative": "3398000000", "researchAndDevelopment": "5098000000", "operatingExpenses": "8496000000", "investmentIncomeNet": "None", "netInterestIncome": "-964000000", "interestIncome": "790000000", "interestExpense": "964000000", "nonInterestIncome": "None", "otherNonOperatingIncome": "428000000", "depreciation": "None", "depreciationAndAmortization": "1158000000", "incomeBeforeTax": "17097000000", "incomeTaxExpense": "3609000000", "interestAndDebtExpense": "None", "netIncomeFromContinuingOperations": "13488000000", "comprehensiveIncomeNetOfTax": "None", "ebit": "18061000000", "ebitda": "19219000000", "netIncome": "13501000000"}, {"fiscalDateEnding": "2015-12-31", "reportedCurrency": "USD", "grossProfit": "28633000000", "totalRevenue": "32639000000", "costOfRevenue": "4006000000", "costofGoodsAndServicesSold": "4006000000", "operatingIncome": "22193000000", "sellingGeneralAndAdministrative": "3426000000", "researchAndDevelopment": "3014000000", "operatingExpenses": "6440000000", "investmentIncomeNet": "None", "netInterestIncome": "None", "interestIncome": "558000000", "interestExpense": "688000000", "nonInterestIncome": "None", "otherNonOperatingIncome": "154000000", "depreciation": "None", "depreciationAndAmortization": "1098000000", "incomeBeforeTax": "21659000000", "incomeTaxExpense": "3553000000", "interestAndDebtExpense": "None", "netIncomeFromContinuingOperations": "18106000000", "comprehensiveIncomeNetOfTax": "None", "ebit": "22347000000", "ebitda": "23445000000", "netIncome": "18108000000"}, {"fiscalDateEnding": "2014-12-31", "reportedCurrency": "USD", "grossProfit": "21102000000", "totalRevenue": "24890000000", "costOfRevenue": "3788000000", "costofGoodsAndServicesSold": "3788000000", "operatingIncome": "15265000000", "sellingGeneralAndAdministrative": "2983000000", "researchAndDevelopment": "2854000000", "operatingExpenses": "5837000000", "investmentIncomeNet": "None", "netInterestIncome": "None", "interestIncome": "None", "interestExpense": "412000000", "nonInterestIncome": "None", "otherNonOperatingIncome": "3000000", "depreciation": "None", "depreciationAndAmortization": "1050000000", "incomeBeforeTax": "14856000000", "incomeTaxExpense": "2797000000", "interestAndDebtExpense": "None", "netIncomeFromContinuingOperations": "12059000000", "comprehensiveIncomeNetOfTax": "None", "ebit": "15268000000", "ebitda": "16318000000", "netIncome": "12101000000"}, {"fiscalDateEnding": "2013-12-31", "reportedCurrency": "USD", "grossProfit": "8343186000", "totalRevenue": "11201688000", "costOfRevenue": "2858502000", "costofGoodsAndServicesSold": "2858502000", "operatingIncome": "4523999000", "sellingGeneralAndAdministrative": "1699431000", "researchAndDevelopment": "2119756000", "operatingExpenses": "3819187000", "investmentIncomeNet": "None", "netInterestIncome": "None", "interestIncome": "None", "interestExpense": "306894000", "nonInterestIncome": "None", "otherNonOperatingIncome": "-8886000", "depreciation": "None", "depreciationAndAmortization": "344704000", "incomeBeforeTax": "4208219000", "incomeTaxExpense": "1150933000", "interestAndDebtExpense": "None", "netIncomeFromContinuingOperations": "3057286000", "comprehensiveIncomeNetOfTax": "None", "ebit": "4515113000", "ebitda": "4859817000", "netIncome": "3074808000"}, {"fiscalDateEnding": "2012-12-31", "reportedCurrency": "USD", "grossProfit": "7231154000", "totalRevenue": "9702517000", "costOfRevenue": "2471363000", "costofGoodsAndServicesSold": "2471363000", "operatingIncome": "4010175000", "sellingGeneralAndAdministrative": "1461034000", "researchAndDevelopment": "1759945000", "operatingExpenses": "3220979000", "investmentIncomeNet": "None", "netInterestIncome": "None", "interestIncome": "None", "interestExpense": "360916000", "nonInterestIncome": "None", "otherNonOperatingIncome": "-37279000", "depreciation": "None", "depreciationAndAmortization": "278206000", "incomeBeforeTax": "3611980000", "incomeTaxExpense": "1038381000", "interestAndDebtExpense": "None", "netIncomeFromContinuingOperations": "2573599000", "comprehensiveIncomeNetOfTax": "None", "ebit": "3972896000", "ebitda": "4251102000", "netIncome": "2591566000"}, {"fiscalDateEnding": "2011-12-31", "reportedCurrency": "USD", "grossProfit": "6260975000", "totalRevenue": "8385385000", "costOfRevenue": "2124410000", "costofGoodsAndServicesSold": "2124410000", "operatingIncome": "3789841000", "sellingGeneralAndAdministrative": "1241983000", "researchAndDevelopment": "1229151000", "operatingExpenses": "2471134000", "investmentIncomeNet": "None", "netInterestIncome": "None", "interestIncome": "None", "interestExpense": "205418000", "nonInterestIncome": "None", "otherNonOperatingIncome": "66581000", "depreciation": "None", "depreciationAndAmortization": "302232000", "incomeBeforeTax": "3651004000", "incomeTaxExpense": "861945000", "interestAndDebtExpense": "None", "netIncomeFromContinuingOperations": "2789059000", "comprehensiveIncomeNetOfTax": "None", "ebit": "3856422000", "ebitda": "4158654000", "netIncome": "2803637000"}, {"fiscalDateEnding": "2010-12-31", "reportedCurrency": "USD", "grossProfit": "6079544000", "totalRevenue": "7949420000", "costOfRevenue": "1869876000", "costofGoodsAndServicesSold": "1869876000", "operatingIncome": "3962222000", "sellingGeneralAndAdministrative": "1044392000", "researchAndDevelopment": "1072930000", "operatingExpenses": "2117322000", "investmentIncomeNet": "None", "netInterestIncome": "None", "interestIncome": "None", "interestExpense": "108961000", "nonInterestIncome": "None", "otherNonOperatingIncome": "60287000", "depreciation": "None", "depreciationAndAmortization": "265477000", "incomeBeforeTax": "3913548000", "incomeTaxExpense": "1023799000", "interestAndDebtExpense": "None", "netIncomeFromContinuingOperations": "2889749000", "comprehensiveIncomeNetOfTax": "None", "ebit": "4022509000", "ebitda": "4287986000", "netIncome": "2901257000"}, {"fiscalDateEnding": "2009-12-31", "reportedCurrency": "USD", "grossProfit": "5415825000", "totalRevenue": "7011383000", "costOfRevenue": "1595558000", "costofGoodsAndServicesSold": "1595558000", "operatingIncome": "3529221000", "sellingGeneralAndAdministrative": "946686000", "researchAndDevelopment": "939918000", "operatingExpenses": "1886604000", "investmentIncomeNet": "None", "netInterestIncome": "None", "interestIncome": "None", "interestExpense": "69662000", "nonInterestIncome": "None", "otherNonOperatingIncome": "42397000", "depreciation": "None", "depreciationAndAmortization": "212944000", "incomeBeforeTax": "3501956000", "incomeTaxExpense": "876364000", "interestAndDebtExpense": "None", "netIncomeFromContinuingOperations": "2625592000", "comprehensiveIncomeNetOfTax": "None", "ebit": "3571618000", "ebitda": "3784562000", "netIncome": "2635755000"}, {"fiscalDateEnding": "2008-12-31", "reportedCurrency": "USD", "grossProfit": "4208504000", "totalRevenue": "5335750000", "costOfRevenue": "1127246000", "costofGoodsAndServicesSold": "1127246000", "operatingIncome": "2678541000", "sellingGeneralAndAdministrative": "797344000", "researchAndDevelopment": "721768000", "operatingExpenses": "1529963000", "investmentIncomeNet": "None", "netInterestIncome": "None", "interestIncome": "None", "interestExpense": "12101000", "nonInterestIncome": "None", "otherNonOperatingIncome": "None", "depreciation": "None", "depreciationAndAmortization": "102467000", "incomeBeforeTax": "2734405000", "incomeTaxExpense": "723251000", "interestAndDebtExpense": "None", "netIncomeFromContinuingOperations": "None", "comprehensiveIncomeNetOfTax": "None", "ebit": "2737942000", "ebitda": "2840409000", "netIncome": "2011154000"}, {"fiscalDateEnding": "2007-12-31", "reportedCurrency": "USD", "grossProfit": "3461274000", "totalRevenue": "4230045000", "costOfRevenue": "768771000", "costofGoodsAndServicesSold": "768771000", "operatingIncome": "2164507000", "sellingGeneralAndAdministrative": "705741000", "researchAndDevelopment": "591026000", "operatingExpenses": "1296767000", "investmentIncomeNet": "None", "netInterestIncome": "None", "interestIncome": "None", "interestExpense": "105831000", "nonInterestIncome": "None", "otherNonOperatingIncome": "None", "depreciation": "None", "depreciationAndAmortization": "51279000", "incomeBeforeTax": "2270338000", "incomeTaxExpense": "655040000", "interestAndDebtExpense": "None", "netIncomeFromContinuingOperations": "None", "comprehensiveIncomeNetOfTax": "None", "ebit": "2164507000", "ebitda": "2215786000", "netIncome": "1615298000"}, {"fiscalDateEnding": "2006-12-31", "reportedCurrency": "USD", "grossProfit": "2592819000", "totalRevenue": "3026139000", "costOfRevenue": "433320000", "costofGoodsAndServicesSold": "433320000", "operatingIncome": "-758753000", "sellingGeneralAndAdministrative": "573660000", "researchAndDevelopment": "383861000", "operatingExpenses": "957521000", "investmentIncomeNet": "None", "netInterestIncome": "None", "interestIncome": "None", "interestExpense": "4667556000", "nonInterestIncome": "None", "otherNonOperatingIncome": "None", "depreciation": "None", "depreciationAndAmortization": "47284000", "incomeBeforeTax": "-638207000", "incomeTaxExpense": "551750000", "interestAndDebtExpense": "None", "netIncomeFromContinuingOperations": "None", "comprehensiveIncomeNetOfTax": "None", "ebit": "-624111000", "ebitda": "-576827000", "netIncome": "-1189957000"}, {"fiscalDateEnding": "2005-12-31", "reportedCurrency": "USD", "grossProfit": "1768074000", "totalRevenue": "2028400000", "costOfRevenue": "260326000", "costofGoodsAndServicesSold": "260326000", "operatingIncome": "1111102000", "sellingGeneralAndAdministrative": "379248000", "researchAndDevelopment": "277724000", "operatingExpenses": "656972000", "investmentIncomeNet": "None", "netInterestIncome": "None", "interestIncome": "None", "interestExpense": "50690000", "nonInterestIncome": "None", "otherNonOperatingIncome": "None", "depreciation": "None", "depreciationAndAmortization": "35777000", "incomeBeforeTax": "1161792000", "incomeTaxExpense": "347878000", "interestAndDebtExpense": "None", "netIncomeFromContinuingOperations": "None", "comprehensiveIncomeNetOfTax": "None", "ebit": "1111102000", "ebitda": "1146879000", "netIncome": "813914000"}], "quarterlyReports": [{"fiscalDateEnding": "2024-12-31", "reportedCurrency": "USD", "grossProfit": "5988000000", "totalRevenue": "7569000000", "costOfRevenue": "1581000000", "costofGoodsAndServicesSold": "1581000000", "operatingIncome": "2451000000", "sellingGeneralAndAdministrative": "1907000000", "researchAndDevelopment": "1641000000", "operatingExpenses": "3547000000", "investmentIncomeNet": "None", "netInterestIncome": "-164000000", "interestIncome": "85000000", "interestExpense": "248000000", "nonInterestIncome": "None", "otherNonOperatingIncome": "None", "depreciation": "None", "depreciationAndAmortization": "693000000", "incomeBeforeTax": "2168000000", "incomeTaxExpense": "385000000", "interestAndDebtExpense": "None", "netIncomeFromContinuingOperations": "1782000000", "comprehensiveIncomeNetOfTax": "None", "ebit": "2416000000", "ebitda": "3109000000", "netIncome": "1783000000"}, {"fiscalDateEnding": "2024-09-30", "reportedCurrency": "USD", "grossProfit": "5971000000", "totalRevenue": "7545000000", "costOfRevenue": "1574000000", "costofGoodsAndServicesSold": "1574000000", "operatingIncome": "888000000", "sellingGeneralAndAdministrative": "1433000000", "researchAndDevelopment": "1395000000", "operatingExpenses": "5083000000", "investmentIncomeNet": "None", "netInterestIncome": "-186000000", "interestIncome": "52000000", "interestExpense": "237000000", "nonInterestIncome": "None", "otherNonOperatingIncome": "None", "depreciation": "None", "depreciationAndAmortization": "690000000", "incomeBeforeTax": "956000000", "incomeTaxExpense": "-297000000", "interestAndDebtExpense": "None", "netIncomeFromContinuingOperations": "1253000000", "comprehensiveIncomeNetOfTax": "None", "ebit": "1194000000", "ebitda": "1884000000", "netIncome": "1253000000"}, {"fiscalDateEnding": "2024-06-30", "reportedCurrency": "USD", "grossProfit": "5405000000", "totalRevenue": "6949000000", "costOfRevenue": "1544000000", "costofGoodsAndServicesSold": "1544000000", "operatingIncome": "2688000000", "sellingGeneralAndAdministrative": "1377000000", "researchAndDevelopment": "1348000000", "operatingExpenses": "2717000000", "investmentIncomeNet": "None", "netInterestIncome": "-237000000", "interestIncome": "None", "interestExpense": "237000000", "nonInterestIncome": "None", "otherNonOperatingIncome": "None", "depreciation": "None", "depreciationAndAmortization": "694000000", "incomeBeforeTax": "2053000000", "incomeTaxExpense": "438000000", "interestAndDebtExpense": "None", "netIncomeFromContinuingOperations": "1615000000", "comprehensiveIncomeNetOfTax": "None", "ebit": "2289000000", "ebitda": "2983000000", "netIncome": "1614000000"}, {"fiscalDateEnding": "2024-03-31", "reportedCurrency": "USD", "grossProfit": "5134000000", "totalRevenue": "6686000000", "costOfRevenue": "1552000000", "costofGoodsAndServicesSold": "1552000000", "operatingIncome": "2302000000", "sellingGeneralAndAdministrative": "1375000000", "researchAndDevelopment": "1470000000", "operatingExpenses": "2832000000", "investmentIncomeNet": "None", "netInterestIncome": "-254000000", "interestIncome": "None", "interestExpense": "254000000", "nonInterestIncome": "None", "otherNonOperatingIncome": "None", "depreciation": "None", "depreciationAndAmortization": "690000000", "incomeBeforeTax": "-4486000000", "incomeTaxExpense": "-315000000", "interestAndDebtExpense": "None", "netIncomeFromContinuingOperations": "-4171000000", "comprehensiveIncomeNetOfTax": "None", "ebit": "-4231000000", "ebitda": "-3541000000", "netIncome": "-4170000000"}, {"fiscalDateEnding": "2023-12-31", "reportedCurrency": "USD", "grossProfit": "5555000000", "totalRevenue": "7115000000", "costOfRevenue": "1560000000", "costofGoodsAndServicesSold": "1560000000", "operatingIncome": "2506000000", "sellingGeneralAndAdministrative": "771000000", "researchAndDevelopment": "1452000000", "operatingExpenses": "3049000000", "investmentIncomeNet": "None", "netInterestIncome": "-252000000", "interestIncome": "None", "interestExpense": "252000000", "nonInterestIncome": "None", "otherNonOperatingIncome": "None", "depreciation": "None", "depreciationAndAmortization": "688000000", "incomeBeforeTax": "1653000000", "incomeTaxExpense": "236000000", "interestAndDebtExpense": "None", "netIncomeFromContinuingOperations": "1416000000", "comprehensiveIncomeNetOfTax": "None", "ebit": "1905000000", "ebitda": "2593000000", "netIncome": "1429000000"}, {"fiscalDateEnding": "2023-09-30", "reportedCurrency": "USD", "grossProfit": "5485000000", "totalRevenue": "7050000000", "costOfRevenue": "1565000000", "costofGoodsAndServicesSold": "1565000000", "operatingIncome": "2623000000", "sellingGeneralAndAdministrative": "1315000000", "researchAndDevelopment": "1457000000", "operatingExpenses": "2772000000", "investmentIncomeNet": "None", "netInterestIncome": "-232000000", "interestIncome": "106000000", "interestExpense": "232000000", "nonInterestIncome": "None", "otherNonOperatingIncome": "None", "depreciation": "None", "depreciationAndAmortization": "684000000", "incomeBeforeTax": "2318000000", "incomeTaxExpense": "146000000", "interestAndDebtExpense": "None", "netIncomeFromContinuingOperations": "2172000000", "comprehensiveIncomeNetOfTax": "None", "ebit": "2551000000", "ebitda": "3235000000", "netIncome": "2180000000"}, {"fiscalDateEnding": "2023-06-30", "reportedCurrency": "USD", "grossProfit": "5157000000", "totalRevenue": "6599000000", "costOfRevenue": "1442000000", "costofGoodsAndServicesSold": "1442000000", "operatingIncome": "1665000000", "sellingGeneralAndAdministrative": "1849000000", "researchAndDevelopment": "1407000000", "operatingExpenses": "3256000000", "investmentIncomeNet": "None", "netInterestIncome": "-230000000", "interestIncome": "None", "interestExpense": "230000000", "nonInterestIncome": "None", "otherNonOperatingIncome": "152000000", "depreciation": "None", "depreciationAndAmortization": "681000000", "incomeBeforeTax": "1588000000", "incomeTaxExpense": "549000000", "interestAndDebtExpense": "None", "netIncomeFromContinuingOperations": "1039000000", "comprehensiveIncomeNetOfTax": "None", "ebit": "1817000000", "ebitda": "2498000000", "netIncome": "1045000000"}, {"fiscalDateEnding": "2023-03-31", "reportedCurrency": "USD", "grossProfit": "4951000000", "totalRevenue": "6352000000", "costOfRevenue": "1401000000", "costofGoodsAndServicesSold": "1401000000", "operatingIncome": "1705000000", "sellingGeneralAndAdministrative": "6700000", "researchAndDevelopment": "1447000000", "operatingExpenses": "2766000000", "investmentIncomeNet": "None", "netInterestIncome": "-230000000", "interestIncome": "None", "interestExpense": "230000000", "nonInterestIncome": "None", "otherNonOperatingIncome": "-174000000", "depreciation": "None", "depreciationAndAmortization": "640000000", "incomeBeforeTax": "1300000000", "incomeTaxExpense": "316000000", "interestAndDebtExpense": "None", "netIncomeFromContinuingOperations": "985000000", "comprehensiveIncomeNetOfTax": "None", "ebit": "1530000000", "ebitda": "2170000000", "netIncome": "1010000000"}, {"fiscalDateEnding": "2022-12-31", "reportedCurrency": "USD", "grossProfit": "5993000000", "totalRevenue": "7389000000", "costOfRevenue": "1396000000", "costofGoodsAndServicesSold": "1396000000", "operatingIncome": "2267000000", "sellingGeneralAndAdministrative": "1242000000", "researchAndDevelopment": "1548000000", "operatingExpenses": "3568000000", "investmentIncomeNet": "None", "netInterestIncome": "-227000000", "interestIncome": "None", "interestExpense": "227000000", "nonInterestIncome": "None", "otherNonOperatingIncome": "-10000000", "depreciation": "None", "depreciationAndAmortization": "528000000", "incomeBeforeTax": "2031000000", "incomeTaxExpense": "398000000", "interestAndDebtExpense": "None", "netIncomeFromContinuingOperations": "1633000000", "comprehensiveIncomeNetOfTax": "None", "ebit": "2258000000", "ebitda": "2786000000", "netIncome": "1640000000"}, {"fiscalDateEnding": "2022-09-30", "reportedCurrency": "USD", "grossProfit": "5647000000", "totalRevenue": "7042000000", "costOfRevenue": "1395000000", "costofGoodsAndServicesSold": "1395000000", "operatingIncome": "2837000000", "sellingGeneralAndAdministrative": "1213000000", "researchAndDevelopment": "1149000000", "operatingExpenses": "2362000000", "investmentIncomeNet": "None", "netInterestIncome": "-229000000", "interestIncome": "None", "interestExpense": "229000000", "nonInterestIncome": "None", "otherNonOperatingIncome": "-176000000", "depreciation": "None", "depreciationAndAmortization": "525000000", "incomeBeforeTax": "2432000000", "incomeTaxExpense": "646000000", "interestAndDebtExpense": "None", "netIncomeFromContinuingOperations": "1786000000", "comprehensiveIncomeNetOfTax": "None", "ebit": "2661000000", "ebitda": "3186000000", "netIncome": "1789000000"}, {"fiscalDateEnding": "2022-06-30", "reportedCurrency": "USD", "grossProfit": "4818000000", "totalRevenue": "6260000000", "costOfRevenue": "1442000000", "costofGoodsAndServicesSold": "1442000000", "operatingIncome": "2029000000", "sellingGeneralAndAdministrative": "6700000", "researchAndDevelopment": "1102000000", "operatingExpenses": "2459000000", "investmentIncomeNet": "None", "netInterestIncome": "-242000000", "interestIncome": "None", "interestExpense": "242000000", "nonInterestIncome": "None", "otherNonOperatingIncome": "-284000000", "depreciation": "None", "depreciationAndAmortization": "525000000", "incomeBeforeTax": "1503000000", "incomeTaxExpense": "368000000", "interestAndDebtExpense": "None", "netIncomeFromContinuingOperations": "1135000000", "comprehensiveIncomeNetOfTax": "None", "ebit": "1745000000", "ebitda": "2270000000", "netIncome": "1144000000"}, {"fiscalDateEnding": "2022-03-31", "reportedCurrency": "USD", "grossProfit": "5166000000", "totalRevenue": "6590000000", "costOfRevenue": "1424000000", "costofGoodsAndServicesSold": "1424000000", "operatingIncome": "-439000000", "sellingGeneralAndAdministrative": "1083000000", "researchAndDevelopment": "3886000000", "operatingExpenses": "4969000000", "investmentIncomeNet": "None", "netInterestIncome": "-238000000", "interestIncome": "None", "interestExpense": "238000000", "nonInterestIncome": "None", "otherNonOperatingIncome": "-111000000", "depreciation": "None", "depreciationAndAmortization": "525000000", "incomeBeforeTax": "-152000000", "incomeTaxExpense": "-164000000", "interestAndDebtExpense": "None", "netIncomeFromContinuingOperations": "12000000", "comprehensiveIncomeNetOfTax": "None", "ebit": "86000000", "ebitda": "611000000", "netIncome": "12000000"}, {"fiscalDateEnding": "2021-12-31", "reportedCurrency": "USD", "grossProfit": "4617000000", "totalRevenue": "7244000000", "costOfRevenue": "2627000000", "costofGoodsAndServicesSold": "2627000000", "operatingIncome": "940000000", "sellingGeneralAndAdministrative": "915000000", "researchAndDevelopment": "2027000000", "operatingExpenses": "3677000000", "investmentIncomeNet": "None", "netInterestIncome": "-238000000", "interestIncome": "None", "interestExpense": "238000000", "nonInterestIncome": "None", "otherNonOperatingIncome": "57000000", "depreciation": "None", "depreciationAndAmortization": "535000000", "incomeBeforeTax": "759000000", "incomeTaxExpense": "383000000", "interestAndDebtExpense": "None", "netIncomeFromContinuingOperations": "376000000", "comprehensiveIncomeNetOfTax": "None", "ebit": "997000000", "ebitda": "1532000000", "netIncome": "382000000"}, {"fiscalDateEnding": "2021-09-30", "reportedCurrency": "USD", "grossProfit": "6198000000", "totalRevenue": "7421000000", "costOfRevenue": "1223000000", "costofGoodsAndServicesSold": "1223000000", "operatingIncome": "3842000000", "sellingGeneralAndAdministrative": "1190000000", "researchAndDevelopment": "1147000000", "operatingExpenses": "2337000000", "investmentIncomeNet": "None", "netInterestIncome": "-250000000", "interestIncome": "None", "interestExpense": "250000000", "nonInterestIncome": "None", "otherNonOperatingIncome": "-154000000", "depreciation": "None", "depreciationAndAmortization": "478000000", "incomeBeforeTax": "3438000000", "incomeTaxExpense": "852000000", "interestAndDebtExpense": "None", "netIncomeFromContinuingOperations": "2586000000", "comprehensiveIncomeNetOfTax": "None", "ebit": "3688000000", "ebitda": "4166000000", "netIncome": "2592000000"}, {"fiscalDateEnding": "2021-06-30", "reportedCurrency": "USD", "grossProfit": "4827000000", "totalRevenue": "6217000000", "costOfRevenue": "1390000000", "costofGoodsAndServicesSold": "1390000000", "operatingIncome": "2246000000", "sellingGeneralAndAdministrative": "1351000000", "researchAndDevelopment": "1134000000", "operatingExpenses": "2485000000", "investmentIncomeNet": "None", "netInterestIncome": "-256000000", "interestIncome": "None", "interestExpense": "256000000", "nonInterestIncome": "None", "otherNonOperatingIncome": "-173000000", "depreciation": "None", "depreciationAndAmortization": "564000000", "incomeBeforeTax": "1817000000", "incomeTaxExpense": "300000000", "interestAndDebtExpense": "None", "netIncomeFromContinuingOperations": "1517000000", "comprehensiveIncomeNetOfTax": "None", "ebit": "2073000000", "ebitda": "2637000000", "netIncome": "1522000000"}, {"fiscalDateEnding": "2021-03-31", "reportedCurrency": "USD", "grossProfit": "5062000000", "totalRevenue": "6423000000", "costOfRevenue": "1361000000", "costofGoodsAndServicesSold": "1361000000", "operatingIncome": "2890000000", "sellingGeneralAndAdministrative": "1055000000", "researchAndDevelopment": "1055000000", "operatingExpenses": "2110000000", "investmentIncomeNet": "None", "netInterestIncome": "-257000000", "interestIncome": "None", "interestExpense": "257000000", "nonInterestIncome": "None", "otherNonOperatingIncome": "-369000000", "depreciation": "None", "depreciationAndAmortization": "473000000", "incomeBeforeTax": "2264000000", "incomeTaxExpense": "542000000", "interestAndDebtExpense": "None", "netIncomeFromContinuingOperations": "1722000000", "comprehensiveIncomeNetOfTax": "None", "ebit": "2521000000", "ebitda": "2994000000", "netIncome": "1729000000"}, {"fiscalDateEnding": "2020-12-31", "reportedCurrency": "USD", "grossProfit": "6023000000", "totalRevenue": "7421000000", "costOfRevenue": "1398000000", "costofGoodsAndServicesSold": "1398000000", "operatingIncome": "2651000000", "sellingGeneralAndAdministrative": "935000000", "researchAndDevelopment": "1578000000", "operatingExpenses": "3308000000", "investmentIncomeNet": "None", "netInterestIncome": "-267000000", "interestIncome": "None", "interestExpense": "267000000", "nonInterestIncome": "None", "otherNonOperatingIncome": "-570000000", "depreciation": "None", "depreciationAndAmortization": "427000000", "incomeBeforeTax": "1814000000", "incomeTaxExpense": "270000000", "interestAndDebtExpense": "None", "netIncomeFromContinuingOperations": "1544000000", "comprehensiveIncomeNetOfTax": "None", "ebit": "2081000000", "ebitda": "2508000000", "netIncome": "1551000000"}, {"fiscalDateEnding": "2020-09-30", "reportedCurrency": "USD", "grossProfit": "5436000000", "totalRevenue": "6577000000", "costOfRevenue": "1141000000", "costofGoodsAndServicesSold": "1141000000", "operatingIncome": "2001000000", "sellingGeneralAndAdministrative": "1106000000", "researchAndDevelopment": "1158000000", "operatingExpenses": "2264000000", "investmentIncomeNet": "None", "netInterestIncome": "-236000000", "interestIncome": "None", "interestExpense": "236000000", "nonInterestIncome": "None", "otherNonOperatingIncome": "-940000000", "depreciation": "None", "depreciationAndAmortization": "355000000", "incomeBeforeTax": "825000000", "incomeTaxExpense": "472000000", "interestAndDebtExpense": "None", "netIncomeFromContinuingOperations": "353000000", "comprehensiveIncomeNetOfTax": "None", "ebit": "1061000000", "ebitda": "1416000000", "netIncome": "360000000"}, {"fiscalDateEnding": "2020-06-30", "reportedCurrency": "USD", "grossProfit": "4079000000", "totalRevenue": "5143000000", "costOfRevenue": "1064000000", "costofGoodsAndServicesSold": "1064000000", "operatingIncome": "-2983000000", "sellingGeneralAndAdministrative": "1239000000", "researchAndDevelopment": "1299000000", "operatingExpenses": "2538000000", "investmentIncomeNet": "None", "netInterestIncome": "-240000000", "interestIncome": "None", "interestExpense": "240000000", "nonInterestIncome": "None", "otherNonOperatingIncome": "250000000", "depreciation": "None", "depreciationAndAmortization": "349000000", "incomeBeforeTax": "-2973000000", "incomeTaxExpense": "373000000", "interestAndDebtExpense": "None", "netIncomeFromContinuingOperations": "-3346000000", "comprehensiveIncomeNetOfTax": "None", "ebit": "-2732000000", "ebitda": "-2383000000", "netIncome": "-3339000000"}, {"fiscalDateEnding": "2020-03-31", "reportedCurrency": "USD", "grossProfit": "4579000000", "totalRevenue": "5548000000", "costOfRevenue": "969000000", "costofGoodsAndServicesSold": "969000000", "operatingIncome": "2402000000", "sellingGeneralAndAdministrative": "1076000000", "researchAndDevelopment": "1101000000", "operatingExpenses": "2177000000", "investmentIncomeNet": "None", "netInterestIncome": "-241000000", "interestIncome": "500000000", "interestExpense": "241000000", "nonInterestIncome": "None", "otherNonOperatingIncome": "-158000000", "depreciation": "None", "depreciationAndAmortization": "349000000", "incomeBeforeTax": "2003000000", "incomeTaxExpense": "465000000", "interestAndDebtExpense": "None", "netIncomeFromContinuingOperations": "1538000000", "comprehensiveIncomeNetOfTax": "None", "ebit": "2244000000", "ebitda": "2593000000", "netIncome": "1551000000"}, {"fiscalDateEnding": "2019-12-31", "reportedCurrency": "USD", "grossProfit": "4196000000", "totalRevenue": "5879000000", "costOfRevenue": "1683000000", "costofGoodsAndServicesSold": "1683000000", "operatingIncome": "1093000000", "sellingGeneralAndAdministrative": "1204000000", "researchAndDevelopment": "1899000000", "operatingExpenses": "3103000000", "investmentIncomeNet": "None", "netInterestIncome": "-243000000", "interestIncome": "638000000", "interestExpense": "243000000", "nonInterestIncome": "None", "otherNonOperatingIncome": "1051000000", "depreciation": "None", "depreciationAndAmortization": "350000000", "incomeBeforeTax": "1901000000", "incomeTaxExpense": "-788000000", "interestAndDebtExpense": "None", "netIncomeFromContinuingOperations": "2689000000", "comprehensiveIncomeNetOfTax": "None", "ebit": "2144000000", "ebitda": "2494000000", "netIncome": "2696000000"}, {"fiscalDateEnding": "2019-09-30", "reportedCurrency": "USD", "grossProfit": "4569000000", "totalRevenue": "5604000000", "costOfRevenue": "1035000000", "costofGoodsAndServicesSold": "1035000000", "operatingIncome": "-1473000000", "sellingGeneralAndAdministrative": "1052000000", "researchAndDevelopment": "4990000000", "operatingExpenses": "6042000000", "investmentIncomeNet": "None", "netInterestIncome": "-250000000", "interestIncome": "152000000", "interestExpense": "250000000", "nonInterestIncome": "None", "otherNonOperatingIncome": "222000000", "depreciation": "None", "depreciationAndAmortization": "347000000", "incomeBeforeTax": "-1501000000", "incomeTaxExpense": "-333000000", "interestAndDebtExpense": "None", "netIncomeFromContinuingOperations": "-1168000000", "comprehensiveIncomeNetOfTax": "None", "ebit": "-1251000000", "ebitda": "-904000000", "netIncome": "-1165000000"}, {"fiscalDateEnding": "2019-06-30", "reportedCurrency": "USD", "grossProfit": "4685000000", "totalRevenue": "5685000000", "costOfRevenue": "1000000000", "costofGoodsAndServicesSold": "1000000000", "operatingIncome": "2430000000", "sellingGeneralAndAdministrative": "1095000000", "researchAndDevelopment": "1160000000", "operatingExpenses": "2255000000", "investmentIncomeNet": "None", "netInterestIncome": "-248000000", "interestIncome": "196000000", "interestExpense": "248000000", "nonInterestIncome": "None", "otherNonOperatingIncome": "228000000", "depreciation": "None", "depreciationAndAmortization": "348000000", "incomeBeforeTax": "2410000000", "incomeTaxExpense": "535000000", "interestAndDebtExpense": "None", "netIncomeFromContinuingOperations": "1875000000", "comprehensiveIncomeNetOfTax": "None", "ebit": "2658000000", "ebitda": "3006000000", "netIncome": "1880000000"}, {"fiscalDateEnding": "2019-03-31", "reportedCurrency": "USD", "grossProfit": "4324000000", "totalRevenue": "5281000000", "costOfRevenue": "957000000", "costofGoodsAndServicesSold": "957000000", "operatingIncome": "2237000000", "sellingGeneralAndAdministrative": "1030000000", "researchAndDevelopment": "1057000000", "operatingExpenses": "2087000000", "investmentIncomeNet": "None", "netInterestIncome": "-254000000", "interestIncome": "63000000", "interestExpense": "254000000", "nonInterestIncome": "None", "otherNonOperatingIncome": "367000000", "depreciation": "None", "depreciationAndAmortization": "359000000", "incomeBeforeTax": "2350000000", "incomeTaxExpense": "382000000", "interestAndDebtExpense": "None", "netIncomeFromContinuingOperations": "1968000000", "comprehensiveIncomeNetOfTax": "None", "ebit": "2604000000", "ebitda": "2963000000", "netIncome": "1975000000"}, {"fiscalDateEnding": "2018-12-31", "reportedCurrency": "USD", "grossProfit": "4225000000", "totalRevenue": "5795000000", "costOfRevenue": "1570000000", "costofGoodsAndServicesSold": "1570000000", "operatingIncome": "1144000000", "sellingGeneralAndAdministrative": "1131000000", "researchAndDevelopment": "1950000000", "operatingExpenses": "3081000000", "investmentIncomeNet": "None", "netInterestIncome": "None", "interestIncome": "None", "interestExpense": "257000000", "nonInterestIncome": "None", "otherNonOperatingIncome": "129000000", "depreciation": "None", "depreciationAndAmortization": "358000000", "incomeBeforeTax": "1016000000", "incomeTaxExpense": "1013000000", "interestAndDebtExpense": "None", "netIncomeFromContinuingOperations": "3000000", "comprehensiveIncomeNetOfTax": "None", "ebit": "1273000000", "ebitda": "1631000000", "netIncome": "3000000"}, {"fiscalDateEnding": "2018-09-30", "reportedCurrency": "USD", "grossProfit": "4510000000", "totalRevenue": "5596000000", "costOfRevenue": "1086000000", "costofGoodsAndServicesSold": "1086000000", "operatingIncome": "2623000000", "sellingGeneralAndAdministrative": "948000000", "researchAndDevelopment": "939000000", "operatingExpenses": "1887000000", "investmentIncomeNet": "None", "netInterestIncome": "None", "interestIncome": "None", "interestExpense": "264000000", "nonInterestIncome": "None", "otherNonOperatingIncome": "305000000", "depreciation": "None", "depreciationAndAmortization": "358000000", "incomeBeforeTax": "2664000000", "incomeTaxExpense": "565000000", "interestAndDebtExpense": "None", "netIncomeFromContinuingOperations": "2099000000", "comprehensiveIncomeNetOfTax": "None", "ebit": "2928000000", "ebitda": "3286000000", "netIncome": "2097000000"}, {"fiscalDateEnding": "2018-06-30", "reportedCurrency": "USD", "grossProfit": "4452000000", "totalRevenue": "5648000000", "costOfRevenue": "1196000000", "costofGoodsAndServicesSold": "1196000000", "operatingIncome": "2280000000", "sellingGeneralAndAdministrative": "980000000", "researchAndDevelopment": "1192000000", "operatingExpenses": "2172000000", "investmentIncomeNet": "None", "netInterestIncome": "None", "interestIncome": "None", "interestExpense": "266000000", "nonInterestIncome": "None", "otherNonOperatingIncome": "72000000", "depreciation": "None", "depreciationAndAmortization": "356000000", "incomeBeforeTax": "2086000000", "incomeTaxExpense": "267000000", "interestAndDebtExpense": "None", "netIncomeFromContinuingOperations": "1819000000", "comprehensiveIncomeNetOfTax": "None", "ebit": "2352000000", "ebitda": "2708000000", "netIncome": "1817000000"}, {"fiscalDateEnding": "2018-03-31", "reportedCurrency": "USD", "grossProfit": "4087000000", "totalRevenue": "5088000000", "costOfRevenue": "1001000000", "costofGoodsAndServicesSold": "1001000000", "operatingIncome": "2153000000", "sellingGeneralAndAdministrative": "997000000", "researchAndDevelopment": "937000000", "operatingExpenses": "1934000000", "investmentIncomeNet": "None", "netInterestIncome": "None", "interestIncome": "None", "interestExpense": "290000000", "nonInterestIncome": "None", "otherNonOperatingIncome": "170000000", "depreciation": "None", "depreciationAndAmortization": "357000000", "incomeBeforeTax": "2033000000", "incomeTaxExpense": "494000000", "interestAndDebtExpense": "None", "netIncomeFromContinuingOperations": "1539000000", "comprehensiveIncomeNetOfTax": "None", "ebit": "2323000000", "ebitda": "2680000000", "netIncome": "1538000000"}, {"fiscalDateEnding": "2017-12-31", "reportedCurrency": "USD", "grossProfit": "4693000000", "totalRevenue": "5949000000", "costOfRevenue": "1256000000", "costofGoodsAndServicesSold": "1256000000", "operatingIncome": "2291000000", "sellingGeneralAndAdministrative": "1252000000", "researchAndDevelopment": "1150000000", "operatingExpenses": "2402000000", "investmentIncomeNet": "None", "netInterestIncome": "None", "interestIncome": "None", "interestExpense": "297000000", "nonInterestIncome": "None", "otherNonOperatingIncome": "132000000", "depreciation": "None", "depreciationAndAmortization": "397000000", "incomeBeforeTax": "2126000000", "incomeTaxExpense": "5962000000", "interestAndDebtExpense": "None", "netIncomeFromContinuingOperations": "-3836000000", "comprehensiveIncomeNetOfTax": "None", "ebit": "2423000000", "ebitda": "2820000000", "netIncome": "-3865000000"}, {"fiscalDateEnding": "2017-09-30", "reportedCurrency": "USD", "grossProfit": "5480000000", "totalRevenue": "6512000000", "costOfRevenue": "1032000000", "costofGoodsAndServicesSold": "1032000000", "operatingIncome": "3812000000", "sellingGeneralAndAdministrative": "879000000", "researchAndDevelopment": "789000000", "operatingExpenses": "1668000000", "investmentIncomeNet": "None", "netInterestIncome": "None", "interestIncome": "None", "interestExpense": "291000000", "nonInterestIncome": "None", "otherNonOperatingIncome": "150000000", "depreciation": "None", "depreciationAndAmortization": "297000000", "incomeBeforeTax": "3671000000", "incomeTaxExpense": "959000000", "interestAndDebtExpense": "None", "netIncomeFromContinuingOperations": "2712000000", "comprehensiveIncomeNetOfTax": "None", "ebit": "3962000000", "ebitda": "4259000000", "netIncome": "2718000000"}, {"fiscalDateEnding": "2017-06-30", "reportedCurrency": "USD", "grossProfit": "6015000000", "totalRevenue": "7141000000", "costOfRevenue": "1126000000", "costofGoodsAndServicesSold": "1126000000", "operatingIncome": "4254000000", "sellingGeneralAndAdministrative": "897000000", "researchAndDevelopment": "864000000", "operatingExpenses": "1761000000", "investmentIncomeNet": "None", "netInterestIncome": "None", "interestIncome": "None", "interestExpense": "269000000", "nonInterestIncome": "None", "otherNonOperatingIncome": "130000000", "depreciation": "None", "depreciationAndAmortization": "298000000", "incomeBeforeTax": "4115000000", "incomeTaxExpense": "1046000000", "interestAndDebtExpense": "None", "netIncomeFromContinuingOperations": "3069000000", "comprehensiveIncomeNetOfTax": "None", "ebit": "4384000000", "ebitda": "4682000000", "netIncome": "3073000000"}, {"fiscalDateEnding": "2017-03-31", "reportedCurrency": "USD", "grossProfit": "5548000000", "totalRevenue": "6505000000", "costOfRevenue": "957000000", "costofGoodsAndServicesSold": "957000000", "operatingIncome": "3767000000", "sellingGeneralAndAdministrative": "850000000", "researchAndDevelopment": "931000000", "operatingExpenses": "1781000000", "investmentIncomeNet": "None", "netInterestIncome": "None", "interestIncome": "None", "interestExpense": "261000000", "nonInterestIncome": "None", "otherNonOperatingIncome": "111000000", "depreciation": "None", "depreciationAndAmortization": "294000000", "incomeBeforeTax": "3617000000", "incomeTaxExpense": "918000000", "interestAndDebtExpense": "None", "netIncomeFromContinuingOperations": "2699000000", "comprehensiveIncomeNetOfTax": "None", "ebit": "3878000000", "ebitda": "4172000000", "netIncome": "2702000000"}, {"fiscalDateEnding": "2016-12-31", "reportedCurrency": "USD", "grossProfit": "6245000000", "totalRevenue": "7320000000", "costOfRevenue": "1075000000", "costofGoodsAndServicesSold": "1075000000", "operatingIncome": "4045000000", "sellingGeneralAndAdministrative": "992000000", "researchAndDevelopment": "1208000000", "operatingExpenses": "2200000000", "investmentIncomeNet": "None", "netInterestIncome": "None", "interestIncome": "None", "interestExpense": "265000000", "nonInterestIncome": "None", "otherNonOperatingIncome": "140000000", "depreciation": "None", "depreciationAndAmortization": "292000000", "incomeBeforeTax": "3920000000", "incomeTaxExpense": "821000000", "interestAndDebtExpense": "None", "netIncomeFromContinuingOperations": "3099000000", "comprehensiveIncomeNetOfTax": "None", "ebit": "4185000000", "ebitda": "4477000000", "netIncome": "3108000000"}, {"fiscalDateEnding": "2016-09-30", "reportedCurrency": "USD", "grossProfit": "6371000000", "totalRevenue": "7500000000", "costOfRevenue": "1129000000", "costofGoodsAndServicesSold": "1129000000", "operatingIncome": "4399000000", "sellingGeneralAndAdministrative": "831000000", "researchAndDevelopment": "1141000000", "operatingExpenses": "1972000000", "investmentIncomeNet": "None", "netInterestIncome": "None", "interestIncome": "None", "interestExpense": "242000000", "nonInterestIncome": "None", "otherNonOperatingIncome": "119000000", "depreciation": "None", "depreciationAndAmortization": "299000000", "incomeBeforeTax": "4276000000", "incomeTaxExpense": "951000000", "interestAndDebtExpense": "None", "netIncomeFromContinuingOperations": "3325000000", "comprehensiveIncomeNetOfTax": "None", "ebit": "4518000000", "ebitda": "4817000000", "netIncome": "3330000000"}, {"fiscalDateEnding": "2016-06-30", "reportedCurrency": "USD", "grossProfit": "6912000000", "totalRevenue": "7776000000", "costOfRevenue": "864000000", "costofGoodsAndServicesSold": "864000000", "operatingIncome": "4538000000", "sellingGeneralAndAdministrative": "890000000", "researchAndDevelopment": "1484000000", "operatingExpenses": "2374000000", "investmentIncomeNet": "None", "netInterestIncome": "None", "interestIncome": "None", "interestExpense": "227000000", "nonInterestIncome": "None", "otherNonOperatingIncome": "88000000", "depreciation": "None", "depreciationAndAmortization": "284000000", "incomeBeforeTax": "4399000000", "incomeTaxExpense": "902000000", "interestAndDebtExpense": "None", "netIncomeFromContinuingOperations": "3497000000", "comprehensiveIncomeNetOfTax": "None", "ebit": "4626000000", "ebitda": "4910000000", "netIncome": "3497000000"}, {"fiscalDateEnding": "2016-03-31", "reportedCurrency": "USD", "grossProfit": "6601000000", "totalRevenue": "7794000000", "costOfRevenue": "1193000000", "costofGoodsAndServicesSold": "1193000000", "operatingIncome": "4651000000", "sellingGeneralAndAdministrative": "685000000", "researchAndDevelopment": "1265000000", "operatingExpenses": "1950000000", "investmentIncomeNet": "None", "netInterestIncome": "None", "interestIncome": "None", "interestExpense": "230000000", "nonInterestIncome": "None", "otherNonOperatingIncome": "81000000", "depreciation": "None", "depreciationAndAmortization": "283000000", "incomeBeforeTax": "4502000000", "incomeTaxExpense": "935000000", "interestAndDebtExpense": "None", "netIncomeFromContinuingOperations": "3567000000", "comprehensiveIncomeNetOfTax": "None", "ebit": "4732000000", "ebitda": "5015000000", "netIncome": "3566000000"}, {"fiscalDateEnding": "2015-12-31", "reportedCurrency": "USD", "grossProfit": "7444000000", "totalRevenue": "8506000000", "costOfRevenue": "1062000000", "costofGoodsAndServicesSold": "1062000000", "operatingIncome": "5621000000", "sellingGeneralAndAdministrative": "1066000000", "researchAndDevelopment": "757000000", "operatingExpenses": "1823000000", "investmentIncomeNet": "None", "netInterestIncome": "None", "interestIncome": "None", "interestExpense": "230000000", "nonInterestIncome": "None", "otherNonOperatingIncome": "46000000", "depreciation": "None", "depreciationAndAmortization": "278000000", "incomeBeforeTax": "5437000000", "incomeTaxExpense": "752000000", "interestAndDebtExpense": "None", "netIncomeFromContinuingOperations": "4685000000", "comprehensiveIncomeNetOfTax": "None", "ebit": "5667000000", "ebitda": "5945000000", "netIncome": "4683000000"}, {"fiscalDateEnding": "2015-09-30", "reportedCurrency": "USD", "grossProfit": "7231000000", "totalRevenue": "8295000000", "costOfRevenue": "1064000000", "costofGoodsAndServicesSold": "1064000000", "operatingIncome": "5585000000", "sellingGeneralAndAdministrative": "903000000", "researchAndDevelopment": "743000000", "operatingExpenses": "1646000000", "investmentIncomeNet": "None", "netInterestIncome": "None", "interestIncome": "None", "interestExpense": "165000000", "nonInterestIncome": "None", "otherNonOperatingIncome": "52000000", "depreciation": "None", "depreciationAndAmortization": "278000000", "incomeBeforeTax": "5472000000", "incomeTaxExpense": "880000000", "interestAndDebtExpense": "None", "netIncomeFromContinuingOperations": "4592000000", "comprehensiveIncomeNetOfTax": "None", "ebit": "5637000000", "ebitda": "5915000000", "netIncome": "4600000000"}, {"fiscalDateEnding": "2015-06-30", "reportedCurrency": "USD", "grossProfit": "7246000000", "totalRevenue": "8244000000", "costOfRevenue": "998000000", "costofGoodsAndServicesSold": "998000000", "operatingIncome": "5616000000", "sellingGeneralAndAdministrative": "812000000", "researchAndDevelopment": "818000000", "operatingExpenses": "1630000000", "investmentIncomeNet": "None", "netInterestIncome": "None", "interestIncome": "None", "interestExpense": "140000000", "nonInterestIncome": "None", "otherNonOperatingIncome": "35000000", "depreciation": "None", "depreciationAndAmortization": "273000000", "incomeBeforeTax": "5511000000", "incomeTaxExpense": "1014000000", "interestAndDebtExpense": "None", "netIncomeFromContinuingOperations": "4497000000", "comprehensiveIncomeNetOfTax": "None", "ebit": "5651000000", "ebitda": "5924000000", "netIncome": "4492000000"}, {"fiscalDateEnding": "2015-03-31", "reportedCurrency": "USD", "grossProfit": "6712000000", "totalRevenue": "7594000000", "costOfRevenue": "882000000", "costofGoodsAndServicesSold": "882000000", "operatingIncome": "5371000000", "sellingGeneralAndAdministrative": "645000000", "researchAndDevelopment": "696000000", "operatingExpenses": "1341000000", "investmentIncomeNet": "None", "netInterestIncome": "None", "interestIncome": "None", "interestExpense": "153000000", "nonInterestIncome": "None", "otherNonOperatingIncome": "21000000", "depreciation": "None", "depreciationAndAmortization": "269000000", "incomeBeforeTax": "5239000000", "incomeTaxExpense": "907000000", "interestAndDebtExpense": "None", "netIncomeFromContinuingOperations": "4332000000", "comprehensiveIncomeNetOfTax": "None", "ebit": "5392000000", "ebitda": "5661000000", "netIncome": "4333000000"}, {"fiscalDateEnding": "2014-12-31", "reportedCurrency": "USD", "grossProfit": "6251000000", "totalRevenue": "7314000000", "costOfRevenue": "1063000000", "costofGoodsAndServicesSold": "1063000000", "operatingIncome": "4330000000", "sellingGeneralAndAdministrative": "876485000", "researchAndDevelopment": "1045000000", "operatingExpenses": "1921000000", "investmentIncomeNet": "None", "netInterestIncome": "None", "interestIncome": "None", "interestExpense": "130000000", "nonInterestIncome": "None", "otherNonOperatingIncome": "29594000", "depreciation": "None", "depreciationAndAmortization": "275381000", "incomeBeforeTax": "4230000000", "incomeTaxExpense": "768000000", "interestAndDebtExpense": "None", "netIncomeFromContinuingOperations": "3461665000", "comprehensiveIncomeNetOfTax": "None", "ebit": "4359966000", "ebitda": "4635347000", "netIncome": "3486723000"}, {"fiscalDateEnding": "2014-09-30", "reportedCurrency": "USD", "grossProfit": "5054526000", "totalRevenue": "6041832000", "costOfRevenue": "987306000", "costofGoodsAndServicesSold": "987306000", "operatingIncome": "3479223000", "sellingGeneralAndAdministrative": "944837000", "researchAndDevelopment": "630466000", "operatingExpenses": "1575303000", "investmentIncomeNet": "None", "netInterestIncome": "None", "interestIncome": "None", "interestExpense": "103366000", "nonInterestIncome": "None", "otherNonOperatingIncome": "-5037000", "depreciation": "None", "depreciationAndAmortization": "266672000", "incomeBeforeTax": "3370820000", "incomeTaxExpense": "646557000", "interestAndDebtExpense": "None", "netIncomeFromContinuingOperations": "2724263000", "comprehensiveIncomeNetOfTax": "None", "ebit": "3476328000", "ebitda": "3743000000", "netIncome": "2731000000"}, {"fiscalDateEnding": "2014-06-30", "reportedCurrency": "USD", "grossProfit": "5610234000", "totalRevenue": "6534943000", "costOfRevenue": "924709000", "costofGoodsAndServicesSold": "924709000", "operatingIncome": "4412755000", "sellingGeneralAndAdministrative": "613555000", "researchAndDevelopment": "583924000", "operatingExpenses": "1197479000", "investmentIncomeNet": "None", "netInterestIncome": "None", "interestIncome": "None", "interestExpense": "102004000", "nonInterestIncome": "None", "otherNonOperatingIncome": "-3645000", "depreciation": "None", "depreciationAndAmortization": "266907000", "incomeBeforeTax": "4307106000", "incomeTaxExpense": "656621000", "interestAndDebtExpense": "None", "netIncomeFromContinuingOperations": "3650485000", "comprehensiveIncomeNetOfTax": "None", "ebit": "4407093000", "ebitda": "4674000000", "netIncome": "3656000000"}, {"fiscalDateEnding": "2014-03-31", "reportedCurrency": "USD", "grossProfit": "4185751000", "totalRevenue": "4998956000", "costOfRevenue": "813205000", "costofGoodsAndServicesSold": "813205000", "operatingIncome": "3042650000", "sellingGeneralAndAdministrative": "548123000", "researchAndDevelopment": "594978000", "operatingExpenses": "1143101000", "investmentIncomeNet": "None", "netInterestIncome": "None", "interestIncome": "None", "interestExpense": "76269000", "nonInterestIncome": "None", "otherNonOperatingIncome": "-17912000", "depreciation": "None", "depreciationAndAmortization": "241040000", "incomeBeforeTax": "2948469000", "incomeTaxExpense": "725882000", "interestAndDebtExpense": "None", "netIncomeFromContinuingOperations": "2222587000", "comprehensiveIncomeNetOfTax": "None", "ebit": "3024960000", "ebitda": "3266000000", "netIncome": "2227000000"}, {"fiscalDateEnding": "2013-12-31", "reportedCurrency": "USD", "grossProfit": "2262303000", "totalRevenue": "3119826000", "costOfRevenue": "857523000", "costofGoodsAndServicesSold": "857523000", "operatingIncome": "1197041000", "sellingGeneralAndAdministrative": "513284000", "researchAndDevelopment": "551978000", "operatingExpenses": "1065262000", "investmentIncomeNet": "None", "netInterestIncome": "None", "interestIncome": "None", "interestExpense": "73150000", "nonInterestIncome": "None", "otherNonOperatingIncome": "-11108000", "depreciation": "None", "depreciationAndAmortization": "127959000", "incomeBeforeTax": "1112783000", "incomeTaxExpense": "326041000", "interestAndDebtExpense": "None", "netIncomeFromContinuingOperations": "786742000", "comprehensiveIncomeNetOfTax": "None", "ebit": "1185933000", "ebitda": "1313892000", "netIncome": "791411000"}, {"fiscalDateEnding": "2013-09-30", "reportedCurrency": "USD", "grossProfit": "2100965000", "totalRevenue": "2782833000", "costOfRevenue": "681868000", "costofGoodsAndServicesSold": "681868000", "operatingIncome": "1147861000", "sellingGeneralAndAdministrative": "406860000", "researchAndDevelopment": "546244000", "operatingExpenses": "953104000", "investmentIncomeNet": "None", "netInterestIncome": "None", "interestIncome": "None", "interestExpense": "73949000", "nonInterestIncome": "None", "otherNonOperatingIncome": "5777000", "depreciation": "None", "depreciationAndAmortization": "69242000", "incomeBeforeTax": "1079689000", "incomeTaxExpense": "294473000", "interestAndDebtExpense": "None", "netIncomeFromContinuingOperations": "785216000", "comprehensiveIncomeNetOfTax": "None", "ebit": "1153638000", "ebitda": "1222880000", "netIncome": "788606000"}, {"fiscalDateEnding": "2013-06-30", "reportedCurrency": "USD", "grossProfit": "2082731000", "totalRevenue": "2767394000", "costOfRevenue": "684663000", "costofGoodsAndServicesSold": "684663000", "operatingIncome": "1153838000", "sellingGeneralAndAdministrative": "404991000", "researchAndDevelopment": "523902000", "operatingExpenses": "928893000", "investmentIncomeNet": "None", "netInterestIncome": "None", "interestIncome": "None", "interestExpense": "78008000", "nonInterestIncome": "None", "otherNonOperatingIncome": "-231000", "depreciation": "None", "depreciationAndAmortization": "73177000", "incomeBeforeTax": "1075599000", "incomeTaxExpense": "307981000", "interestAndDebtExpense": "None", "netIncomeFromContinuingOperations": "767618000", "comprehensiveIncomeNetOfTax": "None", "ebit": "1153607000", "ebitda": "1226784000", "netIncome": "772605000"}, {"fiscalDateEnding": "2013-03-31", "reportedCurrency": "USD", "grossProfit": "1897187000", "totalRevenue": "2531635000", "costOfRevenue": "634448000", "costofGoodsAndServicesSold": "634448000", "operatingIncome": "1025259000", "sellingGeneralAndAdministrative": "374296000", "researchAndDevelopment": "497632000", "operatingExpenses": "871928000", "investmentIncomeNet": "None", "netInterestIncome": "None", "interestIncome": "None", "interestExpense": "81787000", "nonInterestIncome": "None", "otherNonOperatingIncome": "-3324000", "depreciation": "None", "depreciationAndAmortization": "74326000", "incomeBeforeTax": "940148000", "incomeTaxExpense": "222438000", "interestAndDebtExpense": "None", "netIncomeFromContinuingOperations": "717710000", "comprehensiveIncomeNetOfTax": "None", "ebit": "1021935000", "ebitda": "1096261000", "netIncome": "722186000"}, {"fiscalDateEnding": "2012-12-31", "reportedCurrency": "USD", "grossProfit": "1912467000", "totalRevenue": "2588285000", "costOfRevenue": "675818000", "costofGoodsAndServicesSold": "675818000", "operatingIncome": "1106983000", "sellingGeneralAndAdministrative": "365825000", "researchAndDevelopment": "439659000", "operatingExpenses": "805484000", "investmentIncomeNet": "None", "netInterestIncome": "None", "interestIncome": "None", "interestExpense": "85906000", "nonInterestIncome": "None", "otherNonOperatingIncome": "1386000", "depreciation": "None", "depreciationAndAmortization": "73631000", "incomeBeforeTax": "1022463000", "incomeTaxExpense": "263504000", "interestAndDebtExpense": "None", "netIncomeFromContinuingOperations": "758959000", "comprehensiveIncomeNetOfTax": "None", "ebit": "1108369000", "ebitda": "1182000000", "netIncome": "762541000"}, {"fiscalDateEnding": "2012-09-30", "reportedCurrency": "USD", "grossProfit": "1829328000", "totalRevenue": "2426597000", "costOfRevenue": "597269000", "costofGoodsAndServicesSold": "597269000", "operatingIncome": "1043914000", "sellingGeneralAndAdministrative": "319583000", "researchAndDevelopment": "465831000", "operatingExpenses": "785414000", "investmentIncomeNet": "None", "netInterestIncome": "None", "interestIncome": "None", "interestExpense": "89322000", "nonInterestIncome": "None", "otherNonOperatingIncome": "-3505000", "depreciation": "None", "depreciationAndAmortization": "70996000", "incomeBeforeTax": "951087000", "incomeTaxExpense": "280052000", "interestAndDebtExpense": "None", "netIncomeFromContinuingOperations": "671035000", "comprehensiveIncomeNetOfTax": "None", "ebit": "1040409000", "ebitda": "1111405000", "netIncome": "675505000"}, {"fiscalDateEnding": "2012-06-30", "reportedCurrency": "USD", "grossProfit": "1787841000", "totalRevenue": "2405186000", "costOfRevenue": "617345000", "costofGoodsAndServicesSold": "617345000", "operatingIncome": "1059092000", "sellingGeneralAndAdministrative": "332505000", "researchAndDevelopment": "396244000", "operatingExpenses": "728749000", "investmentIncomeNet": "None", "netInterestIncome": "None", "interestIncome": "None", "interestExpense": "88418000", "nonInterestIncome": "None", "otherNonOperatingIncome": "-1075000", "depreciation": "None", "depreciationAndAmortization": "67412000", "incomeBeforeTax": "969599000", "incomeTaxExpense": "263525000", "interestAndDebtExpense": "None", "netIncomeFromContinuingOperations": "706074000", "comprehensiveIncomeNetOfTax": "None", "ebit": "1058017000", "ebitda": "1125429000", "netIncome": "711564000"}, {"fiscalDateEnding": "2012-03-31", "reportedCurrency": "USD", "grossProfit": "1701518000", "totalRevenue": "2282449000", "costOfRevenue": "580931000", "costofGoodsAndServicesSold": "580931000", "operatingIncome": "800186000", "sellingGeneralAndAdministrative": "443121000", "researchAndDevelopment": "458211000", "operatingExpenses": "901332000", "investmentIncomeNet": "None", "netInterestIncome": "None", "interestIncome": "None", "interestExpense": "97270000", "nonInterestIncome": "None", "otherNonOperatingIncome": "-34085000", "depreciation": "None", "depreciationAndAmortization": "66167000", "incomeBeforeTax": "668831000", "incomeTaxExpense": "231300000", "interestAndDebtExpense": "None", "netIncomeFromContinuingOperations": "437531000", "comprehensiveIncomeNetOfTax": "None", "ebit": "766101000", "ebitda": "832268000", "netIncome": "441956000"}, {"fiscalDateEnding": "2011-12-31", "reportedCurrency": "USD", "grossProfit": "1615931000", "totalRevenue": "2200378000", "costOfRevenue": "584447000", "costofGoodsAndServicesSold": "584447000", "operatingIncome": "867476000", "sellingGeneralAndAdministrative": "346219000", "researchAndDevelopment": "402236000", "operatingExpenses": "748455000", "investmentIncomeNet": "None", "netInterestIncome": "None", "interestIncome": "None", "interestExpense": "74998000", "nonInterestIncome": "None", "otherNonOperatingIncome": "26365000", "depreciation": "None", "depreciationAndAmortization": "73425000", "incomeBeforeTax": "818843000", "incomeTaxExpense": "157084000", "interestAndDebtExpense": "None", "netIncomeFromContinuingOperations": "661759000", "comprehensiveIncomeNetOfTax": "None", "ebit": "893841000", "ebitda": "967266000", "netIncome": "665145000"}, {"fiscalDateEnding": "2011-09-30", "reportedCurrency": "USD", "grossProfit": "1589671000", "totalRevenue": "2121660000", "costOfRevenue": "531989000", "costofGoodsAndServicesSold": "531989000", "operatingIncome": "1003678000", "sellingGeneralAndAdministrative": "295927000", "researchAndDevelopment": "290066000", "operatingExpenses": "585993000", "investmentIncomeNet": "None", "netInterestIncome": "None", "interestIncome": "None", "interestExpense": "43097000", "nonInterestIncome": "None", "otherNonOperatingIncome": "14406000", "depreciation": "None", "depreciationAndAmortization": "73001000", "incomeBeforeTax": "974987000", "incomeTaxExpense": "237449000", "interestAndDebtExpense": "None", "netIncomeFromContinuingOperations": "737538000", "comprehensiveIncomeNetOfTax": "None", "ebit": "945083000", "ebitda": "1018084000", "netIncome": "741124000"}, {"fiscalDateEnding": "2011-06-30", "reportedCurrency": "USD", "grossProfit": "1603390000", "totalRevenue": "2137253000", "costOfRevenue": "533863000", "costofGoodsAndServicesSold": "533863000", "operatingIncome": "1016718000", "sellingGeneralAndAdministrative": "304269000", "researchAndDevelopment": "282403000", "operatingExpenses": "586672000", "investmentIncomeNet": "None", "netInterestIncome": "None", "interestIncome": "None", "interestExpense": "46107000", "nonInterestIncome": "None", "otherNonOperatingIncome": "11978000", "depreciation": "None", "depreciationAndAmortization": "74892000", "incomeBeforeTax": "982589000", "incomeTaxExpense": "240130000", "interestAndDebtExpense": "None", "netIncomeFromContinuingOperations": "742459000", "comprehensiveIncomeNetOfTax": "None", "ebit": "1028696000", "ebitda": "1103588000", "netIncome": "746227000"}, {"fiscalDateEnding": "2011-03-31", "reportedCurrency": "USD", "grossProfit": "1451983000", "totalRevenue": "1926094000", "costOfRevenue": "474111000", "costofGoodsAndServicesSold": "474111000", "operatingIncome": "901969000", "sellingGeneralAndAdministrative": "295568000", "researchAndDevelopment": "254446000", "operatingExpenses": "550014000", "investmentIncomeNet": "None", "netInterestIncome": "None", "interestIncome": "None", "interestExpense": "41216000", "nonInterestIncome": "None", "otherNonOperatingIncome": "13832000", "depreciation": "None", "depreciationAndAmortization": "80914000", "incomeBeforeTax": "874585000", "incomeTaxExpense": "227282000", "interestAndDebtExpense": "None", "netIncomeFromContinuingOperations": "647303000", "comprehensiveIncomeNetOfTax": "None", "ebit": "915801000", "ebitda": "996715000", "netIncome": "651141000"}, {"fiscalDateEnding": "2010-12-31", "reportedCurrency": "USD", "grossProfit": "1502350000", "totalRevenue": "1998687000", "costOfRevenue": "496337000", "costofGoodsAndServicesSold": "496337000", "operatingIncome": "829381000", "sellingGeneralAndAdministrative": "280209000", "researchAndDevelopment": "392760000", "operatingExpenses": "672969000", "investmentIncomeNet": "None", "netInterestIncome": "None", "interestIncome": "None", "interestExpense": "40622000", "nonInterestIncome": "None", "otherNonOperatingIncome": "10764000", "depreciation": "None", "depreciationAndAmortization": "77517000", "incomeBeforeTax": "799523000", "incomeTaxExpense": "173158000", "interestAndDebtExpense": "None", "netIncomeFromContinuingOperations": "626365000", "comprehensiveIncomeNetOfTax": "None", "ebit": "840145000", "ebitda": "917662000", "netIncome": "629419000"}, {"fiscalDateEnding": "2010-09-30", "reportedCurrency": "USD", "grossProfit": "1460072000", "totalRevenue": "1937656000", "costOfRevenue": "477584000", "costofGoodsAndServicesSold": "477584000", "operatingIncome": "979073000", "sellingGeneralAndAdministrative": "250559000", "researchAndDevelopment": "230440000", "operatingExpenses": "480999000", "investmentIncomeNet": "None", "netInterestIncome": "None", "interestIncome": "None", "interestExpense": "33620000", "nonInterestIncome": "None", "otherNonOperatingIncome": "15593000", "depreciation": "None", "depreciationAndAmortization": "69053000", "incomeBeforeTax": "961046000", "incomeTaxExpense": "258883000", "interestAndDebtExpense": "None", "netIncomeFromContinuingOperations": "702163000", "comprehensiveIncomeNetOfTax": "None", "ebit": "925613000", "ebitda": "994666000", "netIncome": "704876000"}, {"fiscalDateEnding": "2010-06-30", "reportedCurrency": "USD", "grossProfit": "1471699000", "totalRevenue": "1927224000", "costOfRevenue": "455525000", "costofGoodsAndServicesSold": "455525000", "operatingIncome": "992627000", "sellingGeneralAndAdministrative": "248006000", "researchAndDevelopment": "231066000", "operatingExpenses": "479072000", "investmentIncomeNet": "None", "netInterestIncome": "None", "interestIncome": "None", "interestExpense": "17764000", "nonInterestIncome": "None", "otherNonOperatingIncome": "18285000", "depreciation": "None", "depreciationAndAmortization": "58801000", "incomeBeforeTax": "993148000", "incomeTaxExpense": "284021000", "interestAndDebtExpense": "None", "netIncomeFromContinuingOperations": "709127000", "comprehensiveIncomeNetOfTax": "None", "ebit": "952111000", "ebitda": "1010912000", "netIncome": "712061000"}, {"fiscalDateEnding": "2010-03-31", "reportedCurrency": "USD", "grossProfit": "1645423000", "totalRevenue": "2085853000", "costOfRevenue": "440430000", "costofGoodsAndServicesSold": "440430000", "operatingIncome": "1161141000", "sellingGeneralAndAdministrative": "265618000", "researchAndDevelopment": "218664000", "operatingExpenses": "484282000", "investmentIncomeNet": "None", "netInterestIncome": "None", "interestIncome": "None", "interestExpense": "16955000", "nonInterestIncome": "None", "otherNonOperatingIncome": "15645000", "depreciation": "None", "depreciationAndAmortization": "60106000", "incomeBeforeTax": "1159831000", "incomeTaxExpense": "307737000", "interestAndDebtExpense": "None", "netIncomeFromContinuingOperations": "852094000", "comprehensiveIncomeNetOfTax": "None", "ebit": "1116680000", "ebitda": "1176786000", "netIncome": "854901000"}, {"fiscalDateEnding": "2009-12-31", "reportedCurrency": "USD", "grossProfit": "1558980000", "totalRevenue": "2032379000", "costOfRevenue": "473399000", "costofGoodsAndServicesSold": "473399000", "operatingIncome": "1065438000", "sellingGeneralAndAdministrative": "253897000", "researchAndDevelopment": "239645000", "operatingExpenses": "493542000", "investmentIncomeNet": "None", "netInterestIncome": "None", "interestIncome": "None", "interestExpense": "17290000", "nonInterestIncome": "None", "otherNonOperatingIncome": "None", "depreciation": "None", "depreciationAndAmortization": "64110000", "incomeBeforeTax": "1059447000", "incomeTaxExpense": "260054000", "interestAndDebtExpense": "None", "netIncomeFromContinuingOperations": "0", "comprehensiveIncomeNetOfTax": "None", "ebit": "1076737000", "ebitda": "1140847000", "netIncome": "802212000"}, {"fiscalDateEnding": "2009-09-30", "reportedCurrency": "USD", "grossProfit": "1391689000", "totalRevenue": "1801389000", "costOfRevenue": "409700000", "costofGoodsAndServicesSold": "409700000", "operatingIncome": "894406000", "sellingGeneralAndAdministrative": "227427000", "researchAndDevelopment": "269856000", "operatingExpenses": "497283000", "investmentIncomeNet": "None", "netInterestIncome": "None", "interestIncome": "None", "interestExpense": "17217000", "nonInterestIncome": "None", "otherNonOperatingIncome": "14017000", "depreciation": "None", "depreciationAndAmortization": "57051000", "incomeBeforeTax": "891206000", "incomeTaxExpense": "220728000", "interestAndDebtExpense": "None", "netIncomeFromContinuingOperations": "670478000", "comprehensiveIncomeNetOfTax": "None", "ebit": "851372000", "ebitda": "908423000", "netIncome": "673033000"}, {"fiscalDateEnding": "2009-06-30", "reportedCurrency": "USD", "grossProfit": "1264110000", "totalRevenue": "1647155000", "costOfRevenue": "383045000", "costofGoodsAndServicesSold": "383045000", "operatingIncome": "761061000", "sellingGeneralAndAdministrative": "261411000", "researchAndDevelopment": "241638000", "operatingExpenses": "503049000", "investmentIncomeNet": "None", "netInterestIncome": "None", "interestIncome": "None", "interestExpense": "18484000", "nonInterestIncome": "None", "otherNonOperatingIncome": "12923000", "depreciation": "None", "depreciationAndAmortization": "52635000", "incomeBeforeTax": "755500000", "incomeTaxExpense": "186355000", "interestAndDebtExpense": "None", "netIncomeFromContinuingOperations": "569145000", "comprehensiveIncomeNetOfTax": "None", "ebit": "721349000", "ebitda": "773984000", "netIncome": "571398000"}, {"fiscalDateEnding": "2009-03-31", "reportedCurrency": "USD", "grossProfit": "1201046000", "totalRevenue": "1530460000", "costOfRevenue": "329414000", "costofGoodsAndServicesSold": "329414000", "operatingIncome": "808316000", "sellingGeneralAndAdministrative": "203951000", "researchAndDevelopment": "188779000", "operatingExpenses": "392730000", "investmentIncomeNet": "None", "netInterestIncome": "None", "interestIncome": "None", "interestExpense": "16671000", "nonInterestIncome": "None", "otherNonOperatingIncome": "None", "depreciation": "None", "depreciationAndAmortization": "39148000", "incomeBeforeTax": "795803000", "incomeTaxExpense": "209227000", "interestAndDebtExpense": "None", "netIncomeFromContinuingOperations": "0", "comprehensiveIncomeNetOfTax": "None", "ebit": "812474000", "ebitda": "851622000", "netIncome": "589112000"}, {"fiscalDateEnding": "2008-12-31", "reportedCurrency": "USD", "grossProfit": "1106674000", "totalRevenue": "1428205000", "costOfRevenue": "321531000", "costofGoodsAndServicesSold": "321531000", "operatingIncome": "711146000", "sellingGeneralAndAdministrative": "193665000", "researchAndDevelopment": "201863000", "operatingExpenses": "395528000", "investmentIncomeNet": "None", "netInterestIncome": "None", "interestIncome": "None", "interestExpense": "38578000", "nonInterestIncome": "None", "otherNonOperatingIncome": "None", "depreciation": "None", "depreciationAndAmortization": "26831000", "incomeBeforeTax": "729682000", "incomeTaxExpense": "161488000", "interestAndDebtExpense": "None", "netIncomeFromContinuingOperations": "0", "comprehensiveIncomeNetOfTax": "None", "ebit": "768260000", "ebitda": "795091000", "netIncome": "568194000"}, {"fiscalDateEnding": "2008-09-30", "reportedCurrency": "USD", "grossProfit": "1071085000", "totalRevenue": "1371268000", "costOfRevenue": "300183000", "costofGoodsAndServicesSold": "300183000", "operatingIncome": "693834000", "sellingGeneralAndAdministrative": "189189000", "researchAndDevelopment": "188062000", "operatingExpenses": "377251000", "investmentIncomeNet": "None", "netInterestIncome": "None", "interestIncome": "None", "interestExpense": "2846000", "nonInterestIncome": "None", "otherNonOperatingIncome": "None", "depreciation": "None", "depreciationAndAmortization": "34667000", "incomeBeforeTax": "696680000", "incomeTaxExpense": "192675000", "interestAndDebtExpense": "None", "netIncomeFromContinuingOperations": "0", "comprehensiveIncomeNetOfTax": "None", "ebit": "659167000", "ebitda": "693834000", "netIncome": "504005000"}, {"fiscalDateEnding": "2008-06-30", "reportedCurrency": "USD", "grossProfit": "1012441000", "totalRevenue": "1278125000", "costOfRevenue": "265684000", "costofGoodsAndServicesSold": "265684000", "operatingIncome": "605515000", "sellingGeneralAndAdministrative": "219533000", "researchAndDevelopment": "176542000", "operatingExpenses": "396075000", "investmentIncomeNet": "None", "netInterestIncome": "None", "interestIncome": "None", "interestExpense": "8690000", "nonInterestIncome": "None", "otherNonOperatingIncome": "None", "depreciation": "None", "depreciationAndAmortization": "24230000", "incomeBeforeTax": "618527000", "incomeTaxExpense": "175699000", "interestAndDebtExpense": "None", "netIncomeFromContinuingOperations": "0", "comprehensiveIncomeNetOfTax": "None", "ebit": "632795000", "ebitda": "657025000", "netIncome": "434783000"}, {"fiscalDateEnding": "2008-03-31", "reportedCurrency": "USD", "grossProfit": "1018304000", "totalRevenue": "1258152000", "costOfRevenue": "239848000", "costofGoodsAndServicesSold": "239848000", "operatingIncome": "668046000", "sellingGeneralAndAdministrative": "194957000", "researchAndDevelopment": "155301000", "operatingExpenses": "350258000", "investmentIncomeNet": "None", "netInterestIncome": "None", "interestIncome": "None", "interestExpense": "16001000", "nonInterestIncome": "None", "otherNonOperatingIncome": "None", "depreciation": "None", "depreciationAndAmortization": "16739000", "incomeBeforeTax": "689516000", "incomeTaxExpense": "193389000", "interestAndDebtExpense": "None", "netIncomeFromContinuingOperations": "0", "comprehensiveIncomeNetOfTax": "None", "ebit": "668046000", "ebitda": "684785000", "netIncome": "488300000"}, {"fiscalDateEnding": "2007-12-31", "reportedCurrency": "USD", "grossProfit": "879181000", "totalRevenue": "1094723000", "costOfRevenue": "215542000", "costofGoodsAndServicesSold": "215542000", "operatingIncome": "514485000", "sellingGeneralAndAdministrative": "180048000", "researchAndDevelopment": "184648000", "operatingExpenses": "364696000", "investmentIncomeNet": "None", "netInterestIncome": "None", "interestIncome": "None", "interestExpense": "28747000", "nonInterestIncome": "None", "otherNonOperatingIncome": "None", "depreciation": "None", "depreciationAndAmortization": "9465000", "incomeBeforeTax": "543232000", "incomeTaxExpense": "141590000", "interestAndDebtExpense": "None", "netIncomeFromContinuingOperations": "0", "comprehensiveIncomeNetOfTax": "None", "ebit": "514485000", "ebitda": "523950000", "netIncome": "401642000"}, {"fiscalDateEnding": "2007-09-30", "reportedCurrency": "USD", "grossProfit": "860343000", "totalRevenue": "1058803000", "costOfRevenue": "198460000", "costofGoodsAndServicesSold": "198460000", "operatingIncome": "547030000", "sellingGeneralAndAdministrative": "172956000", "researchAndDevelopment": "140357000", "operatingExpenses": "313313000", "investmentIncomeNet": "None", "netInterestIncome": "None", "interestIncome": "None", "interestExpense": "28991000", "nonInterestIncome": "None", "otherNonOperatingIncome": "None", "depreciation": "None", "depreciationAndAmortization": "15532000", "incomeBeforeTax": "576021000", "incomeTaxExpense": "177702000", "interestAndDebtExpense": "None", "netIncomeFromContinuingOperations": "0", "comprehensiveIncomeNetOfTax": "None", "ebit": "531498000", "ebitda": "547030000", "netIncome": "398319000"}, {"fiscalDateEnding": "2007-06-30", "reportedCurrency": "USD", "grossProfit": "864958000", "totalRevenue": "1048089000", "costOfRevenue": "183131000", "costofGoodsAndServicesSold": "183131000", "operatingIncome": "542848000", "sellingGeneralAndAdministrative": "186179000", "researchAndDevelopment": "135931000", "operatingExpenses": "322110000", "investmentIncomeNet": "None", "netInterestIncome": "None", "interestIncome": "None", "interestExpense": "27383000", "nonInterestIncome": "None", "otherNonOperatingIncome": "None", "depreciation": "None", "depreciationAndAmortization": "14611000", "incomeBeforeTax": "570231000", "incomeTaxExpense": "162301000", "interestAndDebtExpense": "None", "netIncomeFromContinuingOperations": "0", "comprehensiveIncomeNetOfTax": "None", "ebit": "528237000", "ebitda": "542848000", "netIncome": "407930000"}, {"fiscalDateEnding": "2007-03-31", "reportedCurrency": "USD", "grossProfit": "856792000", "totalRevenue": "1028430000", "costOfRevenue": "171638000", "costofGoodsAndServicesSold": "171638000", "operatingIncome": "560144000", "sellingGeneralAndAdministrative": "166558000", "researchAndDevelopment": "130090000", "operatingExpenses": "296648000", "investmentIncomeNet": "None", "netInterestIncome": "None", "interestIncome": "None", "interestExpense": "20710000", "nonInterestIncome": "None", "otherNonOperatingIncome": "None", "depreciation": "None", "depreciationAndAmortization": "11671000", "incomeBeforeTax": "580854000", "incomeTaxExpense": "173447000", "interestAndDebtExpense": "None", "netIncomeFromContinuingOperations": "0", "comprehensiveIncomeNetOfTax": "None", "ebit": "548473000", "ebitda": "560144000", "netIncome": "407407000"}, {"fiscalDateEnding": "2006-12-31", "reportedCurrency": "USD", "grossProfit": "743937000", "totalRevenue": "899226000", "costOfRevenue": "155289000", "costofGoodsAndServicesSold": "155289000", "operatingIncome": "-1553259000", "sellingGeneralAndAdministrative": "147093000", "researchAndDevelopment": "111620000", "operatingExpenses": "258713000", "investmentIncomeNet": "None", "netInterestIncome": "None", "interestIncome": "None", "interestExpense": "4047368000", "nonInterestIncome": "None", "otherNonOperatingIncome": "None", "depreciation": "None", "depreciationAndAmortization": "11767000", "incomeBeforeTax": "-1523661000", "incomeTaxExpense": "141986000", "interestAndDebtExpense": "None", "netIncomeFromContinuingOperations": "0", "comprehensiveIncomeNetOfTax": "None", "ebit": "485224000", "ebitda": "496991000", "netIncome": "-1665647000"}, {"fiscalDateEnding": "2006-09-30", "reportedCurrency": "USD", "grossProfit": "638942000", "totalRevenue": "748733000", "costOfRevenue": "109791000", "costofGoodsAndServicesSold": "109791000", "operatingIncome": "57540000", "sellingGeneralAndAdministrative": "132529000", "researchAndDevelopment": "93305000", "operatingExpenses": "225834000", "investmentIncomeNet": "None", "netInterestIncome": "None", "interestIncome": "None", "interestExpense": "679380000", "nonInterestIncome": "None", "otherNonOperatingIncome": "None", "depreciation": "None", "depreciationAndAmortization": "11684000", "incomeBeforeTax": "89296000", "incomeTaxExpense": "141460000", "interestAndDebtExpense": "None", "netIncomeFromContinuingOperations": "0", "comprehensiveIncomeNetOfTax": "None", "ebit": "413108000", "ebitda": "424792000", "netIncome": "-52164000"}, {"fiscalDateEnding": "2006-06-30", "reportedCurrency": "USD", "grossProfit": "607419000", "totalRevenue": "685302000", "costOfRevenue": "77883000", "costofGoodsAndServicesSold": "77883000", "operatingIncome": "365315000", "sellingGeneralAndAdministrative": "151568000", "researchAndDevelopment": "90536000", "operatingExpenses": "242104000", "investmentIncomeNet": "None", "netInterestIncome": "None", "interestIncome": "None", "interestExpense": "33397000", "nonInterestIncome": "None", "otherNonOperatingIncome": "None", "depreciation": "None", "depreciationAndAmortization": "12590000", "incomeBeforeTax": "398712000", "incomeTaxExpense": "133562000", "interestAndDebtExpense": "None", "netIncomeFromContinuingOperations": "0", "comprehensiveIncomeNetOfTax": "None", "ebit": "352725000", "ebitda": "365315000", "netIncome": "265150000"}, {"fiscalDateEnding": "2006-03-31", "reportedCurrency": "USD", "grossProfit": "602521000", "totalRevenue": "692878000", "costOfRevenue": "90357000", "costofGoodsAndServicesSold": "90357000", "operatingIncome": "371652000", "sellingGeneralAndAdministrative": "142469000", "researchAndDevelopment": "88400000", "operatingExpenses": "230869000", "investmentIncomeNet": "None", "netInterestIncome": "None", "interestIncome": "None", "interestExpense": "25795000", "nonInterestIncome": "None", "otherNonOperatingIncome": "None", "depreciation": "None", "depreciationAndAmortization": "11243000", "incomeBeforeTax": "397447000", "incomeTaxExpense": "134743000", "interestAndDebtExpense": "None", "netIncomeFromContinuingOperations": "0", "comprehensiveIncomeNetOfTax": "None", "ebit": "360409000", "ebitda": "371652000", "netIncome": "262704000"}, {"fiscalDateEnding": "2005-12-31", "reportedCurrency": "USD", "grossProfit": "535122000", "totalRevenue": "609266000", "costOfRevenue": "74144000", "costofGoodsAndServicesSold": "74144000", "operatingIncome": "362029000", "sellingGeneralAndAdministrative": "104330000", "researchAndDevelopment": "68763000", "operatingExpenses": "173093000", "investmentIncomeNet": "None", "netInterestIncome": "None", "interestIncome": "None", "interestExpense": "16957000", "nonInterestIncome": "None", "otherNonOperatingIncome": "None", "depreciation": "None", "depreciationAndAmortization": "11873000", "incomeBeforeTax": "378986000", "incomeTaxExpense": "97384000", "interestAndDebtExpense": "None", "netIncomeFromContinuingOperations": "0", "comprehensiveIncomeNetOfTax": "None", "ebit": "362029000", "ebitda": "373902000", "netIncome": "281602000"}, {"fiscalDateEnding": "2005-09-30", "reportedCurrency": "USD", "grossProfit": "427953000", "totalRevenue": "493451000", "costOfRevenue": "65498000", "costofGoodsAndServicesSold": "65498000", "operatingIncome": "249885000", "sellingGeneralAndAdministrative": "99238000", "researchAndDevelopment": "78830000", "operatingExpenses": "178068000", "investmentIncomeNet": "None", "netInterestIncome": "None", "interestIncome": "None", "interestExpense": "13689000", "nonInterestIncome": "None", "otherNonOperatingIncome": "None", "depreciation": "None", "depreciationAndAmortization": "11332000", "incomeBeforeTax": "263574000", "incomeTaxExpense": "84342000", "interestAndDebtExpense": "None", "netIncomeFromContinuingOperations": "0", "comprehensiveIncomeNetOfTax": "None", "ebit": "249885000", "ebitda": "261217000", "netIncome": "179232000"}, {"fiscalDateEnding": "2005-06-30", "reportedCurrency": "USD", "grossProfit": "432000000", "totalRevenue": "495269000", "costOfRevenue": "63269000", "costofGoodsAndServicesSold": "63269000", "operatingIncome": "276757000", "sellingGeneralAndAdministrative": "95546000", "researchAndDevelopment": "59697000", "operatingExpenses": "155243000", "investmentIncomeNet": "None", "netInterestIncome": "None", "interestIncome": "None", "interestExpense": "11427000", "nonInterestIncome": "None", "otherNonOperatingIncome": "None", "depreciation": "None", "depreciationAndAmortization": "6435000", "incomeBeforeTax": "288184000", "incomeTaxExpense": "92217000", "interestAndDebtExpense": "None", "netIncomeFromContinuingOperations": "0", "comprehensiveIncomeNetOfTax": "None", "ebit": "276757000", "ebitda": "283192000", "netIncome": "195967000"}, {"fiscalDateEnding": "2005-03-31", "reportedCurrency": "USD", "grossProfit": "372999000", "totalRevenue": "430414000", "costOfRevenue": "57415000", "costofGoodsAndServicesSold": "57415000", "operatingIncome": "222430000", "sellingGeneralAndAdministrative": "80135000", "researchAndDevelopment": "70434000", "operatingExpenses": "150569000", "investmentIncomeNet": "None", "netInterestIncome": "None", "interestIncome": "None", "interestExpense": "8618000", "nonInterestIncome": "None", "otherNonOperatingIncome": "None", "depreciation": "None", "depreciationAndAmortization": "6137000", "incomeBeforeTax": "231048000", "incomeTaxExpense": "73935000", "interestAndDebtExpense": "None", "netIncomeFromContinuingOperations": "0", "comprehensiveIncomeNetOfTax": "None", "ebit": "222430000", "ebitda": "228567000", "netIncome": "157113000"}, {"fiscalDateEnding": "2004-12-31", "reportedCurrency": "USD", "grossProfit": "320881000", "totalRevenue": "369585000", "costOfRevenue": "48704000", "costofGoodsAndServicesSold": "48704000", "operatingIncome": "165298000", "sellingGeneralAndAdministrative": "85423000", "researchAndDevelopment": "70160000", "operatingExpenses": "155583000", "investmentIncomeNet": "None", "netInterestIncome": "None", "interestIncome": "None", "interestExpense": "78608000", "nonInterestIncome": "None", "otherNonOperatingIncome": "None", "depreciation": "None", "depreciationAndAmortization": "6429000", "incomeBeforeTax": "162520000", "incomeTaxExpense": "52276000", "interestAndDebtExpense": "None", "netIncomeFromContinuingOperations": "0", "comprehensiveIncomeNetOfTax": "None", "ebit": "165298000", "ebitda": "171727000", "netIncome": "110244000"}]}