{"symbol": "TXT", "annualReports": [{"fiscalDateEnding": "2024-12-31", "reportedCurrency": "USD", "grossProfit": "2502000000", "totalRevenue": "13702000000", "costOfRevenue": "11200000000", "costofGoodsAndServicesSold": "11200000000", "operatingIncome": "825000000", "sellingGeneralAndAdministrative": "1156000000", "researchAndDevelopment": "491000000", "operatingExpenses": "1647000000", "investmentIncomeNet": "None", "netInterestIncome": "-97000000", "interestIncome": "None", "interestExpense": "97000000", "nonInterestIncome": "None", "otherNonOperatingIncome": "None", "depreciation": "None", "depreciationAndAmortization": "382000000", "incomeBeforeTax": "943000000", "incomeTaxExpense": "118000000", "interestAndDebtExpense": "None", "netIncomeFromContinuingOperations": "825000000", "comprehensiveIncomeNetOfTax": "None", "ebit": "1040000000", "ebitda": "1422000000", "netIncome": "824000000"}, {"fiscalDateEnding": "2023-12-31", "reportedCurrency": "USD", "grossProfit": "2278000000", "totalRevenue": "13683000000", "costOfRevenue": "11405000000", "costofGoodsAndServicesSold": "11405000000", "operatingIncome": "1053000000", "sellingGeneralAndAdministrative": "1225000000", "researchAndDevelopment": "570000000", "operatingExpenses": "1795000000", "investmentIncomeNet": "None", "netInterestIncome": "-77000000", "interestIncome": "None", "interestExpense": "77000000", "nonInterestIncome": "None", "otherNonOperatingIncome": "None", "depreciation": "None", "depreciationAndAmortization": "395000000", "incomeBeforeTax": "1087000000", "incomeTaxExpense": "165000000", "interestAndDebtExpense": "None", "netIncomeFromContinuingOperations": "922000000", "comprehensiveIncomeNetOfTax": "None", "ebit": "1161000000", "ebitda": "1556000000", "netIncome": "921000000"}, {"fiscalDateEnding": "2022-12-31", "reportedCurrency": "USD", "grossProfit": "2069000000", "totalRevenue": "12869000000", "costOfRevenue": "10800000000", "costofGoodsAndServicesSold": "10800000000", "operatingIncome": "1123000000", "sellingGeneralAndAdministrative": "113000000", "researchAndDevelopment": "601000000", "operatingExpenses": "1186000000", "investmentIncomeNet": "None", "netInterestIncome": "-107000000", "interestIncome": "94000000", "interestExpense": "107000000", "nonInterestIncome": "None", "otherNonOperatingIncome": "None", "depreciation": "None", "depreciationAndAmortization": "392000000", "incomeBeforeTax": "1016000000", "incomeTaxExpense": "154000000", "interestAndDebtExpense": "None", "netIncomeFromContinuingOperations": "862000000", "comprehensiveIncomeNetOfTax": "None", "ebit": "1123000000", "ebitda": "1515000000", "netIncome": "861000000"}, {"fiscalDateEnding": "2021-12-31", "reportedCurrency": "USD", "grossProfit": "2085000000", "totalRevenue": "12382000000", "costOfRevenue": "10297000000", "costofGoodsAndServicesSold": "10297000000", "operatingIncome": "1023000000", "sellingGeneralAndAdministrative": "129000000", "researchAndDevelopment": "619000000", "operatingExpenses": "1221000000", "investmentIncomeNet": "None", "netInterestIncome": "-142000000", "interestIncome": "124000000", "interestExpense": "142000000", "nonInterestIncome": "None", "otherNonOperatingIncome": "None", "depreciation": "None", "depreciationAndAmortization": "376000000", "incomeBeforeTax": "873000000", "incomeTaxExpense": "126000000", "interestAndDebtExpense": "None", "netIncomeFromContinuingOperations": "747000000", "comprehensiveIncomeNetOfTax": "None", "ebit": "1015000000", "ebitda": "1391000000", "netIncome": "746000000"}, {"fiscalDateEnding": "2020-12-31", "reportedCurrency": "USD", "grossProfit": "1557000000", "totalRevenue": "11651000000", "costOfRevenue": "10094000000", "costofGoodsAndServicesSold": "10094000000", "operatingIncome": "595000000", "sellingGeneralAndAdministrative": "11369000000", "researchAndDevelopment": "549000000", "operatingExpenses": "1045000000", "investmentIncomeNet": "None", "netInterestIncome": "-166000000", "interestIncome": "145000000", "interestExpense": "166000000", "nonInterestIncome": "None", "otherNonOperatingIncome": "None", "depreciation": "None", "depreciationAndAmortization": "379000000", "incomeBeforeTax": "282000000", "incomeTaxExpense": "-27000000", "interestAndDebtExpense": "None", "netIncomeFromContinuingOperations": "309000000", "comprehensiveIncomeNetOfTax": "None", "ebit": "448000000", "ebitda": "827000000", "netIncome": "309000000"}, {"fiscalDateEnding": "2019-12-31", "reportedCurrency": "USD", "grossProfit": "2224000000", "totalRevenue": "13630000000", "costOfRevenue": "11406000000", "costofGoodsAndServicesSold": "11406000000", "operatingIncome": "1185000000", "sellingGeneralAndAdministrative": "1152000000", "researchAndDevelopment": "647000000", "operatingExpenses": "1152000000", "investmentIncomeNet": "None", "netInterestIncome": "-171000000", "interestIncome": "171000000", "interestExpense": "171000000", "nonInterestIncome": "None", "otherNonOperatingIncome": "None", "depreciation": "None", "depreciationAndAmortization": "405000000", "incomeBeforeTax": "942000000", "incomeTaxExpense": "127000000", "interestAndDebtExpense": "None", "netIncomeFromContinuingOperations": "815000000", "comprehensiveIncomeNetOfTax": "None", "ebit": "1113000000", "ebitda": "1518000000", "netIncome": "815000000"}, {"fiscalDateEnding": "2018-12-31", "reportedCurrency": "USD", "grossProfit": "2378000000", "totalRevenue": "13972000000", "costOfRevenue": "11594000000", "costofGoodsAndServicesSold": "11594000000", "operatingIncome": "1103000000", "sellingGeneralAndAdministrative": "1275000000", "researchAndDevelopment": "643000000", "operatingExpenses": "1275000000", "investmentIncomeNet": "None", "netInterestIncome": "-166000000", "interestIncome": "166000000", "interestExpense": "166000000", "nonInterestIncome": "None", "otherNonOperatingIncome": "444000000", "depreciation": "None", "depreciationAndAmortization": "424000000", "incomeBeforeTax": "1384000000", "incomeTaxExpense": "-162000000", "interestAndDebtExpense": "None", "netIncomeFromContinuingOperations": "1222000000", "comprehensiveIncomeNetOfTax": "None", "ebit": "1550000000", "ebitda": "1974000000", "netIncome": "1222000000"}, {"fiscalDateEnding": "2017-12-31", "reportedCurrency": "USD", "grossProfit": "2403000000", "totalRevenue": "14198000000", "costOfRevenue": "11795000000", "costofGoodsAndServicesSold": "11795000000", "operatingIncome": "1066000000", "sellingGeneralAndAdministrative": "1337000000", "researchAndDevelopment": "634000000", "operatingExpenses": "1337000000", "investmentIncomeNet": "None", "netInterestIncome": "-174000000", "interestIncome": "174000000", "interestExpense": "174000000", "nonInterestIncome": "None", "otherNonOperatingIncome": "None", "depreciation": "None", "depreciationAndAmortization": "431000000", "incomeBeforeTax": "762000000", "incomeTaxExpense": "-456000000", "interestAndDebtExpense": "None", "netIncomeFromContinuingOperations": "306000000", "comprehensiveIncomeNetOfTax": "None", "ebit": "936000000", "ebitda": "1367000000", "netIncome": "307000000"}, {"fiscalDateEnding": "2016-12-31", "reportedCurrency": "USD", "grossProfit": "2477000000", "totalRevenue": "13788000000", "costOfRevenue": "11311000000", "costofGoodsAndServicesSold": "11311000000", "operatingIncome": "1173000000", "sellingGeneralAndAdministrative": "1304000000", "researchAndDevelopment": "677000000", "operatingExpenses": "1304000000", "investmentIncomeNet": "None", "netInterestIncome": "-174000000", "interestIncome": "174000000", "interestExpense": "174000000", "nonInterestIncome": "None", "otherNonOperatingIncome": "None", "depreciation": "None", "depreciationAndAmortization": "434000000", "incomeBeforeTax": "876000000", "incomeTaxExpense": "-33000000", "interestAndDebtExpense": "None", "netIncomeFromContinuingOperations": "843000000", "comprehensiveIncomeNetOfTax": "None", "ebit": "1050000000", "ebitda": "1484000000", "netIncome": "962000000"}, {"fiscalDateEnding": "2015-12-31", "reportedCurrency": "USD", "grossProfit": "2444000000", "totalRevenue": "13423000000", "costOfRevenue": "10979000000", "costofGoodsAndServicesSold": "10979000000", "operatingIncome": "1140000000", "sellingGeneralAndAdministrative": "1304000000", "researchAndDevelopment": "778000000", "operatingExpenses": "1304000000", "investmentIncomeNet": "None", "netInterestIncome": "None", "interestIncome": "169000000", "interestExpense": "169000000", "nonInterestIncome": "None", "otherNonOperatingIncome": "None", "depreciation": "None", "depreciationAndAmortization": "461000000", "incomeBeforeTax": "971000000", "incomeTaxExpense": "273000000", "interestAndDebtExpense": "None", "netIncomeFromContinuingOperations": "698000000", "comprehensiveIncomeNetOfTax": "None", "ebit": "1140000000", "ebitda": "1601000000", "netIncome": "697000000"}, {"fiscalDateEnding": "2014-12-31", "reportedCurrency": "USD", "grossProfit": "2457000000", "totalRevenue": "13878000000", "costOfRevenue": "11421000000", "costofGoodsAndServicesSold": "11421000000", "operatingIncome": "1096000000", "sellingGeneralAndAdministrative": "1361000000", "researchAndDevelopment": "694000000", "operatingExpenses": "1361000000", "investmentIncomeNet": "None", "netInterestIncome": "None", "interestIncome": "None", "interestExpense": "191000000", "nonInterestIncome": "None", "otherNonOperatingIncome": "None", "depreciation": "None", "depreciationAndAmortization": "459000000", "incomeBeforeTax": "853000000", "incomeTaxExpense": "248000000", "interestAndDebtExpense": "None", "netIncomeFromContinuingOperations": "605000000", "comprehensiveIncomeNetOfTax": "None", "ebit": "1116000000", "ebitda": "1575000000", "netIncome": "600000000"}, {"fiscalDateEnding": "2013-12-31", "reportedCurrency": "USD", "grossProfit": "1973000000", "totalRevenue": "12104000000", "costOfRevenue": "10131000000", "costofGoodsAndServicesSold": "10131000000", "operatingIncome": "847000000", "sellingGeneralAndAdministrative": "1126000000", "researchAndDevelopment": "651000000", "operatingExpenses": "1126000000", "investmentIncomeNet": "None", "netInterestIncome": "None", "interestIncome": "None", "interestExpense": "173000000", "nonInterestIncome": "None", "otherNonOperatingIncome": "None", "depreciation": "None", "depreciationAndAmortization": "389000000", "incomeBeforeTax": "674000000", "incomeTaxExpense": "176000000", "interestAndDebtExpense": "None", "netIncomeFromContinuingOperations": "498000000", "comprehensiveIncomeNetOfTax": "None", "ebit": "847000000", "ebitda": "1236000000", "netIncome": "498000000"}, {"fiscalDateEnding": "2012-12-31", "reportedCurrency": "USD", "grossProfit": "2218000000", "totalRevenue": "12237000000", "costOfRevenue": "10019000000", "costofGoodsAndServicesSold": "10019000000", "operatingIncome": "1053000000", "sellingGeneralAndAdministrative": "3000000", "researchAndDevelopment": "584000000", "operatingExpenses": "1165000000", "investmentIncomeNet": "None", "netInterestIncome": "None", "interestIncome": "None", "interestExpense": "212000000", "nonInterestIncome": "None", "otherNonOperatingIncome": "None", "depreciation": "None", "depreciationAndAmortization": "383000000", "incomeBeforeTax": "841000000", "incomeTaxExpense": "260000000", "interestAndDebtExpense": "None", "netIncomeFromContinuingOperations": "581000000", "comprehensiveIncomeNetOfTax": "None", "ebit": "1053000000", "ebitda": "1436000000", "netIncome": "589000000"}, {"fiscalDateEnding": "2011-12-31", "reportedCurrency": "USD", "grossProfit": "591000000", "totalRevenue": "11275000000", "costOfRevenue": "10684000000", "costofGoodsAndServicesSold": "10684000000", "operatingIncome": "583000000", "sellingGeneralAndAdministrative": "1183000000", "researchAndDevelopment": "525000000", "operatingExpenses": "114000000", "investmentIncomeNet": "None", "netInterestIncome": "None", "interestIncome": "None", "interestExpense": "140000000", "nonInterestIncome": "None", "otherNonOperatingIncome": "None", "depreciation": "None", "depreciationAndAmortization": "403000000", "incomeBeforeTax": "337000000", "incomeTaxExpense": "95000000", "interestAndDebtExpense": "None", "netIncomeFromContinuingOperations": "242000000", "comprehensiveIncomeNetOfTax": "None", "ebit": "548000000", "ebitda": "951000000", "netIncome": "242000000"}, {"fiscalDateEnding": "2010-12-31", "reportedCurrency": "USD", "grossProfit": "1920000000", "totalRevenue": "10525000000", "costOfRevenue": "8605000000", "costofGoodsAndServicesSold": "8605000000", "operatingIncome": "546000000", "sellingGeneralAndAdministrative": "143000000", "researchAndDevelopment": "403000000", "operatingExpenses": "1374000000", "investmentIncomeNet": "None", "netInterestIncome": "None", "interestIncome": "None", "interestExpense": "270000000", "nonInterestIncome": "None", "otherNonOperatingIncome": "None", "depreciation": "None", "depreciationAndAmortization": "393000000", "incomeBeforeTax": "86000000", "incomeTaxExpense": "-6000000", "interestAndDebtExpense": "None", "netIncomeFromContinuingOperations": "92000000", "comprehensiveIncomeNetOfTax": "None", "ebit": "546000000", "ebitda": "939000000", "netIncome": "86000000"}, {"fiscalDateEnding": "2009-12-31", "reportedCurrency": "USD", "grossProfit": "475000000", "totalRevenue": "10500000000", "costOfRevenue": "10025000000", "costofGoodsAndServicesSold": "10025000000", "operatingIncome": "421000000", "sellingGeneralAndAdministrative": "267000000", "researchAndDevelopment": "401000000", "operatingExpenses": "164000000", "investmentIncomeNet": "None", "netInterestIncome": "None", "interestIncome": "None", "interestExpense": "143000000", "nonInterestIncome": "None", "otherNonOperatingIncome": "None", "depreciation": "None", "depreciationAndAmortization": "409000000", "incomeBeforeTax": "-149000000", "incomeTaxExpense": "-76000000", "interestAndDebtExpense": "None", "netIncomeFromContinuingOperations": "-267000000", "comprehensiveIncomeNetOfTax": "None", "ebit": "311000000", "ebitda": "720000000", "netIncome": "-31000000"}, {"fiscalDateEnding": "2008-12-31", "reportedCurrency": "USD", "grossProfit": "3489000000", "totalRevenue": "14246000000", "costOfRevenue": "10757000000", "costofGoodsAndServicesSold": "10757000000", "operatingIncome": "1616000000", "sellingGeneralAndAdministrative": "234000000", "researchAndDevelopment": "476000000", "operatingExpenses": "1873000000", "investmentIncomeNet": "None", "netInterestIncome": "None", "interestIncome": "None", "interestExpense": "432000000", "nonInterestIncome": "None", "otherNonOperatingIncome": "None", "depreciation": "None", "depreciationAndAmortization": "403000000", "incomeBeforeTax": "658000000", "incomeTaxExpense": "314000000", "interestAndDebtExpense": "None", "netIncomeFromContinuingOperations": "None", "comprehensiveIncomeNetOfTax": "None", "ebit": "1616000000", "ebitda": "2019000000", "netIncome": "486000000"}, {"fiscalDateEnding": "2007-12-31", "reportedCurrency": "USD", "grossProfit": "3509000000", "totalRevenue": "13225000000", "costOfRevenue": "9716000000", "costofGoodsAndServicesSold": "9716000000", "operatingIncome": "1784000000", "sellingGeneralAndAdministrative": "33000000", "researchAndDevelopment": "365000000", "operatingExpenses": "1725000000", "investmentIncomeNet": "None", "netInterestIncome": "None", "interestIncome": "None", "interestExpense": "484000000", "nonInterestIncome": "None", "otherNonOperatingIncome": "None", "depreciation": "None", "depreciationAndAmortization": "336000000", "incomeBeforeTax": "1300000000", "incomeTaxExpense": "385000000", "interestAndDebtExpense": "None", "netIncomeFromContinuingOperations": "None", "comprehensiveIncomeNetOfTax": "None", "ebit": "1784000000", "ebitda": "2120000000", "netIncome": "917000000"}, {"fiscalDateEnding": "2006-12-31", "reportedCurrency": "USD", "grossProfit": "2962000000", "totalRevenue": "11490000000", "costOfRevenue": "8528000000", "costofGoodsAndServicesSold": "8528000000", "operatingIncome": "1413000000", "sellingGeneralAndAdministrative": "26000000", "researchAndDevelopment": "351000000", "operatingExpenses": "1549000000", "investmentIncomeNet": "None", "netInterestIncome": "None", "interestIncome": "None", "interestExpense": "438000000", "nonInterestIncome": "None", "otherNonOperatingIncome": "None", "depreciation": "None", "depreciationAndAmortization": "290000000", "incomeBeforeTax": "975000000", "incomeTaxExpense": "269000000", "interestAndDebtExpense": "None", "netIncomeFromContinuingOperations": "None", "comprehensiveIncomeNetOfTax": "None", "ebit": "1413000000", "ebitda": "1703000000", "netIncome": "601000000"}, {"fiscalDateEnding": "2005-12-31", "reportedCurrency": "USD", "grossProfit": "2579000000", "totalRevenue": "10043000000", "costOfRevenue": "7464000000", "costofGoodsAndServicesSold": "7464000000", "operatingIncome": "1147000000", "sellingGeneralAndAdministrative": "1403000000", "researchAndDevelopment": "326000000", "operatingExpenses": "1432000000", "investmentIncomeNet": "None", "netInterestIncome": "None", "interestIncome": "None", "interestExpense": "290000000", "nonInterestIncome": "None", "otherNonOperatingIncome": "None", "depreciation": "None", "depreciationAndAmortization": "303000000", "incomeBeforeTax": "739000000", "incomeTaxExpense": "223000000", "interestAndDebtExpense": "None", "netIncomeFromContinuingOperations": "None", "comprehensiveIncomeNetOfTax": "None", "ebit": "1029000000", "ebitda": "1332000000", "netIncome": "203000000"}], "quarterlyReports": [{"fiscalDateEnding": "2024-12-31", "reportedCurrency": "USD", "grossProfit": "901000000", "totalRevenue": "3613000000", "costOfRevenue": "2712000000", "costofGoodsAndServicesSold": "2712000000", "operatingIncome": "141000000", "sellingGeneralAndAdministrative": "265000000", "researchAndDevelopment": "None", "operatingExpenses": "756000000", "investmentIncomeNet": "None", "netInterestIncome": "-26000000", "interestIncome": "None", "interestExpense": "26000000", "nonInterestIncome": "None", "otherNonOperatingIncome": "None", "depreciation": "None", "depreciationAndAmortization": "103000000", "incomeBeforeTax": "131000000", "incomeTaxExpense": "-10000000", "interestAndDebtExpense": "None", "netIncomeFromContinuingOperations": "141000000", "comprehensiveIncomeNetOfTax": "None", "ebit": "157000000", "ebitda": "260000000", "netIncome": "141000000"}, {"fiscalDateEnding": "2024-09-30", "reportedCurrency": "USD", "grossProfit": "492000000", "totalRevenue": "3427000000", "costOfRevenue": "2935000000", "costofGoodsAndServicesSold": "2935000000", "operatingIncome": "210000000", "sellingGeneralAndAdministrative": "282000000", "researchAndDevelopment": "None", "operatingExpenses": "282000000", "investmentIncomeNet": "None", "netInterestIncome": "-26000000", "interestIncome": "None", "interestExpense": "26000000", "nonInterestIncome": "None", "otherNonOperatingIncome": "None", "depreciation": "None", "depreciationAndAmortization": "101000000", "incomeBeforeTax": "252000000", "incomeTaxExpense": "29000000", "interestAndDebtExpense": "None", "netIncomeFromContinuingOperations": "223000000", "comprehensiveIncomeNetOfTax": "None", "ebit": "278000000", "ebitda": "379000000", "netIncome": "223000000"}, {"fiscalDateEnding": "2024-06-30", "reportedCurrency": "USD", "grossProfit": "588000000", "totalRevenue": "3527000000", "costOfRevenue": "2939000000", "costofGoodsAndServicesSold": "2939000000", "operatingIncome": "356000000", "sellingGeneralAndAdministrative": "227000000", "researchAndDevelopment": "None", "operatingExpenses": "3081000000", "investmentIncomeNet": "None", "netInterestIncome": "-25000000", "interestIncome": "None", "interestExpense": "20000000", "nonInterestIncome": "None", "otherNonOperatingIncome": "None", "depreciation": "None", "depreciationAndAmortization": "90000000", "incomeBeforeTax": "323000000", "incomeTaxExpense": "63000000", "interestAndDebtExpense": "None", "netIncomeFromContinuingOperations": "260000000", "comprehensiveIncomeNetOfTax": "None", "ebit": "356000000", "ebitda": "446000000", "netIncome": "259000000"}, {"fiscalDateEnding": "2024-03-31", "reportedCurrency": "USD", "grossProfit": "521000000", "totalRevenue": "3135000000", "costOfRevenue": "2614000000", "costofGoodsAndServicesSold": "2614000000", "operatingIncome": "-2576000000", "sellingGeneralAndAdministrative": "250000000", "researchAndDevelopment": "None", "operatingExpenses": "3097000000", "investmentIncomeNet": "None", "netInterestIncome": "-20000000", "interestIncome": "None", "interestExpense": "20000000", "nonInterestIncome": "None", "otherNonOperatingIncome": "None", "depreciation": "None", "depreciationAndAmortization": "88000000", "incomeBeforeTax": "237000000", "incomeTaxExpense": "36000000", "interestAndDebtExpense": "None", "netIncomeFromContinuingOperations": "201000000", "comprehensiveIncomeNetOfTax": "None", "ebit": "266000000", "ebitda": "354000000", "netIncome": "201000000"}, {"fiscalDateEnding": "2023-12-31", "reportedCurrency": "USD", "grossProfit": "643000000", "totalRevenue": "3892000000", "costOfRevenue": "3249000000", "costofGoodsAndServicesSold": "3249000000", "operatingIncome": "249000000", "sellingGeneralAndAdministrative": "45000000", "researchAndDevelopment": "None", "operatingExpenses": "328000000", "investmentIncomeNet": "None", "netInterestIncome": "-19000000", "interestIncome": "None", "interestExpense": "19000000", "nonInterestIncome": "None", "otherNonOperatingIncome": "None", "depreciation": "None", "depreciationAndAmortization": "100000000", "incomeBeforeTax": "230000000", "incomeTaxExpense": "31000000", "interestAndDebtExpense": "None", "netIncomeFromContinuingOperations": "199000000", "comprehensiveIncomeNetOfTax": "None", "ebit": "249000000", "ebitda": "349000000", "netIncome": "198000000"}, {"fiscalDateEnding": "2023-09-30", "reportedCurrency": "USD", "grossProfit": "564000000", "totalRevenue": "3343000000", "costOfRevenue": "2779000000", "costofGoodsAndServicesSold": "2779000000", "operatingIncome": "320000000", "sellingGeneralAndAdministrative": "38000000", "researchAndDevelopment": "None", "operatingExpenses": "303000000", "investmentIncomeNet": "None", "netInterestIncome": "-19000000", "interestIncome": "16000000", "interestExpense": "19000000", "nonInterestIncome": "None", "otherNonOperatingIncome": "None", "depreciation": "None", "depreciationAndAmortization": "99000000", "incomeBeforeTax": "301000000", "incomeTaxExpense": "32000000", "interestAndDebtExpense": "None", "netIncomeFromContinuingOperations": "269000000", "comprehensiveIncomeNetOfTax": "None", "ebit": "320000000", "ebitda": "419000000", "netIncome": "269000000"}, {"fiscalDateEnding": "2023-06-30", "reportedCurrency": "USD", "grossProfit": "578000000", "totalRevenue": "3424000000", "costOfRevenue": "2846000000", "costofGoodsAndServicesSold": "2846000000", "operatingIncome": "263000000", "sellingGeneralAndAdministrative": "230000000", "researchAndDevelopment": "None", "operatingExpenses": "289000000", "investmentIncomeNet": "None", "netInterestIncome": "-19000000", "interestIncome": "19000000", "interestExpense": "19000000", "nonInterestIncome": "None", "otherNonOperatingIncome": "None", "depreciation": "None", "depreciationAndAmortization": "101000000", "incomeBeforeTax": "329000000", "incomeTaxExpense": "66000000", "interestAndDebtExpense": "None", "netIncomeFromContinuingOperations": "263000000", "comprehensiveIncomeNetOfTax": "None", "ebit": "348000000", "ebitda": "449000000", "netIncome": "263000000"}, {"fiscalDateEnding": "2023-03-31", "reportedCurrency": "USD", "grossProfit": "493000000", "totalRevenue": "3024000000", "costOfRevenue": "2531000000", "costofGoodsAndServicesSold": "2531000000", "operatingIncome": "188000000", "sellingGeneralAndAdministrative": "246000000", "researchAndDevelopment": "None", "operatingExpenses": "305000000", "investmentIncomeNet": "None", "netInterestIncome": "-20000000", "interestIncome": "20000000", "interestExpense": "20000000", "nonInterestIncome": "None", "otherNonOperatingIncome": "None", "depreciation": "None", "depreciationAndAmortization": "92000000", "incomeBeforeTax": "227000000", "incomeTaxExpense": "-210000000", "interestAndDebtExpense": "None", "netIncomeFromContinuingOperations": "191000000", "comprehensiveIncomeNetOfTax": "None", "ebit": "244000000", "ebitda": "336000000", "netIncome": "437000000"}, {"fiscalDateEnding": "2022-12-31", "reportedCurrency": "USD", "grossProfit": "553000000", "totalRevenue": "3636000000", "costOfRevenue": "3083000000", "costofGoodsAndServicesSold": "3083000000", "operatingIncome": "268000000", "sellingGeneralAndAdministrative": "43000000", "researchAndDevelopment": "601000000", "operatingExpenses": "345000000", "investmentIncomeNet": "None", "netInterestIncome": "-11000000", "interestIncome": "17000000", "interestExpense": "11000000", "nonInterestIncome": "None", "otherNonOperatingIncome": "None", "depreciation": "None", "depreciationAndAmortization": "104000000", "incomeBeforeTax": "257000000", "incomeTaxExpense": "31000000", "interestAndDebtExpense": "None", "netIncomeFromContinuingOperations": "226000000", "comprehensiveIncomeNetOfTax": "None", "ebit": "268000000", "ebitda": "372000000", "netIncome": "226000000"}, {"fiscalDateEnding": "2022-09-30", "reportedCurrency": "USD", "grossProfit": "494000000", "totalRevenue": "3078000000", "costOfRevenue": "2584000000", "costofGoodsAndServicesSold": "2584000000", "operatingIncome": "295000000", "sellingGeneralAndAdministrative": "2814000000", "researchAndDevelopment": "None", "operatingExpenses": "258000000", "investmentIncomeNet": "None", "netInterestIncome": "-31000000", "interestIncome": "21000000", "interestExpense": "31000000", "nonInterestIncome": "None", "otherNonOperatingIncome": "None", "depreciation": "None", "depreciationAndAmortization": "97000000", "incomeBeforeTax": "264000000", "incomeTaxExpense": "39000000", "interestAndDebtExpense": "None", "netIncomeFromContinuingOperations": "225000000", "comprehensiveIncomeNetOfTax": "None", "ebit": "295000000", "ebitda": "392000000", "netIncome": "225000000"}, {"fiscalDateEnding": "2022-06-30", "reportedCurrency": "USD", "grossProfit": "513000000", "totalRevenue": "3154000000", "costOfRevenue": "2641000000", "costofGoodsAndServicesSold": "2641000000", "operatingIncome": "295000000", "sellingGeneralAndAdministrative": "278000000", "researchAndDevelopment": "None", "operatingExpenses": "278000000", "investmentIncomeNet": "None", "netInterestIncome": "-32000000", "interestIncome": "32000000", "interestExpense": "32000000", "nonInterestIncome": "None", "otherNonOperatingIncome": "None", "depreciation": "None", "depreciationAndAmortization": "98000000", "incomeBeforeTax": "263000000", "incomeTaxExpense": "45000000", "interestAndDebtExpense": "None", "netIncomeFromContinuingOperations": "218000000", "comprehensiveIncomeNetOfTax": "None", "ebit": "295000000", "ebitda": "393000000", "netIncome": "217000000"}, {"fiscalDateEnding": "2022-03-31", "reportedCurrency": "USD", "grossProfit": "509000000", "totalRevenue": "3001000000", "costOfRevenue": "2492000000", "costofGoodsAndServicesSold": "2492000000", "operatingIncome": "265000000", "sellingGeneralAndAdministrative": "305000000", "researchAndDevelopment": "None", "operatingExpenses": "305000000", "investmentIncomeNet": "None", "netInterestIncome": "-33000000", "interestIncome": "33000000", "interestExpense": "33000000", "nonInterestIncome": "None", "otherNonOperatingIncome": "None", "depreciation": "None", "depreciationAndAmortization": "93000000", "incomeBeforeTax": "232000000", "incomeTaxExpense": "39000000", "interestAndDebtExpense": "None", "netIncomeFromContinuingOperations": "193000000", "comprehensiveIncomeNetOfTax": "None", "ebit": "260000000", "ebitda": "353000000", "netIncome": "193000000"}, {"fiscalDateEnding": "2021-12-31", "reportedCurrency": "USD", "grossProfit": "571000000", "totalRevenue": "3322000000", "costOfRevenue": "2751000000", "costofGoodsAndServicesSold": "2751000000", "operatingIncome": "285000000", "sellingGeneralAndAdministrative": "29000000", "researchAndDevelopment": "619000000", "operatingExpenses": "326000000", "investmentIncomeNet": "None", "netInterestIncome": "-33000000", "interestIncome": "29000000", "interestExpense": "33000000", "nonInterestIncome": "None", "otherNonOperatingIncome": "None", "depreciation": "None", "depreciationAndAmortization": "91000000", "incomeBeforeTax": "247000000", "incomeTaxExpense": "40000000", "interestAndDebtExpense": "None", "netIncomeFromContinuingOperations": "193000000", "comprehensiveIncomeNetOfTax": "None", "ebit": "280000000", "ebitda": "371000000", "netIncome": "207000000"}, {"fiscalDateEnding": "2021-09-30", "reportedCurrency": "USD", "grossProfit": "504000000", "totalRevenue": "2990000000", "costOfRevenue": "2486000000", "costofGoodsAndServicesSold": "2486000000", "operatingIncome": "261000000", "sellingGeneralAndAdministrative": "283000000", "researchAndDevelopment": "None", "operatingExpenses": "283000000", "investmentIncomeNet": "None", "netInterestIncome": "-33000000", "interestIncome": "36000000", "interestExpense": "33000000", "nonInterestIncome": "None", "otherNonOperatingIncome": "None", "depreciation": "None", "depreciationAndAmortization": "97000000", "incomeBeforeTax": "218000000", "incomeTaxExpense": "33000000", "interestAndDebtExpense": "None", "netIncomeFromContinuingOperations": "185000000", "comprehensiveIncomeNetOfTax": "None", "ebit": "261000000", "ebitda": "358000000", "netIncome": "185000000"}, {"fiscalDateEnding": "2021-06-30", "reportedCurrency": "USD", "grossProfit": "531000000", "totalRevenue": "3191000000", "costOfRevenue": "2660000000", "costofGoodsAndServicesSold": "2660000000", "operatingIncome": "256000000", "sellingGeneralAndAdministrative": "314000000", "researchAndDevelopment": "None", "operatingExpenses": "314000000", "investmentIncomeNet": "None", "netInterestIncome": "-36000000", "interestIncome": "40000000", "interestExpense": "36000000", "nonInterestIncome": "None", "otherNonOperatingIncome": "None", "depreciation": "None", "depreciationAndAmortization": "98000000", "incomeBeforeTax": "218000000", "incomeTaxExpense": "34000000", "interestAndDebtExpense": "None", "netIncomeFromContinuingOperations": "184000000", "comprehensiveIncomeNetOfTax": "None", "ebit": "256000000", "ebitda": "354000000", "netIncome": "183000000"}, {"fiscalDateEnding": "2021-03-31", "reportedCurrency": "USD", "grossProfit": "479000000", "totalRevenue": "2879000000", "costOfRevenue": "2400000000", "costofGoodsAndServicesSold": "2400000000", "operatingIncome": "221000000", "sellingGeneralAndAdministrative": "None", "researchAndDevelopment": "None", "operatingExpenses": "298000000", "investmentIncomeNet": "None", "netInterestIncome": "None", "interestIncome": "None", "interestExpense": "40000000", "nonInterestIncome": "None", "otherNonOperatingIncome": "None", "depreciation": "None", "depreciationAndAmortization": "90000000", "incomeBeforeTax": "190000000", "incomeTaxExpense": "19000000", "interestAndDebtExpense": "None", "netIncomeFromContinuingOperations": "None", "comprehensiveIncomeNetOfTax": "None", "ebit": "216000000", "ebitda": "306000000", "netIncome": "171000000"}, {"fiscalDateEnding": "2020-12-31", "reportedCurrency": "USD", "grossProfit": "543000000", "totalRevenue": "3667000000", "costOfRevenue": "3124000000", "costofGoodsAndServicesSold": "3124000000", "operatingIncome": "279000000", "sellingGeneralAndAdministrative": "8248000000", "researchAndDevelopment": "549000000", "operatingExpenses": "285000000", "investmentIncomeNet": "None", "netInterestIncome": "-40000000", "interestIncome": "36000000", "interestExpense": "41000000", "nonInterestIncome": "None", "otherNonOperatingIncome": "None", "depreciation": "None", "depreciationAndAmortization": "108000000", "incomeBeforeTax": "215000000", "incomeTaxExpense": "-21000000", "interestAndDebtExpense": "None", "netIncomeFromContinuingOperations": "277000000", "comprehensiveIncomeNetOfTax": "None", "ebit": "274000000", "ebitda": "382000000", "netIncome": "236000000"}, {"fiscalDateEnding": "2020-09-30", "reportedCurrency": "USD", "grossProfit": "403000000", "totalRevenue": "2735000000", "costOfRevenue": "2332000000", "costofGoodsAndServicesSold": "2332000000", "operatingIncome": "166000000", "sellingGeneralAndAdministrative": "2619000000", "researchAndDevelopment": "None", "operatingExpenses": "258000000", "investmentIncomeNet": "None", "netInterestIncome": "-41000000", "interestIncome": "43000000", "interestExpense": "43000000", "nonInterestIncome": "None", "otherNonOperatingIncome": "None", "depreciation": "None", "depreciationAndAmortization": "95000000", "incomeBeforeTax": "116000000", "incomeTaxExpense": "1000000", "interestAndDebtExpense": "None", "netIncomeFromContinuingOperations": "115000000", "comprehensiveIncomeNetOfTax": "None", "ebit": "166000000", "ebitda": "261000000", "netIncome": "115000000"}, {"fiscalDateEnding": "2020-06-30", "reportedCurrency": "USD", "grossProfit": "221000000", "totalRevenue": "2472000000", "costOfRevenue": "2251000000", "costofGoodsAndServicesSold": "2251000000", "operatingIncome": "2000000", "sellingGeneralAndAdministrative": "None", "researchAndDevelopment": "None", "operatingExpenses": "239000000", "investmentIncomeNet": "None", "netInterestIncome": "None", "interestIncome": "None", "interestExpense": "42000000", "nonInterestIncome": "None", "otherNonOperatingIncome": "None", "depreciation": "None", "depreciationAndAmortization": "98000000", "incomeBeforeTax": "-118000000", "incomeTaxExpense": "-26000000", "interestAndDebtExpense": "None", "netIncomeFromContinuingOperations": "None", "comprehensiveIncomeNetOfTax": "None", "ebit": "-76000000", "ebitda": "22000000", "netIncome": "-92000000"}, {"fiscalDateEnding": "2020-03-31", "reportedCurrency": "USD", "grossProfit": "390000000", "totalRevenue": "2777000000", "costOfRevenue": "2387000000", "costofGoodsAndServicesSold": "2387000000", "operatingIncome": "148000000", "sellingGeneralAndAdministrative": "263000000", "researchAndDevelopment": "None", "operatingExpenses": "263000000", "investmentIncomeNet": "None", "netInterestIncome": "-42000000", "interestIncome": "40000000", "interestExpense": "40000000", "nonInterestIncome": "None", "otherNonOperatingIncome": "None", "depreciation": "None", "depreciationAndAmortization": "90000000", "incomeBeforeTax": "69000000", "incomeTaxExpense": "19000000", "interestAndDebtExpense": "None", "netIncomeFromContinuingOperations": "29000000", "comprehensiveIncomeNetOfTax": "None", "ebit": "148000000", "ebitda": "238000000", "netIncome": "50000000"}, {"fiscalDateEnding": "2019-12-31", "reportedCurrency": "USD", "grossProfit": "594000000", "totalRevenue": "4035000000", "costOfRevenue": "3441000000", "costofGoodsAndServicesSold": "3441000000", "operatingIncome": "324000000", "sellingGeneralAndAdministrative": "298000000", "researchAndDevelopment": "647000000", "operatingExpenses": "298000000", "investmentIncomeNet": "None", "netInterestIncome": "-40000000", "interestIncome": "42000000", "interestExpense": "42000000", "nonInterestIncome": "None", "otherNonOperatingIncome": "None", "depreciation": "None", "depreciationAndAmortization": "114000000", "incomeBeforeTax": "210000000", "incomeTaxExpense": "11000000", "interestAndDebtExpense": "None", "netIncomeFromContinuingOperations": "284000000", "comprehensiveIncomeNetOfTax": "None", "ebit": "318000000", "ebitda": "432000000", "netIncome": "199000000"}, {"fiscalDateEnding": "2019-09-30", "reportedCurrency": "USD", "grossProfit": "512000000", "totalRevenue": "3259000000", "costOfRevenue": "2747000000", "costofGoodsAndServicesSold": "2747000000", "operatingIncome": "3259000000", "sellingGeneralAndAdministrative": "298000000", "researchAndDevelopment": "None", "operatingExpenses": "255000000", "investmentIncomeNet": "None", "netInterestIncome": "-42000000", "interestIncome": "44000000", "interestExpense": "44000000", "nonInterestIncome": "None", "otherNonOperatingIncome": "None", "depreciation": "None", "depreciationAndAmortization": "100000000", "incomeBeforeTax": "241000000", "incomeTaxExpense": "-21000000", "interestAndDebtExpense": "None", "netIncomeFromContinuingOperations": "199000000", "comprehensiveIncomeNetOfTax": "None", "ebit": "3259000000", "ebitda": "3359000000", "netIncome": "220000000"}, {"fiscalDateEnding": "2019-06-30", "reportedCurrency": "USD", "grossProfit": "586000000", "totalRevenue": "3227000000", "costOfRevenue": "2641000000", "costofGoodsAndServicesSold": "2641000000", "operatingIncome": "3227000000", "sellingGeneralAndAdministrative": "292000000", "researchAndDevelopment": "None", "operatingExpenses": "292000000", "investmentIncomeNet": "None", "netInterestIncome": "-43000000", "interestIncome": "43000000", "interestExpense": "43000000", "nonInterestIncome": "None", "otherNonOperatingIncome": "None", "depreciation": "None", "depreciationAndAmortization": "100000000", "incomeBeforeTax": "279000000", "incomeTaxExpense": "-62000000", "interestAndDebtExpense": "None", "netIncomeFromContinuingOperations": "189000000", "comprehensiveIncomeNetOfTax": "None", "ebit": "3227000000", "ebitda": "3327000000", "netIncome": "217000000"}, {"fiscalDateEnding": "2019-03-31", "reportedCurrency": "USD", "grossProfit": "532000000", "totalRevenue": "3109000000", "costOfRevenue": "2577000000", "costofGoodsAndServicesSold": "2577000000", "operatingIncome": "3109000000", "sellingGeneralAndAdministrative": "None", "researchAndDevelopment": "None", "operatingExpenses": "307000000", "investmentIncomeNet": "None", "netInterestIncome": "None", "interestIncome": "None", "interestExpense": "42000000", "nonInterestIncome": "None", "otherNonOperatingIncome": "None", "depreciation": "None", "depreciationAndAmortization": "102000000", "incomeBeforeTax": "212000000", "incomeTaxExpense": "-33000000", "interestAndDebtExpense": "None", "netIncomeFromContinuingOperations": "None", "comprehensiveIncomeNetOfTax": "None", "ebit": "3109000000", "ebitda": "3211000000", "netIncome": "179000000"}, {"fiscalDateEnding": "2018-12-31", "reportedCurrency": "USD", "grossProfit": "645000000", "totalRevenue": "3750000000", "costOfRevenue": "3105000000", "costofGoodsAndServicesSold": "3105000000", "operatingIncome": "3750000000", "sellingGeneralAndAdministrative": "307000000", "researchAndDevelopment": "643000000", "operatingExpenses": "271000000", "investmentIncomeNet": "None", "netInterestIncome": "-42000000", "interestIncome": "None", "interestExpense": "42000000", "nonInterestIncome": "None", "otherNonOperatingIncome": "None", "depreciation": "None", "depreciationAndAmortization": "115000000", "incomeBeforeTax": "278000000", "incomeTaxExpense": "-32000000", "interestAndDebtExpense": "None", "netIncomeFromContinuingOperations": "150000000", "comprehensiveIncomeNetOfTax": "None", "ebit": "385000000", "ebitda": "500000000", "netIncome": "246000000"}, {"fiscalDateEnding": "2018-09-30", "reportedCurrency": "USD", "grossProfit": "513000000", "totalRevenue": "3200000000", "costOfRevenue": "2687000000", "costofGoodsAndServicesSold": "2687000000", "operatingIncome": "3200000000", "sellingGeneralAndAdministrative": "271000000", "researchAndDevelopment": "0", "operatingExpenses": "307000000", "investmentIncomeNet": "None", "netInterestIncome": "None", "interestIncome": "None", "interestExpense": "41000000", "nonInterestIncome": "None", "otherNonOperatingIncome": "444000000", "depreciation": "None", "depreciationAndAmortization": "106000000", "incomeBeforeTax": "628000000", "incomeTaxExpense": "-65000000", "interestAndDebtExpense": "None", "netIncomeFromContinuingOperations": "246000000", "comprehensiveIncomeNetOfTax": "None", "ebit": "3200000000", "ebitda": "3306000000", "netIncome": "563000000"}, {"fiscalDateEnding": "2018-06-30", "reportedCurrency": "USD", "grossProfit": "653000000", "totalRevenue": "3726000000", "costOfRevenue": "3073000000", "costofGoodsAndServicesSold": "3073000000", "operatingIncome": "3726000000", "sellingGeneralAndAdministrative": "370000000", "researchAndDevelopment": "0", "operatingExpenses": "370000000", "investmentIncomeNet": "None", "netInterestIncome": "None", "interestIncome": "None", "interestExpense": "42000000", "nonInterestIncome": "None", "otherNonOperatingIncome": "None", "depreciation": "None", "depreciationAndAmortization": "111000000", "incomeBeforeTax": "260000000", "incomeTaxExpense": "36000000", "interestAndDebtExpense": "None", "netIncomeFromContinuingOperations": "224000000", "comprehensiveIncomeNetOfTax": "None", "ebit": "3726000000", "ebitda": "3837000000", "netIncome": "224000000"}, {"fiscalDateEnding": "2018-03-31", "reportedCurrency": "USD", "grossProfit": "551000000", "totalRevenue": "3280000000", "costOfRevenue": "2729000000", "costofGoodsAndServicesSold": "2729000000", "operatingIncome": "3280000000", "sellingGeneralAndAdministrative": "None", "researchAndDevelopment": "None", "operatingExpenses": "327000000", "investmentIncomeNet": "None", "netInterestIncome": "None", "interestIncome": "None", "interestExpense": "41000000", "nonInterestIncome": "None", "otherNonOperatingIncome": "None", "depreciation": "None", "depreciationAndAmortization": "105000000", "incomeBeforeTax": "218000000", "incomeTaxExpense": "29000000", "interestAndDebtExpense": "None", "netIncomeFromContinuingOperations": "None", "comprehensiveIncomeNetOfTax": "None", "ebit": "3280000000", "ebitda": "3385000000", "netIncome": "189000000"}, {"fiscalDateEnding": "2017-12-31", "reportedCurrency": "USD", "grossProfit": "673000000", "totalRevenue": "4017000000", "costOfRevenue": "3344000000", "costofGoodsAndServicesSold": "3344000000", "operatingIncome": "4017000000", "sellingGeneralAndAdministrative": "327000000", "researchAndDevelopment": "634000000", "operatingExpenses": "350000000", "investmentIncomeNet": "None", "netInterestIncome": "None", "interestIncome": "None", "interestExpense": "45000000", "nonInterestIncome": "None", "otherNonOperatingIncome": "None", "depreciation": "None", "depreciationAndAmortization": "115000000", "incomeBeforeTax": "223000000", "incomeTaxExpense": "-329000000", "interestAndDebtExpense": "None", "netIncomeFromContinuingOperations": "189000000", "comprehensiveIncomeNetOfTax": "None", "ebit": "316000000", "ebitda": "431000000", "netIncome": "-106000000"}, {"fiscalDateEnding": "2017-09-30", "reportedCurrency": "USD", "grossProfit": "607000000", "totalRevenue": "3484000000", "costOfRevenue": "2877000000", "costofGoodsAndServicesSold": "2877000000", "operatingIncome": "3484000000", "sellingGeneralAndAdministrative": "335000000", "researchAndDevelopment": "634000000", "operatingExpenses": "335000000", "investmentIncomeNet": "None", "netInterestIncome": "None", "interestIncome": "None", "interestExpense": "44000000", "nonInterestIncome": "None", "otherNonOperatingIncome": "None", "depreciation": "None", "depreciationAndAmortization": "125000000", "incomeBeforeTax": "203000000", "incomeTaxExpense": "44000000", "interestAndDebtExpense": "None", "netIncomeFromContinuingOperations": "-106000000", "comprehensiveIncomeNetOfTax": "None", "ebit": "254000000", "ebitda": "379000000", "netIncome": "159000000"}, {"fiscalDateEnding": "2017-06-30", "reportedCurrency": "USD", "grossProfit": "614000000", "totalRevenue": "3604000000", "costOfRevenue": "2990000000", "costofGoodsAndServicesSold": "2990000000", "operatingIncome": "3604000000", "sellingGeneralAndAdministrative": "309000000", "researchAndDevelopment": "0", "operatingExpenses": "343000000", "investmentIncomeNet": "None", "netInterestIncome": "None", "interestIncome": "None", "interestExpense": "43000000", "nonInterestIncome": "None", "otherNonOperatingIncome": "None", "depreciation": "None", "depreciationAndAmortization": "112000000", "incomeBeforeTax": "215000000", "incomeTaxExpense": "-62000000", "interestAndDebtExpense": "None", "netIncomeFromContinuingOperations": "100000000", "comprehensiveIncomeNetOfTax": "None", "ebit": "3604000000", "ebitda": "3716000000", "netIncome": "153000000"}, {"fiscalDateEnding": "2017-03-31", "reportedCurrency": "USD", "grossProfit": "509000000", "totalRevenue": "3093000000", "costOfRevenue": "2584000000", "costofGoodsAndServicesSold": "2584000000", "operatingIncome": "200000000", "sellingGeneralAndAdministrative": "None", "researchAndDevelopment": "None", "operatingExpenses": "309000000", "investmentIncomeNet": "None", "netInterestIncome": "None", "interestIncome": "None", "interestExpense": "42000000", "nonInterestIncome": "None", "otherNonOperatingIncome": "None", "depreciation": "None", "depreciationAndAmortization": "106000000", "incomeBeforeTax": "121000000", "incomeTaxExpense": "21000000", "interestAndDebtExpense": "None", "netIncomeFromContinuingOperations": "None", "comprehensiveIncomeNetOfTax": "None", "ebit": "200000000", "ebitda": "306000000", "netIncome": "101000000"}, {"fiscalDateEnding": "2016-12-31", "reportedCurrency": "USD", "grossProfit": "699000000", "totalRevenue": "3825000000", "costOfRevenue": "3126000000", "costofGoodsAndServicesSold": "3126000000", "operatingIncome": "3825000000", "sellingGeneralAndAdministrative": "309000000", "researchAndDevelopment": "677000000", "operatingExpenses": "355000000", "investmentIncomeNet": "None", "netInterestIncome": "None", "interestIncome": "None", "interestExpense": "42000000", "nonInterestIncome": "None", "otherNonOperatingIncome": "None", "depreciation": "None", "depreciationAndAmortization": "115000000", "incomeBeforeTax": "294000000", "incomeTaxExpense": "-79000000", "interestAndDebtExpense": "None", "netIncomeFromContinuingOperations": "100000000", "comprehensiveIncomeNetOfTax": "None", "ebit": "338000000", "ebitda": "453000000", "netIncome": "214000000"}, {"fiscalDateEnding": "2016-09-30", "reportedCurrency": "USD", "grossProfit": "590000000", "totalRevenue": "3251000000", "costOfRevenue": "2661000000", "costofGoodsAndServicesSold": "2661000000", "operatingIncome": "3251000000", "sellingGeneralAndAdministrative": "355000000", "researchAndDevelopment": "677000000", "operatingExpenses": "323000000", "investmentIncomeNet": "None", "netInterestIncome": "None", "interestIncome": "None", "interestExpense": "45000000", "nonInterestIncome": "None", "otherNonOperatingIncome": "None", "depreciation": "None", "depreciationAndAmortization": "108000000", "incomeBeforeTax": "107000000", "incomeTaxExpense": "192000000", "interestAndDebtExpense": "None", "netIncomeFromContinuingOperations": "299000000", "comprehensiveIncomeNetOfTax": "None", "ebit": "3251000000", "ebitda": "3359000000", "netIncome": "421000000"}, {"fiscalDateEnding": "2016-06-30", "reportedCurrency": "USD", "grossProfit": "622000000", "totalRevenue": "3511000000", "costOfRevenue": "2889000000", "costofGoodsAndServicesSold": "2889000000", "operatingIncome": "3511000000", "sellingGeneralAndAdministrative": "308000000", "researchAndDevelopment": "0", "operatingExpenses": "318000000", "investmentIncomeNet": "None", "netInterestIncome": "None", "interestIncome": "None", "interestExpense": "44000000", "nonInterestIncome": "None", "otherNonOperatingIncome": "None", "depreciation": "None", "depreciationAndAmortization": "114000000", "incomeBeforeTax": "260000000", "incomeTaxExpense": "82000000", "interestAndDebtExpense": "None", "netIncomeFromContinuingOperations": "151000000", "comprehensiveIncomeNetOfTax": "None", "ebit": "3511000000", "ebitda": "3625000000", "netIncome": "177000000"}, {"fiscalDateEnding": "2016-03-31", "reportedCurrency": "USD", "grossProfit": "566000000", "totalRevenue": "3201000000", "costOfRevenue": "2635000000", "costofGoodsAndServicesSold": "2635000000", "operatingIncome": "3201000000", "sellingGeneralAndAdministrative": "None", "researchAndDevelopment": "None", "operatingExpenses": "308000000", "investmentIncomeNet": "None", "netInterestIncome": "None", "interestIncome": "None", "interestExpense": "43000000", "nonInterestIncome": "None", "otherNonOperatingIncome": "None", "depreciation": "None", "depreciationAndAmortization": "109000000", "incomeBeforeTax": "215000000", "incomeTaxExpense": "64000000", "interestAndDebtExpense": "None", "netIncomeFromContinuingOperations": "None", "comprehensiveIncomeNetOfTax": "None", "ebit": "3201000000", "ebitda": "3310000000", "netIncome": "150000000"}, {"fiscalDateEnding": "2015-12-31", "reportedCurrency": "USD", "grossProfit": "672000000", "totalRevenue": "3923000000", "costOfRevenue": "3251000000", "costofGoodsAndServicesSold": "3251000000", "operatingIncome": "3923000000", "sellingGeneralAndAdministrative": "335000000", "researchAndDevelopment": "778000000", "operatingExpenses": "335000000", "investmentIncomeNet": "None", "netInterestIncome": "None", "interestIncome": "None", "interestExpense": "43000000", "nonInterestIncome": "None", "otherNonOperatingIncome": "None", "depreciation": "None", "depreciationAndAmortization": "129000000", "incomeBeforeTax": "294000000", "incomeTaxExpense": "69000000", "interestAndDebtExpense": "None", "netIncomeFromContinuingOperations": "225000000", "comprehensiveIncomeNetOfTax": "None", "ebit": "3923000000", "ebitda": "4052000000", "netIncome": "226000000"}, {"fiscalDateEnding": "2015-09-30", "reportedCurrency": "USD", "grossProfit": "596000000", "totalRevenue": "3180000000", "costOfRevenue": "2584000000", "costofGoodsAndServicesSold": "2584000000", "operatingIncome": "3180000000", "sellingGeneralAndAdministrative": "303000000", "researchAndDevelopment": "0", "operatingExpenses": "303000000", "investmentIncomeNet": "None", "netInterestIncome": "None", "interestIncome": "None", "interestExpense": "41000000", "nonInterestIncome": "None", "otherNonOperatingIncome": "None", "depreciation": "None", "depreciationAndAmortization": "112000000", "incomeBeforeTax": "252000000", "incomeTaxExpense": "76000000", "interestAndDebtExpense": "None", "netIncomeFromContinuingOperations": "176000000", "comprehensiveIncomeNetOfTax": "None", "ebit": "3180000000", "ebitda": "3292000000", "netIncome": "176000000"}, {"fiscalDateEnding": "2015-06-30", "reportedCurrency": "USD", "grossProfit": "612000000", "totalRevenue": "3247000000", "costOfRevenue": "2635000000", "costofGoodsAndServicesSold": "2635000000", "operatingIncome": "3247000000", "sellingGeneralAndAdministrative": "337000000", "researchAndDevelopment": "0", "operatingExpenses": "329000000", "investmentIncomeNet": "None", "netInterestIncome": "None", "interestIncome": "None", "interestExpense": "42000000", "nonInterestIncome": "None", "otherNonOperatingIncome": "None", "depreciation": "None", "depreciationAndAmortization": "110000000", "incomeBeforeTax": "241000000", "incomeTaxExpense": "72000000", "interestAndDebtExpense": "None", "netIncomeFromContinuingOperations": "128000000", "comprehensiveIncomeNetOfTax": "None", "ebit": "3247000000", "ebitda": "3357000000", "netIncome": "167000000"}, {"fiscalDateEnding": "2015-03-31", "reportedCurrency": "USD", "grossProfit": "564000000", "totalRevenue": "3073000000", "costOfRevenue": "2509000000", "costofGoodsAndServicesSold": "2509000000", "operatingIncome": "3073000000", "sellingGeneralAndAdministrative": "None", "researchAndDevelopment": "None", "operatingExpenses": "337000000", "investmentIncomeNet": "None", "netInterestIncome": "None", "interestIncome": "None", "interestExpense": "43000000", "nonInterestIncome": "None", "otherNonOperatingIncome": "None", "depreciation": "None", "depreciationAndAmortization": "110000000", "incomeBeforeTax": "184000000", "incomeTaxExpense": "56000000", "interestAndDebtExpense": "None", "netIncomeFromContinuingOperations": "None", "comprehensiveIncomeNetOfTax": "None", "ebit": "3073000000", "ebitda": "3183000000", "netIncome": "128000000"}, {"fiscalDateEnding": "2014-12-31", "reportedCurrency": "USD", "grossProfit": "752000000", "totalRevenue": "4096000000", "costOfRevenue": "3344000000", "costofGoodsAndServicesSold": "3344000000", "operatingIncome": "4083000000", "sellingGeneralAndAdministrative": "402000000", "researchAndDevelopment": "694000000", "operatingExpenses": "402000000", "investmentIncomeNet": "None", "netInterestIncome": "None", "interestIncome": "None", "interestExpense": "50000000", "nonInterestIncome": "None", "otherNonOperatingIncome": "None", "depreciation": "None", "depreciationAndAmortization": "134000000", "incomeBeforeTax": "287000000", "incomeTaxExpense": "74000000", "interestAndDebtExpense": "None", "netIncomeFromContinuingOperations": "213000000", "comprehensiveIncomeNetOfTax": "None", "ebit": "403000000", "ebitda": "537000000", "netIncome": "212000000"}, {"fiscalDateEnding": "2014-09-30", "reportedCurrency": "USD", "grossProfit": "585000000", "totalRevenue": "3430000000", "costOfRevenue": "2845000000", "costofGoodsAndServicesSold": "2845000000", "operatingIncome": "3427000000", "sellingGeneralAndAdministrative": "304000000", "researchAndDevelopment": "0", "operatingExpenses": "304000000", "investmentIncomeNet": "None", "netInterestIncome": "None", "interestIncome": "None", "interestExpense": "47000000", "nonInterestIncome": "None", "otherNonOperatingIncome": "None", "depreciation": "None", "depreciationAndAmortization": "111000000", "incomeBeforeTax": "231000000", "incomeTaxExpense": "71000000", "interestAndDebtExpense": "None", "netIncomeFromContinuingOperations": "160000000", "comprehensiveIncomeNetOfTax": "None", "ebit": "3427000000", "ebitda": "3538000000", "netIncome": "159000000"}, {"fiscalDateEnding": "2014-06-30", "reportedCurrency": "USD", "grossProfit": "630000000", "totalRevenue": "3505000000", "costOfRevenue": "2875000000", "costofGoodsAndServicesSold": "2875000000", "operatingIncome": "3485000000", "sellingGeneralAndAdministrative": "None", "researchAndDevelopment": "None", "operatingExpenses": "353000000", "investmentIncomeNet": "None", "netInterestIncome": "None", "interestIncome": "None", "interestExpense": "47000000", "nonInterestIncome": "None", "otherNonOperatingIncome": "None", "depreciation": "None", "depreciationAndAmortization": "116000000", "incomeBeforeTax": "210000000", "incomeTaxExpense": "65000000", "interestAndDebtExpense": "None", "netIncomeFromContinuingOperations": "None", "comprehensiveIncomeNetOfTax": "None", "ebit": "3485000000", "ebitda": "3601000000", "netIncome": "144000000"}, {"fiscalDateEnding": "2014-03-31", "reportedCurrency": "USD", "grossProfit": "490000000", "totalRevenue": "2847000000", "costOfRevenue": "2357000000", "costofGoodsAndServicesSold": "2357000000", "operatingIncome": "2847000000", "sellingGeneralAndAdministrative": "353000000", "researchAndDevelopment": "0", "operatingExpenses": "302000000", "investmentIncomeNet": "None", "netInterestIncome": "None", "interestIncome": "None", "interestExpense": "47000000", "nonInterestIncome": "None", "otherNonOperatingIncome": "None", "depreciation": "None", "depreciationAndAmortization": "98000000", "incomeBeforeTax": "125000000", "incomeTaxExpense": "38000000", "interestAndDebtExpense": "None", "netIncomeFromContinuingOperations": "145000000", "comprehensiveIncomeNetOfTax": "None", "ebit": "2847000000", "ebitda": "2945000000", "netIncome": "85000000"}, {"fiscalDateEnding": "2013-12-31", "reportedCurrency": "USD", "grossProfit": "568000000", "totalRevenue": "3506000000", "costOfRevenue": "2938000000", "costofGoodsAndServicesSold": "2938000000", "operatingIncome": "3506000000", "sellingGeneralAndAdministrative": "302000000", "researchAndDevelopment": "651000000", "operatingExpenses": "306000000", "investmentIncomeNet": "None", "netInterestIncome": "None", "interestIncome": "None", "interestExpense": "39000000", "nonInterestIncome": "None", "otherNonOperatingIncome": "None", "depreciation": "None", "depreciationAndAmortization": "104000000", "incomeBeforeTax": "223000000", "incomeTaxExpense": "52000000", "interestAndDebtExpense": "None", "netIncomeFromContinuingOperations": "87000000", "comprehensiveIncomeNetOfTax": "None", "ebit": "3506000000", "ebitda": "3610000000", "netIncome": "167000000"}, {"fiscalDateEnding": "2013-09-30", "reportedCurrency": "USD", "grossProfit": "431000000", "totalRevenue": "2904000000", "costOfRevenue": "2473000000", "costofGoodsAndServicesSold": "2473000000", "operatingIncome": "2904000000", "sellingGeneralAndAdministrative": "306000000", "researchAndDevelopment": "651000000", "operatingExpenses": "245000000", "investmentIncomeNet": "None", "netInterestIncome": "None", "interestIncome": "None", "interestExpense": "41000000", "nonInterestIncome": "None", "otherNonOperatingIncome": "None", "depreciation": "None", "depreciationAndAmortization": "93000000", "incomeBeforeTax": "145000000", "incomeTaxExpense": "-47000000", "interestAndDebtExpense": "None", "netIncomeFromContinuingOperations": "171000000", "comprehensiveIncomeNetOfTax": "None", "ebit": "2904000000", "ebitda": "2997000000", "netIncome": "99000000"}, {"fiscalDateEnding": "2013-06-30", "reportedCurrency": "USD", "grossProfit": "501000000", "totalRevenue": "2839000000", "costOfRevenue": "2338000000", "costofGoodsAndServicesSold": "2338000000", "operatingIncome": "2839000000", "sellingGeneralAndAdministrative": "296000000", "researchAndDevelopment": "0", "operatingExpenses": "296000000", "investmentIncomeNet": "None", "netInterestIncome": "None", "interestIncome": "None", "interestExpense": "42000000", "nonInterestIncome": "None", "otherNonOperatingIncome": "None", "depreciation": "None", "depreciationAndAmortization": "95000000", "incomeBeforeTax": "163000000", "incomeTaxExpense": "49000000", "interestAndDebtExpense": "None", "netIncomeFromContinuingOperations": "114000000", "comprehensiveIncomeNetOfTax": "None", "ebit": "2839000000", "ebitda": "2934000000", "netIncome": "113000000"}, {"fiscalDateEnding": "2013-03-31", "reportedCurrency": "USD", "grossProfit": "473000000", "totalRevenue": "2855000000", "costOfRevenue": "2382000000", "costofGoodsAndServicesSold": "2382000000", "operatingIncome": "2855000000", "sellingGeneralAndAdministrative": "None", "researchAndDevelopment": "None", "operatingExpenses": "279000000", "investmentIncomeNet": "None", "netInterestIncome": "None", "interestIncome": "None", "interestExpense": "51000000", "nonInterestIncome": "None", "otherNonOperatingIncome": "None", "depreciation": "None", "depreciationAndAmortization": "97000000", "incomeBeforeTax": "143000000", "incomeTaxExpense": "28000000", "interestAndDebtExpense": "None", "netIncomeFromContinuingOperations": "None", "comprehensiveIncomeNetOfTax": "None", "ebit": "2855000000", "ebitda": "2952000000", "netIncome": "119000000"}, {"fiscalDateEnding": "2012-12-31", "reportedCurrency": "USD", "grossProfit": "565000000", "totalRevenue": "3362000000", "costOfRevenue": "2797000000", "costofGoodsAndServicesSold": "2797000000", "operatingIncome": "3362000000", "sellingGeneralAndAdministrative": "1000000", "researchAndDevelopment": "584000000", "operatingExpenses": "309000000", "investmentIncomeNet": "None", "netInterestIncome": "None", "interestIncome": "None", "interestExpense": "52000000", "nonInterestIncome": "None", "otherNonOperatingIncome": "None", "depreciation": "None", "depreciationAndAmortization": "106000000", "incomeBeforeTax": "200000000", "incomeTaxExpense": "54000000", "interestAndDebtExpense": "None", "netIncomeFromContinuingOperations": "115000000", "comprehensiveIncomeNetOfTax": "None", "ebit": "252000000", "ebitda": "358000000", "netIncome": "148000000"}, {"fiscalDateEnding": "2012-09-30", "reportedCurrency": "USD", "grossProfit": "218000000", "totalRevenue": "2936000000", "costOfRevenue": "2718000000", "costofGoodsAndServicesSold": "2718000000", "operatingIncome": "244000000", "sellingGeneralAndAdministrative": "1000000", "researchAndDevelopment": "584000000", "operatingExpenses": "38000000", "investmentIncomeNet": "None", "netInterestIncome": "None", "interestIncome": "None", "interestExpense": "35000000", "nonInterestIncome": "None", "otherNonOperatingIncome": "None", "depreciation": "None", "depreciationAndAmortization": "94000000", "incomeBeforeTax": "209000000", "incomeTaxExpense": "67000000", "interestAndDebtExpense": "None", "netIncomeFromContinuingOperations": "146000000", "comprehensiveIncomeNetOfTax": "None", "ebit": "244000000", "ebitda": "338000000", "netIncome": "151000000"}, {"fiscalDateEnding": "2012-06-30", "reportedCurrency": "USD", "grossProfit": "310000000", "totalRevenue": "3019000000", "costOfRevenue": "2709000000", "costofGoodsAndServicesSold": "2709000000", "operatingIncome": "290000000", "sellingGeneralAndAdministrative": "283000000", "researchAndDevelopment": "0", "operatingExpenses": "20000000", "investmentIncomeNet": "None", "netInterestIncome": "None", "interestIncome": "None", "interestExpense": "35000000", "nonInterestIncome": "None", "otherNonOperatingIncome": "None", "depreciation": "None", "depreciationAndAmortization": "92000000", "incomeBeforeTax": "255000000", "incomeTaxExpense": "82000000", "interestAndDebtExpense": "None", "netIncomeFromContinuingOperations": "173000000", "comprehensiveIncomeNetOfTax": "None", "ebit": "290000000", "ebitda": "382000000", "netIncome": "172000000"}, {"fiscalDateEnding": "2012-03-31", "reportedCurrency": "USD", "grossProfit": "259000000", "totalRevenue": "2856000000", "costOfRevenue": "2597000000", "costofGoodsAndServicesSold": "2597000000", "operatingIncome": "212000000", "sellingGeneralAndAdministrative": "308000000", "researchAndDevelopment": "0", "operatingExpenses": "47000000", "investmentIncomeNet": "None", "netInterestIncome": "None", "interestIncome": "None", "interestExpense": "35000000", "nonInterestIncome": "None", "otherNonOperatingIncome": "None", "depreciation": "None", "depreciationAndAmortization": "91000000", "incomeBeforeTax": "177000000", "incomeTaxExpense": "57000000", "interestAndDebtExpense": "None", "netIncomeFromContinuingOperations": "120000000", "comprehensiveIncomeNetOfTax": "None", "ebit": "212000000", "ebitda": "303000000", "netIncome": "118000000"}, {"fiscalDateEnding": "2011-12-31", "reportedCurrency": "USD", "grossProfit": "539000000", "totalRevenue": "3254000000", "costOfRevenue": "2715000000", "costofGoodsAndServicesSold": "2715000000", "operatingIncome": "32000000", "sellingGeneralAndAdministrative": "None", "researchAndDevelopment": "None", "operatingExpenses": "507000000", "investmentIncomeNet": "None", "netInterestIncome": "None", "interestIncome": "None", "interestExpense": "62000000", "nonInterestIncome": "None", "otherNonOperatingIncome": "None", "depreciation": "None", "depreciationAndAmortization": "114000000", "incomeBeforeTax": "-30000000", "incomeTaxExpense": "-13000000", "interestAndDebtExpense": "None", "netIncomeFromContinuingOperations": "None", "comprehensiveIncomeNetOfTax": "None", "ebit": "32000000", "ebitda": "146000000", "netIncome": "-19000000"}, {"fiscalDateEnding": "2011-09-30", "reportedCurrency": "USD", "grossProfit": "236000000", "totalRevenue": "2814000000", "costOfRevenue": "2578000000", "costofGoodsAndServicesSold": "2578000000", "operatingIncome": "129000000", "sellingGeneralAndAdministrative": "3000000", "researchAndDevelopment": "525000000", "operatingExpenses": "13000000", "investmentIncomeNet": "None", "netInterestIncome": "None", "interestIncome": "None", "interestExpense": "37000000", "nonInterestIncome": "None", "otherNonOperatingIncome": "None", "depreciation": "None", "depreciationAndAmortization": "94000000", "incomeBeforeTax": "186000000", "incomeTaxExpense": "50000000", "interestAndDebtExpense": "None", "netIncomeFromContinuingOperations": "136000000", "comprehensiveIncomeNetOfTax": "None", "ebit": "129000000", "ebitda": "223000000", "netIncome": "142000000"}, {"fiscalDateEnding": "2011-06-30", "reportedCurrency": "USD", "grossProfit": "503000000", "totalRevenue": "2728000000", "costOfRevenue": "2225000000", "costofGoodsAndServicesSold": "2225000000", "operatingIncome": "196000000", "sellingGeneralAndAdministrative": "254000000", "researchAndDevelopment": "0", "operatingExpenses": "307000000", "investmentIncomeNet": "None", "netInterestIncome": "None", "interestIncome": "None", "interestExpense": "61000000", "nonInterestIncome": "None", "otherNonOperatingIncome": "None", "depreciation": "None", "depreciationAndAmortization": "100000000", "incomeBeforeTax": "135000000", "incomeTaxExpense": "43000000", "interestAndDebtExpense": "None", "netIncomeFromContinuingOperations": "136000000", "comprehensiveIncomeNetOfTax": "None", "ebit": "196000000", "ebitda": "296000000", "netIncome": "90000000"}, {"fiscalDateEnding": "2011-03-31", "reportedCurrency": "USD", "grossProfit": "424000000", "totalRevenue": "2479000000", "costOfRevenue": "2055000000", "costofGoodsAndServicesSold": "2055000000", "operatingIncome": "108000000", "sellingGeneralAndAdministrative": "12000000", "researchAndDevelopment": "0", "operatingExpenses": "316000000", "investmentIncomeNet": "None", "netInterestIncome": "None", "interestIncome": "None", "interestExpense": "62000000", "nonInterestIncome": "None", "otherNonOperatingIncome": "None", "depreciation": "None", "depreciationAndAmortization": "95000000", "incomeBeforeTax": "46000000", "incomeTaxExpense": "15000000", "interestAndDebtExpense": "None", "netIncomeFromContinuingOperations": "31000000", "comprehensiveIncomeNetOfTax": "None", "ebit": "108000000", "ebitda": "203000000", "netIncome": "29000000"}, {"fiscalDateEnding": "2010-12-31", "reportedCurrency": "USD", "grossProfit": "522000000", "totalRevenue": "3127000000", "costOfRevenue": "2605000000", "costofGoodsAndServicesSold": "2605000000", "operatingIncome": "162000000", "sellingGeneralAndAdministrative": "14000000", "researchAndDevelopment": "403000000", "operatingExpenses": "360000000", "investmentIncomeNet": "None", "netInterestIncome": "None", "interestIncome": "None", "interestExpense": "63000000", "nonInterestIncome": "None", "otherNonOperatingIncome": "None", "depreciation": "None", "depreciationAndAmortization": "111000000", "incomeBeforeTax": "45000000", "incomeTaxExpense": "-18000000", "interestAndDebtExpense": "None", "netIncomeFromContinuingOperations": "-17000000", "comprehensiveIncomeNetOfTax": "None", "ebit": "162000000", "ebitda": "273000000", "netIncome": "60000000"}, {"fiscalDateEnding": "2010-09-30", "reportedCurrency": "USD", "grossProfit": "442000000", "totalRevenue": "2479000000", "costOfRevenue": "2037000000", "costofGoodsAndServicesSold": "2037000000", "operatingIncome": "112000000", "sellingGeneralAndAdministrative": "330000000", "researchAndDevelopment": "0", "operatingExpenses": "330000000", "investmentIncomeNet": "None", "netInterestIncome": "None", "interestIncome": "None", "interestExpense": "67000000", "nonInterestIncome": "None", "otherNonOperatingIncome": "None", "depreciation": "None", "depreciationAndAmortization": "95000000", "incomeBeforeTax": "-69000000", "incomeTaxExpense": "-21000000", "interestAndDebtExpense": "None", "netIncomeFromContinuingOperations": "0", "comprehensiveIncomeNetOfTax": "None", "ebit": "-2000000", "ebitda": "93000000", "netIncome": "-48000000"}, {"fiscalDateEnding": "2010-06-30", "reportedCurrency": "USD", "grossProfit": "521000000", "totalRevenue": "2709000000", "costOfRevenue": "2188000000", "costofGoodsAndServicesSold": "2188000000", "operatingIncome": "178000000", "sellingGeneralAndAdministrative": "330000000", "researchAndDevelopment": "0", "operatingExpenses": "343000000", "investmentIncomeNet": "None", "netInterestIncome": "None", "interestIncome": "None", "interestExpense": "69000000", "nonInterestIncome": "None", "otherNonOperatingIncome": "None", "depreciation": "None", "depreciationAndAmortization": "97000000", "incomeBeforeTax": "99000000", "incomeTaxExpense": "18000000", "interestAndDebtExpense": "None", "netIncomeFromContinuingOperations": "0", "comprehensiveIncomeNetOfTax": "None", "ebit": "168000000", "ebitda": "265000000", "netIncome": "82000000"}, {"fiscalDateEnding": "2010-03-31", "reportedCurrency": "USD", "grossProfit": "96000000", "totalRevenue": "2210000000", "costOfRevenue": "2114000000", "costofGoodsAndServicesSold": "2114000000", "operatingIncome": "59000000", "sellingGeneralAndAdministrative": "45000000", "researchAndDevelopment": "0", "operatingExpenses": "37000000", "investmentIncomeNet": "None", "netInterestIncome": "None", "interestIncome": "None", "interestExpense": "36000000", "nonInterestIncome": "None", "otherNonOperatingIncome": "2000000", "depreciation": "None", "depreciationAndAmortization": "90000000", "incomeBeforeTax": "11000000", "incomeTaxExpense": "15000000", "interestAndDebtExpense": "None", "netIncomeFromContinuingOperations": "-4000000", "comprehensiveIncomeNetOfTax": "None", "ebit": "82000000", "ebitda": "172000000", "netIncome": "-8000000"}, {"fiscalDateEnding": "2009-12-31", "reportedCurrency": "USD", "grossProfit": "493000000", "totalRevenue": "2813000000", "costOfRevenue": "2320000000", "costofGoodsAndServicesSold": "2320000000", "operatingIncome": "128000000", "sellingGeneralAndAdministrative": "61000000", "researchAndDevelopment": "None", "operatingExpenses": "371000000", "investmentIncomeNet": "None", "netInterestIncome": "None", "interestIncome": "None", "interestExpense": "79000000", "nonInterestIncome": "None", "otherNonOperatingIncome": "None", "depreciation": "None", "depreciationAndAmortization": "112000000", "incomeBeforeTax": "-65000000", "incomeTaxExpense": "-5000000", "interestAndDebtExpense": "None", "netIncomeFromContinuingOperations": "None", "comprehensiveIncomeNetOfTax": "None", "ebit": "128000000", "ebitda": "240000000", "netIncome": "-63000000"}, {"fiscalDateEnding": "2009-09-30", "reportedCurrency": "USD", "grossProfit": "121000000", "totalRevenue": "2549000000", "costOfRevenue": "2428000000", "costofGoodsAndServicesSold": "2428000000", "operatingIncome": "77000000", "sellingGeneralAndAdministrative": "1291000000", "researchAndDevelopment": "0", "operatingExpenses": "44000000", "investmentIncomeNet": "None", "netInterestIncome": "None", "interestIncome": "None", "interestExpense": "40000000", "nonInterestIncome": "None", "otherNonOperatingIncome": "None", "depreciation": "None", "depreciationAndAmortization": "100000000", "incomeBeforeTax": "-5000000", "incomeTaxExpense": "-11000000", "interestAndDebtExpense": "None", "netIncomeFromContinuingOperations": "0", "comprehensiveIncomeNetOfTax": "None", "ebit": "69000000", "ebitda": "169000000", "netIncome": "4000000"}, {"fiscalDateEnding": "2009-06-30", "reportedCurrency": "USD", "grossProfit": "513000000", "totalRevenue": "2612000000", "costOfRevenue": "2099000000", "costofGoodsAndServicesSold": "2099000000", "operatingIncome": "88000000", "sellingGeneralAndAdministrative": "76000000", "researchAndDevelopment": "None", "operatingExpenses": "2524000000", "investmentIncomeNet": "None", "netInterestIncome": "None", "interestIncome": "None", "interestExpense": "34000000", "nonInterestIncome": "None", "otherNonOperatingIncome": "None", "depreciation": "None", "depreciationAndAmortization": "101000000", "incomeBeforeTax": "-120000000", "incomeTaxExpense": "-58000000", "interestAndDebtExpense": "None", "netIncomeFromContinuingOperations": "None", "comprehensiveIncomeNetOfTax": "None", "ebit": "-43000000", "ebitda": "58000000", "netIncome": "-58000000"}, {"fiscalDateEnding": "2009-03-31", "reportedCurrency": "USD", "grossProfit": "527000000", "totalRevenue": "2526000000", "costOfRevenue": "1999000000", "costofGoodsAndServicesSold": "1999000000", "operatingIncome": "105000000", "sellingGeneralAndAdministrative": "76000000", "researchAndDevelopment": "0", "operatingExpenses": "422000000", "investmentIncomeNet": "None", "netInterestIncome": "None", "interestIncome": "None", "interestExpense": "82000000", "nonInterestIncome": "None", "otherNonOperatingIncome": "None", "depreciation": "None", "depreciationAndAmortization": "96000000", "incomeBeforeTax": "41000000", "incomeTaxExpense": "-2000000", "interestAndDebtExpense": "None", "netIncomeFromContinuingOperations": "0", "comprehensiveIncomeNetOfTax": "None", "ebit": "105000000", "ebitda": "201000000", "netIncome": "86000000"}, {"fiscalDateEnding": "2008-12-31", "reportedCurrency": "USD", "grossProfit": "789000000", "totalRevenue": "3606000000", "costOfRevenue": "2817000000", "costofGoodsAndServicesSold": "2817000000", "operatingIncome": "-282000000", "sellingGeneralAndAdministrative": "76000000", "researchAndDevelopment": "None", "operatingExpenses": "545000000", "investmentIncomeNet": "None", "netInterestIncome": "None", "interestIncome": "None", "interestExpense": "114000000", "nonInterestIncome": "None", "otherNonOperatingIncome": "None", "depreciation": "None", "depreciationAndAmortization": "108000000", "incomeBeforeTax": "-396000000", "incomeTaxExpense": "-48000000", "interestAndDebtExpense": "None", "netIncomeFromContinuingOperations": "None", "comprehensiveIncomeNetOfTax": "None", "ebit": "-282000000", "ebitda": "-174000000", "netIncome": "-209000000"}, {"fiscalDateEnding": "2008-09-30", "reportedCurrency": "USD", "grossProfit": "892000000", "totalRevenue": "3533000000", "costOfRevenue": "2641000000", "costofGoodsAndServicesSold": "2641000000", "operatingIncome": "431000000", "sellingGeneralAndAdministrative": "94000000", "researchAndDevelopment": "465000000", "operatingExpenses": "461000000", "investmentIncomeNet": "None", "netInterestIncome": "None", "interestIncome": "None", "interestExpense": "102000000", "nonInterestIncome": "None", "otherNonOperatingIncome": "None", "depreciation": "None", "depreciationAndAmortization": "89000000", "incomeBeforeTax": "329000000", "incomeTaxExpense": "119000000", "interestAndDebtExpense": "None", "netIncomeFromContinuingOperations": "0", "comprehensiveIncomeNetOfTax": "None", "ebit": "431000000", "ebitda": "520000000", "netIncome": "206000000"}, {"fiscalDateEnding": "2008-06-30", "reportedCurrency": "USD", "grossProfit": "971000000", "totalRevenue": "3919000000", "costOfRevenue": "2948000000", "costofGoodsAndServicesSold": "2948000000", "operatingIncome": "492000000", "sellingGeneralAndAdministrative": "94000000", "researchAndDevelopment": "0", "operatingExpenses": "479000000", "investmentIncomeNet": "None", "netInterestIncome": "None", "interestIncome": "None", "interestExpense": "101000000", "nonInterestIncome": "None", "otherNonOperatingIncome": "None", "depreciation": "None", "depreciationAndAmortization": "103000000", "incomeBeforeTax": "391000000", "incomeTaxExpense": "130000000", "interestAndDebtExpense": "None", "netIncomeFromContinuingOperations": "0", "comprehensiveIncomeNetOfTax": "None", "ebit": "492000000", "ebitda": "595000000", "netIncome": "258000000"}, {"fiscalDateEnding": "2008-03-31", "reportedCurrency": "USD", "grossProfit": "924000000", "totalRevenue": "3518000000", "costOfRevenue": "2594000000", "costofGoodsAndServicesSold": "2594000000", "operatingIncome": "468000000", "sellingGeneralAndAdministrative": "27000000", "researchAndDevelopment": "None", "operatingExpenses": "456000000", "investmentIncomeNet": "None", "netInterestIncome": "None", "interestIncome": "None", "interestExpense": "115000000", "nonInterestIncome": "None", "otherNonOperatingIncome": "None", "depreciation": "None", "depreciationAndAmortization": "103000000", "incomeBeforeTax": "353000000", "incomeTaxExpense": "117000000", "interestAndDebtExpense": "None", "netIncomeFromContinuingOperations": "None", "comprehensiveIncomeNetOfTax": "None", "ebit": "468000000", "ebitda": "571000000", "netIncome": "231000000"}, {"fiscalDateEnding": "2007-12-31", "reportedCurrency": "USD", "grossProfit": "992000000", "totalRevenue": "3763000000", "costOfRevenue": "2771000000", "costofGoodsAndServicesSold": "2771000000", "operatingIncome": "486000000", "sellingGeneralAndAdministrative": "22000000", "researchAndDevelopment": "0", "operatingExpenses": "506000000", "investmentIncomeNet": "None", "netInterestIncome": "None", "interestIncome": "None", "interestExpense": "120000000", "nonInterestIncome": "None", "otherNonOperatingIncome": "None", "depreciation": "None", "depreciationAndAmortization": "98000000", "incomeBeforeTax": "366000000", "incomeTaxExpense": "106000000", "interestAndDebtExpense": "None", "netIncomeFromContinuingOperations": "0", "comprehensiveIncomeNetOfTax": "None", "ebit": "486000000", "ebitda": "584000000", "netIncome": "256000000"}, {"fiscalDateEnding": "2007-09-30", "reportedCurrency": "USD", "grossProfit": "873000000", "totalRevenue": "3263000000", "costOfRevenue": "2390000000", "costofGoodsAndServicesSold": "2390000000", "operatingIncome": "470000000", "sellingGeneralAndAdministrative": "7000000", "researchAndDevelopment": "365000000", "operatingExpenses": "403000000", "investmentIncomeNet": "None", "netInterestIncome": "None", "interestIncome": "None", "interestExpense": "117000000", "nonInterestIncome": "None", "otherNonOperatingIncome": "None", "depreciation": "None", "depreciationAndAmortization": "85000000", "incomeBeforeTax": "353000000", "incomeTaxExpense": "111000000", "interestAndDebtExpense": "None", "netIncomeFromContinuingOperations": "0", "comprehensiveIncomeNetOfTax": "None", "ebit": "470000000", "ebitda": "555000000", "netIncome": "255000000"}, {"fiscalDateEnding": "2007-06-30", "reportedCurrency": "USD", "grossProfit": "861000000", "totalRevenue": "3235000000", "costOfRevenue": "2374000000", "costofGoodsAndServicesSold": "2374000000", "operatingIncome": "421000000", "sellingGeneralAndAdministrative": "440000000", "researchAndDevelopment": "0", "operatingExpenses": "440000000", "investmentIncomeNet": "None", "netInterestIncome": "None", "interestIncome": "None", "interestExpense": "124000000", "nonInterestIncome": "None", "otherNonOperatingIncome": "None", "depreciation": "None", "depreciationAndAmortization": "79000000", "incomeBeforeTax": "297000000", "incomeTaxExpense": "82000000", "interestAndDebtExpense": "None", "netIncomeFromContinuingOperations": "0", "comprehensiveIncomeNetOfTax": "None", "ebit": "421000000", "ebitda": "500000000", "netIncome": "210000000"}, {"fiscalDateEnding": "2007-03-31", "reportedCurrency": "USD", "grossProfit": "784000000", "totalRevenue": "2964000000", "costOfRevenue": "2180000000", "costofGoodsAndServicesSold": "2180000000", "operatingIncome": "417000000", "sellingGeneralAndAdministrative": "8000000", "researchAndDevelopment": "0", "operatingExpenses": "372000000", "investmentIncomeNet": "None", "netInterestIncome": "None", "interestIncome": "None", "interestExpense": "123000000", "nonInterestIncome": "None", "otherNonOperatingIncome": "None", "depreciation": "None", "depreciationAndAmortization": "74000000", "incomeBeforeTax": "284000000", "incomeTaxExpense": "86000000", "interestAndDebtExpense": "None", "netIncomeFromContinuingOperations": "0", "comprehensiveIncomeNetOfTax": "None", "ebit": "417000000", "ebitda": "491000000", "netIncome": "196000000"}, {"fiscalDateEnding": "2006-12-31", "reportedCurrency": "USD", "grossProfit": "808000000", "totalRevenue": "3201000000", "costOfRevenue": "2393000000", "costofGoodsAndServicesSold": "2393000000", "operatingIncome": "383000000", "sellingGeneralAndAdministrative": "None", "researchAndDevelopment": "None", "operatingExpenses": "425000000", "investmentIncomeNet": "None", "netInterestIncome": "None", "interestIncome": "None", "interestExpense": "None", "nonInterestIncome": "None", "otherNonOperatingIncome": "None", "depreciation": "None", "depreciationAndAmortization": "80000000", "incomeBeforeTax": "265000000", "incomeTaxExpense": "69000000", "interestAndDebtExpense": "None", "netIncomeFromContinuingOperations": "None", "comprehensiveIncomeNetOfTax": "None", "ebit": "383000000", "ebitda": "463000000", "netIncome": "195000000"}, {"fiscalDateEnding": "2006-09-30", "reportedCurrency": "USD", "grossProfit": "738000000", "totalRevenue": "2837000000", "costOfRevenue": "2099000000", "costofGoodsAndServicesSold": "2099000000", "operatingIncome": "359000000", "sellingGeneralAndAdministrative": "8000000", "researchAndDevelopment": "351000000", "operatingExpenses": "379000000", "investmentIncomeNet": "None", "netInterestIncome": "None", "interestIncome": "None", "interestExpense": "118000000", "nonInterestIncome": "None", "otherNonOperatingIncome": "None", "depreciation": "None", "depreciationAndAmortization": "72000000", "incomeBeforeTax": "242000000", "incomeTaxExpense": "67000000", "interestAndDebtExpense": "None", "netIncomeFromContinuingOperations": "0", "comprehensiveIncomeNetOfTax": "None", "ebit": "359000000", "ebitda": "431000000", "netIncome": "169000000"}, {"fiscalDateEnding": "2006-06-30", "reportedCurrency": "USD", "grossProfit": "739000000", "totalRevenue": "2820000000", "costOfRevenue": "2081000000", "costofGoodsAndServicesSold": "2081000000", "operatingIncome": "364000000", "sellingGeneralAndAdministrative": "375000000", "researchAndDevelopment": "0", "operatingExpenses": "375000000", "investmentIncomeNet": "None", "netInterestIncome": "None", "interestIncome": "None", "interestExpense": "109000000", "nonInterestIncome": "None", "otherNonOperatingIncome": "None", "depreciation": "None", "depreciationAndAmortization": "72000000", "incomeBeforeTax": "255000000", "incomeTaxExpense": "78000000", "interestAndDebtExpense": "None", "netIncomeFromContinuingOperations": "0", "comprehensiveIncomeNetOfTax": "None", "ebit": "364000000", "ebitda": "436000000", "netIncome": "69000000"}, {"fiscalDateEnding": "2006-03-31", "reportedCurrency": "USD", "grossProfit": "677000000", "totalRevenue": "2632000000", "costOfRevenue": "1955000000", "costofGoodsAndServicesSold": "1955000000", "operatingIncome": "325000000", "sellingGeneralAndAdministrative": "None", "researchAndDevelopment": "None", "operatingExpenses": "361000000", "investmentIncomeNet": "None", "netInterestIncome": "None", "interestIncome": "None", "interestExpense": "94000000", "nonInterestIncome": "None", "otherNonOperatingIncome": "None", "depreciation": "None", "depreciationAndAmortization": "66000000", "incomeBeforeTax": "213000000", "incomeTaxExpense": "55000000", "interestAndDebtExpense": "None", "netIncomeFromContinuingOperations": "None", "comprehensiveIncomeNetOfTax": "None", "ebit": "325000000", "ebitda": "391000000", "netIncome": "168000000"}, {"fiscalDateEnding": "2005-12-31", "reportedCurrency": "USD", "grossProfit": "591000000", "totalRevenue": "1202000000", "costOfRevenue": "611000000", "costofGoodsAndServicesSold": "611000000", "operatingIncome": "-115000000", "sellingGeneralAndAdministrative": "370000000", "researchAndDevelopment": "0", "operatingExpenses": "263000000", "investmentIncomeNet": "None", "netInterestIncome": "None", "interestIncome": "None", "interestExpense": "94000000", "nonInterestIncome": "None", "otherNonOperatingIncome": "None", "depreciation": "None", "depreciationAndAmortization": "27000000", "incomeBeforeTax": "568000000", "incomeTaxExpense": "94000000", "interestAndDebtExpense": "None", "netIncomeFromContinuingOperations": "0", "comprehensiveIncomeNetOfTax": "None", "ebit": "210000000", "ebitda": "237000000", "netIncome": "118000000"}, {"fiscalDateEnding": "2005-09-30", "reportedCurrency": "USD", "grossProfit": "653000000", "totalRevenue": "2862000000", "costOfRevenue": "2209000000", "costofGoodsAndServicesSold": "2209000000", "operatingIncome": "594000000", "sellingGeneralAndAdministrative": "40000000", "researchAndDevelopment": "326000000", "operatingExpenses": "398000000", "investmentIncomeNet": "None", "netInterestIncome": "None", "interestIncome": "None", "interestExpense": "64000000", "nonInterestIncome": "None", "otherNonOperatingIncome": "None", "depreciation": "None", "depreciationAndAmortization": "93000000", "incomeBeforeTax": "-148000000", "incomeTaxExpense": "19000000", "interestAndDebtExpense": "None", "netIncomeFromContinuingOperations": "0", "comprehensiveIncomeNetOfTax": "None", "ebit": "594000000", "ebitda": "687000000", "netIncome": "-164000000"}, {"fiscalDateEnding": "2005-06-30", "reportedCurrency": "USD", "grossProfit": "693000000", "totalRevenue": "3188000000", "costOfRevenue": "2495000000", "costofGoodsAndServicesSold": "2495000000", "operatingIncome": "362000000", "sellingGeneralAndAdministrative": "36000000", "researchAndDevelopment": "0", "operatingExpenses": "376000000", "investmentIncomeNet": "None", "netInterestIncome": "None", "interestIncome": "None", "interestExpense": "72000000", "nonInterestIncome": "None", "otherNonOperatingIncome": "None", "depreciation": "None", "depreciationAndAmortization": "93000000", "incomeBeforeTax": "200000000", "incomeTaxExpense": "70000000", "interestAndDebtExpense": "None", "netIncomeFromContinuingOperations": "0", "comprehensiveIncomeNetOfTax": "None", "ebit": "362000000", "ebitda": "455000000", "netIncome": "123000000"}, {"fiscalDateEnding": "2005-03-31", "reportedCurrency": "USD", "grossProfit": "645000000", "totalRevenue": "2791000000", "costOfRevenue": "2146000000", "costofGoodsAndServicesSold": "2146000000", "operatingIncome": "332000000", "sellingGeneralAndAdministrative": "33000000", "researchAndDevelopment": "0", "operatingExpenses": "385000000", "investmentIncomeNet": "None", "netInterestIncome": "None", "interestIncome": "None", "interestExpense": "69000000", "nonInterestIncome": "None", "otherNonOperatingIncome": "None", "depreciation": "None", "depreciationAndAmortization": "90000000", "incomeBeforeTax": "119000000", "incomeTaxExpense": "40000000", "interestAndDebtExpense": "None", "netIncomeFromContinuingOperations": "0", "comprehensiveIncomeNetOfTax": "None", "ebit": "332000000", "ebitda": "422000000", "netIncome": "126000000"}, {"fiscalDateEnding": "2004-12-31", "reportedCurrency": "USD", "grossProfit": "661000000", "totalRevenue": "2772000000", "costOfRevenue": "2111000000", "costofGoodsAndServicesSold": "2111000000", "operatingIncome": "83000000", "sellingGeneralAndAdministrative": "161000000", "researchAndDevelopment": "0", "operatingExpenses": "434000000", "investmentIncomeNet": "None", "netInterestIncome": "None", "interestIncome": "None", "interestExpense": "248000000", "nonInterestIncome": "None", "otherNonOperatingIncome": "None", "depreciation": "None", "depreciationAndAmortization": "96000000", "incomeBeforeTax": "176000000", "incomeTaxExpense": "43000000", "interestAndDebtExpense": "None", "netIncomeFromContinuingOperations": "0", "comprehensiveIncomeNetOfTax": "None", "ebit": "96000000", "ebitda": "192000000", "netIncome": "125000000"}]}