{"symbol": "PM", "annualReports": [{"fiscalDateEnding": "2024-12-31", "reportedCurrency": "USD", "grossProfit": "24549000000", "totalRevenue": "37878000000", "costOfRevenue": "13329000000", "costofGoodsAndServicesSold": "13329000000", "operatingIncome": "13402000000", "sellingGeneralAndAdministrative": "11147000000", "researchAndDevelopment": "None", "operatingExpenses": "11147000000", "investmentIncomeNet": "None", "netInterestIncome": "-1143000000", "interestIncome": "620000000", "interestExpense": "1763000000", "nonInterestIncome": "None", "otherNonOperatingIncome": "None", "depreciation": "None", "depreciationAndAmortization": "1787000000", "incomeBeforeTax": "12199000000", "incomeTaxExpense": "2380000000", "interestAndDebtExpense": "None", "netIncomeFromContinuingOperations": "9819000000", "comprehensiveIncomeNetOfTax": "None", "ebit": "13962000000", "ebitda": "15749000000", "netIncome": "7057000000"}, {"fiscalDateEnding": "2023-12-31", "reportedCurrency": "USD", "grossProfit": "22281000000", "totalRevenue": "35174000000", "costOfRevenue": "12893000000", "costofGoodsAndServicesSold": "12893000000", "operatingIncome": "12697000000", "sellingGeneralAndAdministrative": "10105000000", "researchAndDevelopment": "709000000", "operatingExpenses": "10628000000", "investmentIncomeNet": "None", "netInterestIncome": "-1061000000", "interestIncome": "465000000", "interestExpense": "1526000000", "nonInterestIncome": "None", "otherNonOperatingIncome": "None", "depreciation": "None", "depreciationAndAmortization": "1398000000", "incomeBeforeTax": "10607000000", "incomeTaxExpense": "2339000000", "interestAndDebtExpense": "None", "netIncomeFromContinuingOperations": "8268000000", "comprehensiveIncomeNetOfTax": "None", "ebit": "11976000000", "ebitda": "13374000000", "netIncome": "7791000000"}, {"fiscalDateEnding": "2022-12-31", "reportedCurrency": "USD", "grossProfit": "20534000000", "totalRevenue": "31762000000", "costOfRevenue": "11228000000", "costofGoodsAndServicesSold": "11228000000", "operatingIncome": "12544000000", "sellingGeneralAndAdministrative": "8138000000", "researchAndDevelopment": "642000000", "operatingExpenses": "8175000000", "investmentIncomeNet": "None", "netInterestIncome": "-588000000", "interestIncome": "588000000", "interestExpense": "768000000", "nonInterestIncome": "None", "otherNonOperatingIncome": "None", "depreciation": "None", "depreciationAndAmortization": "1189000000", "incomeBeforeTax": "11771000000", "incomeTaxExpense": "2244000000", "interestAndDebtExpense": "None", "netIncomeFromContinuingOperations": "9390000000", "comprehensiveIncomeNetOfTax": "None", "ebit": "12605000000", "ebitda": "13794000000", "netIncome": "9048000000"}, {"fiscalDateEnding": "2021-12-31", "reportedCurrency": "USD", "grossProfit": "5297000000", "totalRevenue": "31405000000", "costOfRevenue": "2807000000", "costofGoodsAndServicesSold": "2807000000", "operatingIncome": "2947000000", "sellingGeneralAndAdministrative": "8419000000", "researchAndDevelopment": "617000000", "operatingExpenses": "2350000000", "investmentIncomeNet": "None", "netInterestIncome": "-628000000", "interestIncome": "628000000", "interestExpense": "146000000", "nonInterestIncome": "None", "otherNonOperatingIncome": "None", "depreciation": "None", "depreciationAndAmortization": "-19000000", "incomeBeforeTax": "2768000000", "incomeTaxExpense": "593000000", "interestAndDebtExpense": "None", "netIncomeFromContinuingOperations": "9561000000", "comprehensiveIncomeNetOfTax": "None", "ebit": "2947000000", "ebitda": "2928000000", "netIncome": "2229000000"}, {"fiscalDateEnding": "2020-12-31", "reportedCurrency": "USD", "grossProfit": "19125000000", "totalRevenue": "28694000000", "costOfRevenue": "9569000000", "costofGoodsAndServicesSold": "9569000000", "operatingIncome": "11720000000", "sellingGeneralAndAdministrative": "7481000000", "researchAndDevelopment": "495000000", "operatingExpenses": "7538000000", "investmentIncomeNet": "None", "netInterestIncome": "-618000000", "interestIncome": "618000000", "interestExpense": "728000000", "nonInterestIncome": "None", "otherNonOperatingIncome": "None", "depreciation": "None", "depreciationAndAmortization": "981000000", "incomeBeforeTax": "10969000000", "incomeTaxExpense": "2377000000", "interestAndDebtExpense": "None", "netIncomeFromContinuingOperations": "8576000000", "comprehensiveIncomeNetOfTax": "None", "ebit": "11935000000", "ebitda": "12916000000", "netIncome": "8056000000"}, {"fiscalDateEnding": "2019-12-31", "reportedCurrency": "USD", "grossProfit": "19292000000", "totalRevenue": "29805000000", "costOfRevenue": "10513000000", "costofGoodsAndServicesSold": "10513000000", "operatingIncome": "11058000000", "sellingGeneralAndAdministrative": "8784000000", "researchAndDevelopment": "465000000", "operatingExpenses": "8701000000", "investmentIncomeNet": "None", "netInterestIncome": "-570000000", "interestIncome": "226000000", "interestExpense": "570000000", "nonInterestIncome": "None", "otherNonOperatingIncome": "None", "depreciation": "None", "depreciationAndAmortization": "964000000", "incomeBeforeTax": "10021000000", "incomeTaxExpense": "2293000000", "interestAndDebtExpense": "None", "netIncomeFromContinuingOperations": "7579000000", "comprehensiveIncomeNetOfTax": "None", "ebit": "10984000000", "ebitda": "11948000000", "netIncome": "7185000000"}, {"fiscalDateEnding": "2018-12-31", "reportedCurrency": "USD", "grossProfit": "18867000000", "totalRevenue": "29625000000", "costOfRevenue": "10758000000", "costofGoodsAndServicesSold": "10758000000", "operatingIncome": "11336000000", "sellingGeneralAndAdministrative": "7449000000", "researchAndDevelopment": "383000000", "operatingExpenses": "7471000000", "investmentIncomeNet": "None", "netInterestIncome": "-665000000", "interestIncome": "190000000", "interestExpense": "665000000", "nonInterestIncome": "None", "otherNonOperatingIncome": "None", "depreciation": "None", "depreciationAndAmortization": "989000000", "incomeBeforeTax": "10731000000", "incomeTaxExpense": "2445000000", "interestAndDebtExpense": "None", "netIncomeFromContinuingOperations": "8286000000", "comprehensiveIncomeNetOfTax": "None", "ebit": "11587000000", "ebitda": "12576000000", "netIncome": "7911000000"}, {"fiscalDateEnding": "2017-12-31", "reportedCurrency": "USD", "grossProfit": "18316000000", "totalRevenue": "28748000000", "costOfRevenue": "10432000000", "costofGoodsAndServicesSold": "10432000000", "operatingIncome": "11503000000", "sellingGeneralAndAdministrative": "6725000000", "researchAndDevelopment": "453000000", "operatingExpenses": "6754000000", "investmentIncomeNet": "None", "netInterestIncome": "-914000000", "interestIncome": "182000000", "interestExpense": "914000000", "nonInterestIncome": "None", "otherNonOperatingIncome": "59000000", "depreciation": "None", "depreciationAndAmortization": "875000000", "incomeBeforeTax": "10648000000", "incomeTaxExpense": "4307000000", "interestAndDebtExpense": "None", "netIncomeFromContinuingOperations": "6341000000", "comprehensiveIncomeNetOfTax": "None", "ebit": "11584000000", "ebitda": "12459000000", "netIncome": "6035000000"}, {"fiscalDateEnding": "2016-12-31", "reportedCurrency": "USD", "grossProfit": "17294000000", "totalRevenue": "26685000000", "costOfRevenue": "9391000000", "costofGoodsAndServicesSold": "9391000000", "operatingIncome": "10815000000", "sellingGeneralAndAdministrative": "6405000000", "researchAndDevelopment": "429000000", "operatingExpenses": "6385000000", "investmentIncomeNet": "None", "netInterestIncome": "-891000000", "interestIncome": "178000000", "interestExpense": "891000000", "nonInterestIncome": "None", "otherNonOperatingIncome": "94000000", "depreciation": "None", "depreciationAndAmortization": "743000000", "incomeBeforeTax": "10018000000", "incomeTaxExpense": "2768000000", "interestAndDebtExpense": "None", "netIncomeFromContinuingOperations": "7250000000", "comprehensiveIncomeNetOfTax": "None", "ebit": "10963000000", "ebitda": "11706000000", "netIncome": "6967000000"}, {"fiscalDateEnding": "2015-12-31", "reportedCurrency": "USD", "grossProfit": "17429000000", "totalRevenue": "26794000000", "costOfRevenue": "9365000000", "costofGoodsAndServicesSold": "9365000000", "operatingIncome": "10691000000", "sellingGeneralAndAdministrative": "6656000000", "researchAndDevelopment": "423000000", "operatingExpenses": "6701000000", "investmentIncomeNet": "None", "netInterestIncome": "None", "interestIncome": "1008000000", "interestExpense": "1132000000", "nonInterestIncome": "None", "otherNonOperatingIncome": "105000000", "depreciation": "None", "depreciationAndAmortization": "754000000", "incomeBeforeTax": "9720000000", "incomeTaxExpense": "2688000000", "interestAndDebtExpense": "None", "netIncomeFromContinuingOperations": "6927000000", "comprehensiveIncomeNetOfTax": "None", "ebit": "10716000000", "ebitda": "11470000000", "netIncome": "6873000000"}, {"fiscalDateEnding": "2014-12-31", "reportedCurrency": "USD", "grossProfit": "19331000000", "totalRevenue": "29767000000", "costOfRevenue": "10436000000", "costofGoodsAndServicesSold": "10436000000", "operatingIncome": "12237000000", "sellingGeneralAndAdministrative": "7001000000", "researchAndDevelopment": "433000000", "operatingExpenses": "7524000000", "investmentIncomeNet": "None", "netInterestIncome": "None", "interestIncome": "None", "interestExpense": "1170000000", "nonInterestIncome": "None", "otherNonOperatingIncome": "105000000", "depreciation": "None", "depreciationAndAmortization": "889000000", "incomeBeforeTax": "10755000000", "incomeTaxExpense": "3097000000", "interestAndDebtExpense": "None", "netIncomeFromContinuingOperations": "7553000000", "comprehensiveIncomeNetOfTax": "None", "ebit": "11777000000", "ebitda": "12666000000", "netIncome": "7493000000"}, {"fiscalDateEnding": "2013-12-31", "reportedCurrency": "USD", "grossProfit": "20807000000", "totalRevenue": "31217000000", "costOfRevenue": "10410000000", "costofGoodsAndServicesSold": "10410000000", "operatingIncome": "13824000000", "sellingGeneralAndAdministrative": "6890000000", "researchAndDevelopment": "449000000", "operatingExpenses": "7314000000", "investmentIncomeNet": "None", "netInterestIncome": "None", "interestIncome": "None", "interestExpense": "1104000000", "nonInterestIncome": "None", "otherNonOperatingIncome": "-22000000", "depreciation": "None", "depreciationAndAmortization": "882000000", "incomeBeforeTax": "12520000000", "incomeTaxExpense": "3670000000", "interestAndDebtExpense": "None", "netIncomeFromContinuingOperations": "8872000000", "comprehensiveIncomeNetOfTax": "None", "ebit": "13593000000", "ebitda": "14475000000", "netIncome": "8576000000"}, {"fiscalDateEnding": "2012-12-31", "reportedCurrency": "USD", "grossProfit": "21004000000", "totalRevenue": "31377000000", "costOfRevenue": "10373000000", "costofGoodsAndServicesSold": "10373000000", "operatingIncome": "13946000000", "sellingGeneralAndAdministrative": "6978000000", "researchAndDevelopment": "415000000", "operatingExpenses": "7158000000", "investmentIncomeNet": "None", "netInterestIncome": "None", "interestIncome": "None", "interestExpense": "1007000000", "nonInterestIncome": "None", "otherNonOperatingIncome": "None", "depreciation": "None", "depreciationAndAmortization": "898000000", "incomeBeforeTax": "12987000000", "incomeTaxExpense": "3833000000", "interestAndDebtExpense": "None", "netIncomeFromContinuingOperations": "9154000000", "comprehensiveIncomeNetOfTax": "None", "ebit": "13948000000", "ebitda": "14846000000", "netIncome": "8800000000"}, {"fiscalDateEnding": "2011-12-31", "reportedCurrency": "USD", "grossProfit": "20419000000", "totalRevenue": "31097000000", "costOfRevenue": "10678000000", "costofGoodsAndServicesSold": "10678000000", "operatingIncome": "13332000000", "sellingGeneralAndAdministrative": "6880000000", "researchAndDevelopment": "413000000", "operatingExpenses": "6978000000", "investmentIncomeNet": "None", "netInterestIncome": "None", "interestIncome": "None", "interestExpense": "800000000", "nonInterestIncome": "None", "otherNonOperatingIncome": "None", "depreciation": "None", "depreciationAndAmortization": "98000000", "incomeBeforeTax": "12532000000", "incomeTaxExpense": "3653000000", "interestAndDebtExpense": "None", "netIncomeFromContinuingOperations": "8879000000", "comprehensiveIncomeNetOfTax": "None", "ebit": "14380000000", "ebitda": "14478000000", "netIncome": "8591000000"}, {"fiscalDateEnding": "2010-12-31", "reportedCurrency": "USD", "grossProfit": "17495000000", "totalRevenue": "27208000000", "costOfRevenue": "9713000000", "costofGoodsAndServicesSold": "9713000000", "operatingIncome": "11200000000", "sellingGeneralAndAdministrative": "6160000000", "researchAndDevelopment": "391000000", "operatingExpenses": "6248000000", "investmentIncomeNet": "None", "netInterestIncome": "None", "interestIncome": "None", "interestExpense": "974000000", "nonInterestIncome": "None", "otherNonOperatingIncome": "None", "depreciation": "None", "depreciationAndAmortization": "932000000", "incomeBeforeTax": "10324000000", "incomeTaxExpense": "2826000000", "interestAndDebtExpense": "None", "netIncomeFromContinuingOperations": "7498000000", "comprehensiveIncomeNetOfTax": "None", "ebit": "11259000000", "ebitda": "12191000000", "netIncome": "7259000000"}, {"fiscalDateEnding": "2009-12-31", "reportedCurrency": "USD", "grossProfit": "16013000000", "totalRevenue": "25035000000", "costOfRevenue": "9022000000", "costofGoodsAndServicesSold": "9022000000", "operatingIncome": "10040000000", "sellingGeneralAndAdministrative": "5870000000", "researchAndDevelopment": "335000000", "operatingExpenses": "5944000000", "investmentIncomeNet": "None", "netInterestIncome": "None", "interestIncome": "None", "interestExpense": "797000000", "nonInterestIncome": "None", "otherNonOperatingIncome": "None", "depreciation": "None", "depreciationAndAmortization": "853000000", "incomeBeforeTax": "9243000000", "incomeTaxExpense": "2691000000", "interestAndDebtExpense": "None", "netIncomeFromContinuingOperations": "6552000000", "comprehensiveIncomeNetOfTax": "None", "ebit": "10086000000", "ebitda": "10939000000", "netIncome": "6342000000"}, {"fiscalDateEnding": "2008-12-31", "reportedCurrency": "USD", "grossProfit": "16377000000", "totalRevenue": "25705000000", "costOfRevenue": "9328000000", "costofGoodsAndServicesSold": "9328000000", "operatingIncome": "10248000000", "sellingGeneralAndAdministrative": "6001000000", "researchAndDevelopment": "334000000", "operatingExpenses": "6045000000", "investmentIncomeNet": "None", "netInterestIncome": "None", "interestIncome": "None", "interestExpense": "528000000", "nonInterestIncome": "None", "otherNonOperatingIncome": "None", "depreciation": "None", "depreciationAndAmortization": "44000000", "incomeBeforeTax": "9937000000", "incomeTaxExpense": "2787000000", "interestAndDebtExpense": "None", "netIncomeFromContinuingOperations": "None", "comprehensiveIncomeNetOfTax": "None", "ebit": "11046000000", "ebitda": "11090000000", "netIncome": "6890000000"}, {"fiscalDateEnding": "2007-12-31", "reportedCurrency": "USD", "grossProfit": "14078000000", "totalRevenue": "22798000000", "costOfRevenue": "8720000000", "costofGoodsAndServicesSold": "8720000000", "operatingIncome": "8873000000", "sellingGeneralAndAdministrative": "5021000000", "researchAndDevelopment": "362000000", "operatingExpenses": "5049000000", "investmentIncomeNet": "None", "netInterestIncome": "None", "interestIncome": "None", "interestExpense": "10000000", "nonInterestIncome": "None", "otherNonOperatingIncome": "None", "depreciation": "None", "depreciationAndAmortization": "748000000", "incomeBeforeTax": "8863000000", "incomeTaxExpense": "2564000000", "interestAndDebtExpense": "None", "netIncomeFromContinuingOperations": "None", "comprehensiveIncomeNetOfTax": "None", "ebit": "8894000000", "ebitda": "9642000000", "netIncome": "6026000000"}, {"fiscalDateEnding": "2006-12-31", "reportedCurrency": "USD", "grossProfit": "12641000000", "totalRevenue": "48260000000", "costOfRevenue": "35619000000", "costofGoodsAndServicesSold": "35619000000", "operatingIncome": "8368000000", "sellingGeneralAndAdministrative": "4551000000", "researchAndDevelopment": "304000000", "operatingExpenses": "4273000000", "investmentIncomeNet": "None", "netInterestIncome": "None", "interestIncome": "None", "interestExpense": "371000000", "nonInterestIncome": "None", "otherNonOperatingIncome": "None", "depreciation": "None", "depreciationAndAmortization": "658000000", "incomeBeforeTax": "8226000000", "incomeTaxExpense": "1829000000", "interestAndDebtExpense": "None", "netIncomeFromContinuingOperations": "None", "comprehensiveIncomeNetOfTax": "None", "ebit": "8574000000", "ebitda": "9232000000", "netIncome": "6146000000"}, {"fiscalDateEnding": "2005-12-31", "reportedCurrency": "USD", "grossProfit": "12368000000", "totalRevenue": "45288000000", "costOfRevenue": "32920000000", "costofGoodsAndServicesSold": "32920000000", "operatingIncome": "7735000000", "sellingGeneralAndAdministrative": "None", "researchAndDevelopment": "None", "operatingExpenses": "4633000000", "investmentIncomeNet": "None", "netInterestIncome": "None", "interestIncome": "None", "interestExpense": "94000000", "nonInterestIncome": "None", "otherNonOperatingIncome": "None", "depreciation": "None", "depreciationAndAmortization": "527000000", "incomeBeforeTax": "7641000000", "incomeTaxExpense": "1835000000", "interestAndDebtExpense": "None", "netIncomeFromContinuingOperations": "None", "comprehensiveIncomeNetOfTax": "None", "ebit": "7735000000", "ebitda": "8262000000", "netIncome": "5620000000"}], "quarterlyReports": [{"fiscalDateEnding": "2024-12-31", "reportedCurrency": "USD", "grossProfit": "6283000000", "totalRevenue": "9706000000", "costOfRevenue": "3423000000", "costofGoodsAndServicesSold": "3423000000", "operatingIncome": "3259000000", "sellingGeneralAndAdministrative": "3024000000", "researchAndDevelopment": "None", "operatingExpenses": "3024000000", "investmentIncomeNet": "None", "netInterestIncome": "-326000000", "interestIncome": "None", "interestExpense": "946000000", "nonInterestIncome": "None", "otherNonOperatingIncome": "None", "depreciation": "None", "depreciationAndAmortization": "477000000", "incomeBeforeTax": "2917000000", "incomeTaxExpense": "872000000", "interestAndDebtExpense": "None", "netIncomeFromContinuingOperations": "1830000000", "comprehensiveIncomeNetOfTax": "None", "ebit": "3863000000", "ebitda": "4340000000", "netIncome": "-579000000"}, {"fiscalDateEnding": "2024-09-30", "reportedCurrency": "USD", "grossProfit": "6545000000", "totalRevenue": "9911000000", "costOfRevenue": "3366000000", "costofGoodsAndServicesSold": "3366000000", "operatingIncome": "3654000000", "sellingGeneralAndAdministrative": "2891000000", "researchAndDevelopment": "None", "operatingExpenses": "2891000000", "investmentIncomeNet": "None", "netInterestIncome": "-189000000", "interestIncome": "None", "interestExpense": "189000000", "nonInterestIncome": "None", "otherNonOperatingIncome": "None", "depreciation": "None", "depreciationAndAmortization": "498000000", "incomeBeforeTax": "3450000000", "incomeTaxExpense": "735000000", "interestAndDebtExpense": "None", "netIncomeFromContinuingOperations": "3215000000", "comprehensiveIncomeNetOfTax": "None", "ebit": "3639000000", "ebitda": "4137000000", "netIncome": "3082000000"}, {"fiscalDateEnding": "2024-06-30", "reportedCurrency": "USD", "grossProfit": "5866000000", "totalRevenue": "9407000000", "costOfRevenue": "3541000000", "costofGoodsAndServicesSold": "3541000000", "operatingIncome": "3495000000", "sellingGeneralAndAdministrative": "2693000000", "researchAndDevelopment": "None", "operatingExpenses": "2371000000", "investmentIncomeNet": "None", "netInterestIncome": "-329000000", "interestIncome": "None", "interestExpense": "329000000", "nonInterestIncome": "None", "otherNonOperatingIncome": "None", "depreciation": "None", "depreciationAndAmortization": "445000000", "incomeBeforeTax": "3101000000", "incomeTaxExpense": "734000000", "interestAndDebtExpense": "None", "netIncomeFromContinuingOperations": "2528000000", "comprehensiveIncomeNetOfTax": "None", "ebit": "3565000000", "ebitda": "4010000000", "netIncome": "2406000000"}, {"fiscalDateEnding": "2024-03-31", "reportedCurrency": "USD", "grossProfit": "5598000000", "totalRevenue": "8793000000", "costOfRevenue": "3195000000", "costofGoodsAndServicesSold": "3195000000", "operatingIncome": "2713000000", "sellingGeneralAndAdministrative": "2568000000", "researchAndDevelopment": "None", "operatingExpenses": "2261000000", "investmentIncomeNet": "None", "netInterestIncome": "-299000000", "interestIncome": "None", "interestExpense": "299000000", "nonInterestIncome": "None", "otherNonOperatingIncome": "None", "depreciation": "None", "depreciationAndAmortization": "367000000", "incomeBeforeTax": "2922000000", "incomeTaxExpense": "676000000", "interestAndDebtExpense": "None", "netIncomeFromContinuingOperations": "2246000000", "comprehensiveIncomeNetOfTax": "None", "ebit": "3144000000", "ebitda": "3511000000", "netIncome": "2148000000"}, {"fiscalDateEnding": "2023-12-31", "reportedCurrency": "USD", "grossProfit": "5571000000", "totalRevenue": "9047000000", "costOfRevenue": "3476000000", "costofGoodsAndServicesSold": "3476000000", "operatingIncome": "3102000000", "sellingGeneralAndAdministrative": "2040000000", "researchAndDevelopment": "709000000", "operatingExpenses": "3064000000", "investmentIncomeNet": "None", "netInterestIncome": "-273000000", "interestIncome": "None", "interestExpense": "738000000", "nonInterestIncome": "None", "otherNonOperatingIncome": "None", "depreciation": "None", "depreciationAndAmortization": "369000000", "incomeBeforeTax": "2633000000", "incomeTaxExpense": "320000000", "interestAndDebtExpense": "None", "netIncomeFromContinuingOperations": "2313000000", "comprehensiveIncomeNetOfTax": "None", "ebit": "3087000000", "ebitda": "3456000000", "netIncome": "2196000000"}, {"fiscalDateEnding": "2023-09-30", "reportedCurrency": "USD", "grossProfit": "5987000000", "totalRevenue": "9141000000", "costOfRevenue": "3154000000", "costofGoodsAndServicesSold": "3154000000", "operatingIncome": "3282000000", "sellingGeneralAndAdministrative": "2614000000", "researchAndDevelopment": "None", "operatingExpenses": "2398000000", "investmentIncomeNet": "None", "netInterestIncome": "-261000000", "interestIncome": "261000000", "interestExpense": "261000000", "nonInterestIncome": "None", "otherNonOperatingIncome": "None", "depreciation": "None", "depreciationAndAmortization": "429000000", "incomeBeforeTax": "3202000000", "incomeTaxExpense": "1031000000", "interestAndDebtExpense": "None", "netIncomeFromContinuingOperations": "2171000000", "comprehensiveIncomeNetOfTax": "None", "ebit": "3490000000", "ebitda": "3919000000", "netIncome": "2054000000"}, {"fiscalDateEnding": "2023-06-30", "reportedCurrency": "USD", "grossProfit": "5739000000", "totalRevenue": "8967000000", "costOfRevenue": "3228000000", "costofGoodsAndServicesSold": "3228000000", "operatingIncome": "2663000000", "sellingGeneralAndAdministrative": "3179000000", "researchAndDevelopment": "None", "operatingExpenses": "3077000000", "investmentIncomeNet": "None", "netInterestIncome": "-297000000", "interestIncome": "297000000", "interestExpense": "297000000", "nonInterestIncome": "None", "otherNonOperatingIncome": "None", "depreciation": "None", "depreciationAndAmortization": "981000000", "incomeBeforeTax": "2242000000", "incomeTaxExpense": "560000000", "interestAndDebtExpense": "None", "netIncomeFromContinuingOperations": "1682000000", "comprehensiveIncomeNetOfTax": "None", "ebit": "2678000000", "ebitda": "3659000000", "netIncome": "1568000000"}, {"fiscalDateEnding": "2023-03-31", "reportedCurrency": "USD", "grossProfit": "4999000000", "totalRevenue": "8019000000", "costOfRevenue": "3020000000", "costofGoodsAndServicesSold": "3020000000", "operatingIncome": "2852000000", "sellingGeneralAndAdministrative": "2272000000", "researchAndDevelopment": "None", "operatingExpenses": "2086000000", "investmentIncomeNet": "None", "netInterestIncome": "-230000000", "interestIncome": "230000000", "interestExpense": "230000000", "nonInterestIncome": "None", "otherNonOperatingIncome": "None", "depreciation": "None", "depreciationAndAmortization": "299000000", "incomeBeforeTax": "2530000000", "incomeTaxExpense": "428000000", "interestAndDebtExpense": "None", "netIncomeFromContinuingOperations": "2102000000", "comprehensiveIncomeNetOfTax": "None", "ebit": "2709000000", "ebitda": "3008000000", "netIncome": "1995000000"}, {"fiscalDateEnding": "2022-12-31", "reportedCurrency": "USD", "grossProfit": "5069000000", "totalRevenue": "8152000000", "costOfRevenue": "3083000000", "costofGoodsAndServicesSold": "3083000000", "operatingIncome": "2667000000", "sellingGeneralAndAdministrative": "2025000000", "researchAndDevelopment": "642000000", "operatingExpenses": "2163000000", "investmentIncomeNet": "None", "netInterestIncome": "-170000000", "interestIncome": "170000000", "interestExpense": "350000000", "nonInterestIncome": "None", "otherNonOperatingIncome": "None", "depreciation": "None", "depreciationAndAmortization": "291000000", "incomeBeforeTax": "2903000000", "incomeTaxExpense": "409000000", "interestAndDebtExpense": "None", "netIncomeFromContinuingOperations": "2337000000", "comprehensiveIncomeNetOfTax": "None", "ebit": "3038000000", "ebitda": "3329000000", "netIncome": "2397000000"}, {"fiscalDateEnding": "2022-09-30", "reportedCurrency": "USD", "grossProfit": "5097000000", "totalRevenue": "8032000000", "costOfRevenue": "2935000000", "costofGoodsAndServicesSold": "2935000000", "operatingIncome": "3426000000", "sellingGeneralAndAdministrative": "2136000000", "researchAndDevelopment": "None", "operatingExpenses": "2056000000", "investmentIncomeNet": "None", "netInterestIncome": "-138000000", "interestIncome": "138000000", "interestExpense": "138000000", "nonInterestIncome": "None", "otherNonOperatingIncome": "None", "depreciation": "None", "depreciationAndAmortization": "358000000", "incomeBeforeTax": "2844000000", "incomeTaxExpense": "622000000", "interestAndDebtExpense": "None", "netIncomeFromContinuingOperations": "2222000000", "comprehensiveIncomeNetOfTax": "None", "ebit": "2995000000", "ebitda": "3353000000", "netIncome": "2087000000"}, {"fiscalDateEnding": "2022-06-30", "reportedCurrency": "USD", "grossProfit": "5204000000", "totalRevenue": "7832000000", "costOfRevenue": "2628000000", "costofGoodsAndServicesSold": "2628000000", "operatingIncome": "3117000000", "sellingGeneralAndAdministrative": "2097000000", "researchAndDevelopment": "None", "operatingExpenses": "2070000000", "investmentIncomeNet": "None", "netInterestIncome": "-126000000", "interestIncome": "126000000", "interestExpense": "126000000", "nonInterestIncome": "None", "otherNonOperatingIncome": "None", "depreciation": "None", "depreciationAndAmortization": "287000000", "incomeBeforeTax": "2940000000", "incomeTaxExpense": "594000000", "interestAndDebtExpense": "None", "netIncomeFromContinuingOperations": "2346000000", "comprehensiveIncomeNetOfTax": "None", "ebit": "3097000000", "ebitda": "3384000000", "netIncome": "2233000000"}, {"fiscalDateEnding": "2022-03-31", "reportedCurrency": "USD", "grossProfit": "5164000000", "totalRevenue": "7746000000", "costOfRevenue": "2582000000", "costofGoodsAndServicesSold": "2582000000", "operatingIncome": "3336000000", "sellingGeneralAndAdministrative": "1806000000", "researchAndDevelopment": "None", "operatingExpenses": "1893000000", "investmentIncomeNet": "None", "netInterestIncome": "-154000000", "interestIncome": "154000000", "interestExpense": "154000000", "nonInterestIncome": "None", "otherNonOperatingIncome": "None", "depreciation": "None", "depreciationAndAmortization": "253000000", "incomeBeforeTax": "3084000000", "incomeTaxExpense": "619000000", "interestAndDebtExpense": "None", "netIncomeFromContinuingOperations": "2465000000", "comprehensiveIncomeNetOfTax": "None", "ebit": "3295000000", "ebitda": "3548000000", "netIncome": "2331000000"}, {"fiscalDateEnding": "2021-12-31", "reportedCurrency": "USD", "grossProfit": "5297000000", "totalRevenue": "8104000000", "costOfRevenue": "2807000000", "costofGoodsAndServicesSold": "2807000000", "operatingIncome": "2960000000", "sellingGeneralAndAdministrative": "2342000000", "researchAndDevelopment": "617000000", "operatingExpenses": "2480000000", "investmentIncomeNet": "None", "netInterestIncome": "-146000000", "interestIncome": "146000000", "interestExpense": "146000000", "nonInterestIncome": "None", "otherNonOperatingIncome": "None", "depreciation": "None", "depreciationAndAmortization": "279000000", "incomeBeforeTax": "2822000000", "incomeTaxExpense": "593000000", "interestAndDebtExpense": "None", "netIncomeFromContinuingOperations": "2175000000", "comprehensiveIncomeNetOfTax": "None", "ebit": "2966000000", "ebitda": "3245000000", "netIncome": "2093000000"}, {"fiscalDateEnding": "2021-09-30", "reportedCurrency": "USD", "grossProfit": "5526000000", "totalRevenue": "8122000000", "costOfRevenue": "2596000000", "costofGoodsAndServicesSold": "2596000000", "operatingIncome": "3471000000", "sellingGeneralAndAdministrative": "2080000000", "researchAndDevelopment": "None", "operatingExpenses": "2001000000", "investmentIncomeNet": "None", "netInterestIncome": "-154000000", "interestIncome": "154000000", "interestExpense": "154000000", "nonInterestIncome": "None", "otherNonOperatingIncome": "None", "depreciation": "None", "depreciationAndAmortization": "235000000", "incomeBeforeTax": "3323000000", "incomeTaxExpense": "735000000", "interestAndDebtExpense": "None", "netIncomeFromContinuingOperations": "2588000000", "comprehensiveIncomeNetOfTax": "None", "ebit": "3475000000", "ebitda": "3710000000", "netIncome": "2426000000"}, {"fiscalDateEnding": "2021-06-30", "reportedCurrency": "USD", "grossProfit": "5241000000", "totalRevenue": "7594000000", "costOfRevenue": "2353000000", "costofGoodsAndServicesSold": "2353000000", "operatingIncome": "3181000000", "sellingGeneralAndAdministrative": "2120000000", "researchAndDevelopment": "None", "operatingExpenses": "2086000000", "investmentIncomeNet": "None", "netInterestIncome": "-161000000", "interestIncome": "161000000", "interestExpense": "161000000", "nonInterestIncome": "None", "otherNonOperatingIncome": "None", "depreciation": "None", "depreciationAndAmortization": "239000000", "incomeBeforeTax": "2944000000", "incomeTaxExpense": "646000000", "interestAndDebtExpense": "None", "netIncomeFromContinuingOperations": "2298000000", "comprehensiveIncomeNetOfTax": "None", "ebit": "3152000000", "ebitda": "3391000000", "netIncome": "2172000000"}, {"fiscalDateEnding": "2021-03-31", "reportedCurrency": "USD", "grossProfit": "5311000000", "totalRevenue": "7585000000", "costOfRevenue": "2274000000", "costofGoodsAndServicesSold": "2274000000", "operatingIncome": "3464000000", "sellingGeneralAndAdministrative": "1877000000", "researchAndDevelopment": "None", "operatingExpenses": "1810000000", "investmentIncomeNet": "None", "netInterestIncome": "-167000000", "interestIncome": "167000000", "interestExpense": "167000000", "nonInterestIncome": "None", "otherNonOperatingIncome": "None", "depreciation": "None", "depreciationAndAmortization": "245000000", "incomeBeforeTax": "3292000000", "incomeTaxExpense": "697000000", "interestAndDebtExpense": "None", "netIncomeFromContinuingOperations": "2552000000", "comprehensiveIncomeNetOfTax": "None", "ebit": "3466000000", "ebitda": "3711000000", "netIncome": "2418000000"}, {"fiscalDateEnding": "2020-12-31", "reportedCurrency": "USD", "grossProfit": "4872000000", "totalRevenue": "7444000000", "costOfRevenue": "2572000000", "costofGoodsAndServicesSold": "2572000000", "operatingIncome": "2954000000", "sellingGeneralAndAdministrative": "1978000000", "researchAndDevelopment": "495000000", "operatingExpenses": "2177000000", "investmentIncomeNet": "None", "netInterestIncome": "-164000000", "interestIncome": "164000000", "interestExpense": "164000000", "nonInterestIncome": "None", "otherNonOperatingIncome": "None", "depreciation": "None", "depreciationAndAmortization": "18000000", "incomeBeforeTax": "2732000000", "incomeTaxExpense": "613000000", "interestAndDebtExpense": "None", "netIncomeFromContinuingOperations": "2099000000", "comprehensiveIncomeNetOfTax": "None", "ebit": "3208000000", "ebitda": "3226000000", "netIncome": "1976000000"}, {"fiscalDateEnding": "2020-09-30", "reportedCurrency": "USD", "grossProfit": "5030000000", "totalRevenue": "7446000000", "costOfRevenue": "2416000000", "costofGoodsAndServicesSold": "2416000000", "operatingIncome": "3220000000", "sellingGeneralAndAdministrative": "1792000000", "researchAndDevelopment": "None", "operatingExpenses": "1736000000", "investmentIncomeNet": "None", "netInterestIncome": "-163000000", "interestIncome": "163000000", "interestExpense": "163000000", "nonInterestIncome": "None", "otherNonOperatingIncome": "None", "depreciation": "None", "depreciationAndAmortization": "18000000", "incomeBeforeTax": "3077000000", "incomeTaxExpense": "640000000", "interestAndDebtExpense": "None", "netIncomeFromContinuingOperations": "2417000000", "comprehensiveIncomeNetOfTax": "None", "ebit": "3441000000", "ebitda": "3459000000", "netIncome": "2307000000"}, {"fiscalDateEnding": "2020-06-30", "reportedCurrency": "USD", "grossProfit": "4472000000", "totalRevenue": "6651000000", "costOfRevenue": "2179000000", "costofGoodsAndServicesSold": "2179000000", "operatingIncome": "2780000000", "sellingGeneralAndAdministrative": "1744000000", "researchAndDevelopment": "None", "operatingExpenses": "1674000000", "investmentIncomeNet": "None", "netInterestIncome": "-162000000", "interestIncome": "162000000", "interestExpense": "162000000", "nonInterestIncome": "None", "otherNonOperatingIncome": "None", "depreciation": "None", "depreciationAndAmortization": "19000000", "incomeBeforeTax": "2577000000", "incomeTaxExpense": "528000000", "interestAndDebtExpense": "None", "netIncomeFromContinuingOperations": "2019000000", "comprehensiveIncomeNetOfTax": "None", "ebit": "2978000000", "ebitda": "2997000000", "netIncome": "1947000000"}, {"fiscalDateEnding": "2020-03-31", "reportedCurrency": "USD", "grossProfit": "4751000000", "totalRevenue": "7153000000", "costOfRevenue": "2402000000", "costofGoodsAndServicesSold": "2402000000", "operatingIncome": "2766000000", "sellingGeneralAndAdministrative": "1967000000", "researchAndDevelopment": "None", "operatingExpenses": "1983000000", "investmentIncomeNet": "None", "netInterestIncome": "-129000000", "interestIncome": "129000000", "interestExpense": "129000000", "nonInterestIncome": "None", "otherNonOperatingIncome": "None", "depreciation": "None", "depreciationAndAmortization": "18000000", "incomeBeforeTax": "2583000000", "incomeTaxExpense": "596000000", "interestAndDebtExpense": "None", "netIncomeFromContinuingOperations": "2041000000", "comprehensiveIncomeNetOfTax": "None", "ebit": "2989000000", "ebitda": "3007000000", "netIncome": "1826000000"}, {"fiscalDateEnding": "2019-12-31", "reportedCurrency": "USD", "grossProfit": "4935000000", "totalRevenue": "7713000000", "costOfRevenue": "2778000000", "costofGoodsAndServicesSold": "2778000000", "operatingIncome": "2835000000", "sellingGeneralAndAdministrative": "2441000000", "researchAndDevelopment": "465000000", "operatingExpenses": "2640000000", "investmentIncomeNet": "None", "netInterestIncome": "-136000000", "interestIncome": "136000000", "interestExpense": "136000000", "nonInterestIncome": "None", "otherNonOperatingIncome": "None", "depreciation": "None", "depreciationAndAmortization": "16000000", "incomeBeforeTax": "2405000000", "incomeTaxExpense": "623000000", "interestAndDebtExpense": "None", "netIncomeFromContinuingOperations": "1719000000", "comprehensiveIncomeNetOfTax": "None", "ebit": "2787000000", "ebitda": "2803000000", "netIncome": "1616000000"}, {"fiscalDateEnding": "2019-09-30", "reportedCurrency": "USD", "grossProfit": "5037000000", "totalRevenue": "7642000000", "costOfRevenue": "2605000000", "costofGoodsAndServicesSold": "2605000000", "operatingIncome": "2790000000", "sellingGeneralAndAdministrative": "2254000000", "researchAndDevelopment": "None", "operatingExpenses": "2141000000", "investmentIncomeNet": "None", "netInterestIncome": "-132000000", "interestIncome": "132000000", "interestExpense": "132000000", "nonInterestIncome": "None", "otherNonOperatingIncome": "None", "depreciation": "None", "depreciationAndAmortization": "15000000", "incomeBeforeTax": "2681000000", "incomeTaxExpense": "635000000", "interestAndDebtExpense": "None", "netIncomeFromContinuingOperations": "2046000000", "comprehensiveIncomeNetOfTax": "None", "ebit": "3073000000", "ebitda": "3088000000", "netIncome": "1896000000"}, {"fiscalDateEnding": "2019-06-30", "reportedCurrency": "USD", "grossProfit": "5034000000", "totalRevenue": "7699000000", "costOfRevenue": "2665000000", "costofGoodsAndServicesSold": "2665000000", "operatingIncome": "3190000000", "sellingGeneralAndAdministrative": "1851000000", "researchAndDevelopment": "None", "operatingExpenses": "1776000000", "investmentIncomeNet": "None", "netInterestIncome": "-150000000", "interestIncome": "150000000", "interestExpense": "150000000", "nonInterestIncome": "None", "otherNonOperatingIncome": "None", "depreciation": "None", "depreciationAndAmortization": "16000000", "incomeBeforeTax": "3047000000", "incomeTaxExpense": "611000000", "interestAndDebtExpense": "None", "netIncomeFromContinuingOperations": "2436000000", "comprehensiveIncomeNetOfTax": "None", "ebit": "3475000000", "ebitda": "3491000000", "netIncome": "2319000000"}, {"fiscalDateEnding": "2019-03-31", "reportedCurrency": "USD", "grossProfit": "4286000000", "totalRevenue": "6751000000", "costOfRevenue": "2465000000", "costofGoodsAndServicesSold": "2465000000", "operatingIncome": "2049000000", "sellingGeneralAndAdministrative": "2238000000", "researchAndDevelopment": "None", "operatingExpenses": "2190000000", "investmentIncomeNet": "None", "netInterestIncome": "-152000000", "interestIncome": "None", "interestExpense": "152000000", "nonInterestIncome": "None", "otherNonOperatingIncome": "None", "depreciation": "None", "depreciationAndAmortization": "19000000", "incomeBeforeTax": "1888000000", "incomeTaxExpense": "424000000", "interestAndDebtExpense": "None", "netIncomeFromContinuingOperations": "1453000000", "comprehensiveIncomeNetOfTax": "None", "ebit": "2304000000", "ebitda": "2323000000", "netIncome": "1354000000"}, {"fiscalDateEnding": "2018-12-31", "reportedCurrency": "USD", "grossProfit": "4718000000", "totalRevenue": "7499000000", "costOfRevenue": "2781000000", "costofGoodsAndServicesSold": "2781000000", "operatingIncome": "2680000000", "sellingGeneralAndAdministrative": "2019000000", "researchAndDevelopment": "383000000", "operatingExpenses": "2237000000", "investmentIncomeNet": "None", "netInterestIncome": "None", "interestIncome": "None", "interestExpense": "125000000", "nonInterestIncome": "None", "otherNonOperatingIncome": "None", "depreciation": "None", "depreciationAndAmortization": "255000000", "incomeBeforeTax": "2554000000", "incomeTaxExpense": "551000000", "interestAndDebtExpense": "None", "netIncomeFromContinuingOperations": "2004000000", "comprehensiveIncomeNetOfTax": "None", "ebit": "2683000000", "ebitda": "2938000000", "netIncome": "1910000000"}, {"fiscalDateEnding": "2018-09-30", "reportedCurrency": "USD", "grossProfit": "4886000000", "totalRevenue": "7504000000", "costOfRevenue": "2618000000", "costofGoodsAndServicesSold": "2618000000", "operatingIncome": "3149000000", "sellingGeneralAndAdministrative": "1717000000", "researchAndDevelopment": "0", "operatingExpenses": "1646000000", "investmentIncomeNet": "None", "netInterestIncome": "None", "interestIncome": "None", "interestExpense": "145000000", "nonInterestIncome": "None", "otherNonOperatingIncome": "None", "depreciation": "None", "depreciationAndAmortization": "246000000", "incomeBeforeTax": "3032000000", "incomeTaxExpense": "691000000", "interestAndDebtExpense": "None", "netIncomeFromContinuingOperations": "2313000000", "comprehensiveIncomeNetOfTax": "None", "ebit": "3149000000", "ebitda": "3395000000", "netIncome": "2247000000"}, {"fiscalDateEnding": "2018-06-30", "reportedCurrency": "USD", "grossProfit": "4982000000", "totalRevenue": "7726000000", "costOfRevenue": "2744000000", "costofGoodsAndServicesSold": "2744000000", "operatingIncome": "3087000000", "sellingGeneralAndAdministrative": "1874000000", "researchAndDevelopment": "0", "operatingExpenses": "1944000000", "investmentIncomeNet": "None", "netInterestIncome": "None", "interestIncome": "None", "interestExpense": "168000000", "nonInterestIncome": "None", "otherNonOperatingIncome": "None", "depreciation": "None", "depreciationAndAmortization": "246000000", "incomeBeforeTax": "2939000000", "incomeTaxExpense": "644000000", "interestAndDebtExpense": "None", "netIncomeFromContinuingOperations": "2275000000", "comprehensiveIncomeNetOfTax": "None", "ebit": "3087000000", "ebitda": "3333000000", "netIncome": "2198000000"}, {"fiscalDateEnding": "2018-03-31", "reportedCurrency": "USD", "grossProfit": "4281000000", "totalRevenue": "6896000000", "costOfRevenue": "2615000000", "costofGoodsAndServicesSold": "2615000000", "operatingIncome": "2420000000", "sellingGeneralAndAdministrative": "1839000000", "researchAndDevelopment": "0", "operatingExpenses": "1783000000", "investmentIncomeNet": "None", "netInterestIncome": "None", "interestIncome": "None", "interestExpense": "227000000", "nonInterestIncome": "None", "otherNonOperatingIncome": "None", "depreciation": "None", "depreciationAndAmortization": "242000000", "incomeBeforeTax": "2206000000", "incomeTaxExpense": "559000000", "interestAndDebtExpense": "None", "netIncomeFromContinuingOperations": "1634000000", "comprehensiveIncomeNetOfTax": "None", "ebit": "2420000000", "ebitda": "2662000000", "netIncome": "1556000000"}, {"fiscalDateEnding": "2017-12-31", "reportedCurrency": "USD", "grossProfit": "5293000000", "totalRevenue": "8294000000", "costOfRevenue": "3001000000", "costofGoodsAndServicesSold": "3001000000", "operatingIncome": "3318000000", "sellingGeneralAndAdministrative": "1952000000", "researchAndDevelopment": "453000000", "operatingExpenses": "1946000000", "investmentIncomeNet": "None", "netInterestIncome": "None", "interestIncome": "None", "interestExpense": "259000000", "nonInterestIncome": "None", "otherNonOperatingIncome": "2000000", "depreciation": "None", "depreciationAndAmortization": "243000000", "incomeBeforeTax": "3061000000", "incomeTaxExpense": "2265000000", "interestAndDebtExpense": "None", "netIncomeFromContinuingOperations": "794000000", "comprehensiveIncomeNetOfTax": "None", "ebit": "3318000000", "ebitda": "3561000000", "netIncome": "694000000"}, {"fiscalDateEnding": "2017-09-30", "reportedCurrency": "USD", "grossProfit": "4738000000", "totalRevenue": "7473000000", "costOfRevenue": "2735000000", "costofGoodsAndServicesSold": "2735000000", "operatingIncome": "3068000000", "sellingGeneralAndAdministrative": "1649000000", "researchAndDevelopment": "0", "operatingExpenses": "1673000000", "investmentIncomeNet": "None", "netInterestIncome": "None", "interestIncome": "None", "interestExpense": "223000000", "nonInterestIncome": "None", "otherNonOperatingIncome": "12000000", "depreciation": "None", "depreciationAndAmortization": "225000000", "incomeBeforeTax": "2857000000", "incomeTaxExpense": "812000000", "interestAndDebtExpense": "None", "netIncomeFromContinuingOperations": "2033000000", "comprehensiveIncomeNetOfTax": "None", "ebit": "3068000000", "ebitda": "3293000000", "netIncome": "1970000000"}, {"fiscalDateEnding": "2017-06-30", "reportedCurrency": "USD", "grossProfit": "4398000000", "totalRevenue": "6917000000", "costOfRevenue": "2519000000", "costofGoodsAndServicesSold": "2519000000", "operatingIncome": "2721000000", "sellingGeneralAndAdministrative": "1655000000", "researchAndDevelopment": "0", "operatingExpenses": "1663000000", "investmentIncomeNet": "None", "netInterestIncome": "None", "interestIncome": "None", "interestExpense": "213000000", "nonInterestIncome": "None", "otherNonOperatingIncome": "23000000", "depreciation": "None", "depreciationAndAmortization": "210000000", "incomeBeforeTax": "2531000000", "incomeTaxExpense": "689000000", "interestAndDebtExpense": "None", "netIncomeFromContinuingOperations": "1819000000", "comprehensiveIncomeNetOfTax": "None", "ebit": "2721000000", "ebitda": "2931000000", "netIncome": "1781000000"}, {"fiscalDateEnding": "2017-03-31", "reportedCurrency": "USD", "grossProfit": "3887000000", "totalRevenue": "6064000000", "costOfRevenue": "2177000000", "costofGoodsAndServicesSold": "2177000000", "operatingIncome": "2396000000", "sellingGeneralAndAdministrative": "1469000000", "researchAndDevelopment": "0", "operatingExpenses": "1472000000", "investmentIncomeNet": "None", "netInterestIncome": "None", "interestIncome": "None", "interestExpense": "219000000", "nonInterestIncome": "None", "otherNonOperatingIncome": "22000000", "depreciation": "None", "depreciationAndAmortization": "197000000", "incomeBeforeTax": "2199000000", "incomeTaxExpense": "541000000", "interestAndDebtExpense": "None", "netIncomeFromContinuingOperations": "1636000000", "comprehensiveIncomeNetOfTax": "None", "ebit": "2396000000", "ebitda": "2593000000", "netIncome": "1590000000"}, {"fiscalDateEnding": "2016-12-31", "reportedCurrency": "USD", "grossProfit": "4472000000", "totalRevenue": "6971000000", "costOfRevenue": "2499000000", "costofGoodsAndServicesSold": "2499000000", "operatingIncome": "2612000000", "sellingGeneralAndAdministrative": "1842000000", "researchAndDevelopment": "429000000", "operatingExpenses": "1799000000", "investmentIncomeNet": "None", "netInterestIncome": "None", "interestIncome": "None", "interestExpense": "379000000", "nonInterestIncome": "None", "otherNonOperatingIncome": "22000000", "depreciation": "None", "depreciationAndAmortization": "195000000", "incomeBeforeTax": "2433000000", "incomeTaxExpense": "658000000", "interestAndDebtExpense": "None", "netIncomeFromContinuingOperations": "1753000000", "comprehensiveIncomeNetOfTax": "None", "ebit": "2612000000", "ebitda": "2807000000", "netIncome": "1711000000"}, {"fiscalDateEnding": "2016-09-30", "reportedCurrency": "USD", "grossProfit": "4550000000", "totalRevenue": "6982000000", "costOfRevenue": "2432000000", "costofGoodsAndServicesSold": "2432000000", "operatingIncome": "2977000000", "sellingGeneralAndAdministrative": "1554000000", "researchAndDevelopment": "0", "operatingExpenses": "1548000000", "investmentIncomeNet": "None", "netInterestIncome": "None", "interestIncome": "None", "interestExpense": "220000000", "nonInterestIncome": "None", "otherNonOperatingIncome": "35000000", "depreciation": "None", "depreciationAndAmortization": "188000000", "incomeBeforeTax": "2792000000", "incomeTaxExpense": "764000000", "interestAndDebtExpense": "None", "netIncomeFromContinuingOperations": "1993000000", "comprehensiveIncomeNetOfTax": "None", "ebit": "2977000000", "ebitda": "3165000000", "netIncome": "1938000000"}, {"fiscalDateEnding": "2016-06-30", "reportedCurrency": "USD", "grossProfit": "4285000000", "totalRevenue": "6649000000", "costOfRevenue": "2364000000", "costofGoodsAndServicesSold": "2364000000", "operatingIncome": "2753000000", "sellingGeneralAndAdministrative": "1513000000", "researchAndDevelopment": "0", "operatingExpenses": "1516000000", "investmentIncomeNet": "None", "netInterestIncome": "None", "interestIncome": "None", "interestExpense": "223000000", "nonInterestIncome": "None", "otherNonOperatingIncome": "28000000", "depreciation": "None", "depreciationAndAmortization": "185000000", "incomeBeforeTax": "2558000000", "incomeTaxExpense": "716000000", "interestAndDebtExpense": "None", "netIncomeFromContinuingOperations": "1814000000", "comprehensiveIncomeNetOfTax": "None", "ebit": "2753000000", "ebitda": "2938000000", "netIncome": "1788000000"}, {"fiscalDateEnding": "2016-03-31", "reportedCurrency": "USD", "grossProfit": "3987000000", "totalRevenue": "6083000000", "costOfRevenue": "2096000000", "costofGoodsAndServicesSold": "2096000000", "operatingIncome": "2473000000", "sellingGeneralAndAdministrative": "1496000000", "researchAndDevelopment": "0", "operatingExpenses": "1522000000", "investmentIncomeNet": "None", "netInterestIncome": "None", "interestIncome": "None", "interestExpense": "247000000", "nonInterestIncome": "None", "otherNonOperatingIncome": "9000000", "depreciation": "None", "depreciationAndAmortization": "175000000", "incomeBeforeTax": "2235000000", "incomeTaxExpense": "630000000", "interestAndDebtExpense": "None", "netIncomeFromContinuingOperations": "1596000000", "comprehensiveIncomeNetOfTax": "None", "ebit": "2473000000", "ebitda": "2648000000", "netIncome": "1530000000"}, {"fiscalDateEnding": "2015-12-31", "reportedCurrency": "USD", "grossProfit": "4017000000", "totalRevenue": "6392000000", "costOfRevenue": "2375000000", "costofGoodsAndServicesSold": "2375000000", "operatingIncome": "1969000000", "sellingGeneralAndAdministrative": "2028000000", "researchAndDevelopment": "423000000", "operatingExpenses": "2053000000", "investmentIncomeNet": "None", "netInterestIncome": "None", "interestIncome": "None", "interestExpense": "351000000", "nonInterestIncome": "None", "otherNonOperatingIncome": "36000000", "depreciation": "None", "depreciationAndAmortization": "193000000", "incomeBeforeTax": "1710000000", "incomeTaxExpense": "412000000", "interestAndDebtExpense": "None", "netIncomeFromContinuingOperations": "1262000000", "comprehensiveIncomeNetOfTax": "None", "ebit": "2025000000", "ebitda": "2218000000", "netIncome": "1249000000"}, {"fiscalDateEnding": "2015-09-30", "reportedCurrency": "USD", "grossProfit": "4544000000", "totalRevenue": "6927000000", "costOfRevenue": "2383000000", "costofGoodsAndServicesSold": "2383000000", "operatingIncome": "2959000000", "sellingGeneralAndAdministrative": "1566000000", "researchAndDevelopment": "0", "operatingExpenses": "1575000000", "investmentIncomeNet": "None", "netInterestIncome": "None", "interestIncome": "None", "interestExpense": "247000000", "nonInterestIncome": "None", "otherNonOperatingIncome": "20000000", "depreciation": "None", "depreciationAndAmortization": "184000000", "incomeBeforeTax": "2732000000", "incomeTaxExpense": "748000000", "interestAndDebtExpense": "None", "netIncomeFromContinuingOperations": "1964000000", "comprehensiveIncomeNetOfTax": "None", "ebit": "2959000000", "ebitda": "3143000000", "netIncome": "1942000000"}, {"fiscalDateEnding": "2015-06-30", "reportedCurrency": "USD", "grossProfit": "4481000000", "totalRevenue": "6859000000", "costOfRevenue": "2378000000", "costofGoodsAndServicesSold": "2378000000", "operatingIncome": "2892000000", "sellingGeneralAndAdministrative": "1568000000", "researchAndDevelopment": "0", "operatingExpenses": "1573000000", "investmentIncomeNet": "None", "netInterestIncome": "None", "interestIncome": "None", "interestExpense": "259000000", "nonInterestIncome": "None", "otherNonOperatingIncome": "26000000", "depreciation": "None", "depreciationAndAmortization": "185000000", "incomeBeforeTax": "2659000000", "incomeTaxExpense": "743000000", "interestAndDebtExpense": "None", "netIncomeFromContinuingOperations": "1890000000", "comprehensiveIncomeNetOfTax": "None", "ebit": "2892000000", "ebitda": "3077000000", "netIncome": "1887000000"}, {"fiscalDateEnding": "2015-03-31", "reportedCurrency": "USD", "grossProfit": "4387000000", "totalRevenue": "6616000000", "costOfRevenue": "2229000000", "costofGoodsAndServicesSold": "2229000000", "operatingIncome": "2871000000", "sellingGeneralAndAdministrative": "1494000000", "researchAndDevelopment": "0", "operatingExpenses": "1500000000", "investmentIncomeNet": "None", "netInterestIncome": "None", "interestIncome": "None", "interestExpense": "275000000", "nonInterestIncome": "None", "otherNonOperatingIncome": "23000000", "depreciation": "None", "depreciationAndAmortization": "192000000", "incomeBeforeTax": "2619000000", "incomeTaxExpense": "785000000", "interestAndDebtExpense": "None", "netIncomeFromContinuingOperations": "1811000000", "comprehensiveIncomeNetOfTax": "None", "ebit": "2871000000", "ebitda": "3063000000", "netIncome": "1795000000"}, {"fiscalDateEnding": "2014-12-31", "reportedCurrency": "USD", "grossProfit": "4565000000", "totalRevenue": "7197000000", "costOfRevenue": "2632000000", "costofGoodsAndServicesSold": "2632000000", "operatingIncome": "2564000000", "sellingGeneralAndAdministrative": "1975000000", "researchAndDevelopment": "433000000", "operatingExpenses": "1975000000", "investmentIncomeNet": "None", "netInterestIncome": "None", "interestIncome": "None", "interestExpense": "381000000", "nonInterestIncome": "None", "otherNonOperatingIncome": "31000000", "depreciation": "None", "depreciationAndAmortization": "229000000", "incomeBeforeTax": "2300000000", "incomeTaxExpense": "651000000", "interestAndDebtExpense": "None", "netIncomeFromContinuingOperations": "1618000000", "comprehensiveIncomeNetOfTax": "None", "ebit": "2564000000", "ebitda": "2793000000", "netIncome": "1612000000"}, {"fiscalDateEnding": "2014-09-30", "reportedCurrency": "USD", "grossProfit": "5122000000", "totalRevenue": "7856000000", "costOfRevenue": "2734000000", "costofGoodsAndServicesSold": "2734000000", "operatingIncome": "3336000000", "sellingGeneralAndAdministrative": "1763000000", "researchAndDevelopment": "0", "operatingExpenses": "1750000000", "investmentIncomeNet": "None", "netInterestIncome": "None", "interestIncome": "None", "interestExpense": "267000000", "nonInterestIncome": "None", "otherNonOperatingIncome": "38000000", "depreciation": "None", "depreciationAndAmortization": "233000000", "incomeBeforeTax": "3116000000", "incomeTaxExpense": "918000000", "interestAndDebtExpense": "None", "netIncomeFromContinuingOperations": "2160000000", "comprehensiveIncomeNetOfTax": "None", "ebit": "3336000000", "ebitda": "3569000000", "netIncome": "2155000000"}, {"fiscalDateEnding": "2014-06-30", "reportedCurrency": "USD", "grossProfit": "5101000000", "totalRevenue": "7797000000", "costOfRevenue": "2696000000", "costofGoodsAndServicesSold": "2696000000", "operatingIncome": "3363000000", "sellingGeneralAndAdministrative": "1716000000", "researchAndDevelopment": "0", "operatingExpenses": "2209000000", "investmentIncomeNet": "None", "netInterestIncome": "None", "interestIncome": "None", "interestExpense": "254000000", "nonInterestIncome": "None", "otherNonOperatingIncome": "27000000", "depreciation": "None", "depreciationAndAmortization": "216000000", "incomeBeforeTax": "2647000000", "incomeTaxExpense": "752000000", "interestAndDebtExpense": "None", "netIncomeFromContinuingOperations": "1868000000", "comprehensiveIncomeNetOfTax": "None", "ebit": "3363000000", "ebitda": "3579000000", "netIncome": "1851000000"}, {"fiscalDateEnding": "2014-03-31", "reportedCurrency": "USD", "grossProfit": "4543000000", "totalRevenue": "6917000000", "costOfRevenue": "2374000000", "costofGoodsAndServicesSold": "2374000000", "operatingIncome": "2974000000", "sellingGeneralAndAdministrative": "1547000000", "researchAndDevelopment": "0", "operatingExpenses": "1590000000", "investmentIncomeNet": "None", "netInterestIncome": "None", "interestIncome": "None", "interestExpense": "268000000", "nonInterestIncome": "None", "otherNonOperatingIncome": "9000000", "depreciation": "None", "depreciationAndAmortization": "211000000", "incomeBeforeTax": "2692000000", "incomeTaxExpense": "776000000", "interestAndDebtExpense": "None", "netIncomeFromContinuingOperations": "1907000000", "comprehensiveIncomeNetOfTax": "None", "ebit": "2974000000", "ebitda": "3185000000", "netIncome": "1875000000"}, {"fiscalDateEnding": "2013-12-31", "reportedCurrency": "USD", "grossProfit": "5187000000", "totalRevenue": "7789000000", "costOfRevenue": "2602000000", "costofGoodsAndServicesSold": "2602000000", "operatingIncome": "3489000000", "sellingGeneralAndAdministrative": "1661000000", "researchAndDevelopment": "449000000", "operatingExpenses": "1968000000", "investmentIncomeNet": "None", "netInterestIncome": "None", "interestIncome": "None", "interestExpense": "383000000", "nonInterestIncome": "None", "otherNonOperatingIncome": "-22000000", "depreciation": "None", "depreciationAndAmortization": "223000000", "incomeBeforeTax": "2929000000", "incomeTaxExpense": "893000000", "interestAndDebtExpense": "None", "netIncomeFromContinuingOperations": "2058000000", "comprehensiveIncomeNetOfTax": "None", "ebit": "3334000000", "ebitda": "3557000000", "netIncome": "1987000000"}, {"fiscalDateEnding": "2013-09-30", "reportedCurrency": "USD", "grossProfit": "5309000000", "totalRevenue": "7927000000", "costOfRevenue": "2618000000", "costofGoodsAndServicesSold": "2618000000", "operatingIncome": "3599000000", "sellingGeneralAndAdministrative": "1693000000", "researchAndDevelopment": "0", "operatingExpenses": "1734000000", "investmentIncomeNet": "None", "netInterestIncome": "None", "interestIncome": "None", "interestExpense": "239000000", "nonInterestIncome": "None", "otherNonOperatingIncome": "None", "depreciation": "None", "depreciationAndAmortization": "218000000", "incomeBeforeTax": "3354000000", "incomeTaxExpense": "952000000", "interestAndDebtExpense": "None", "netIncomeFromContinuingOperations": "2402000000", "comprehensiveIncomeNetOfTax": "None", "ebit": "3599000000", "ebitda": "3817000000", "netIncome": "2340000000"}, {"fiscalDateEnding": "2013-06-30", "reportedCurrency": "USD", "grossProfit": "5216000000", "totalRevenue": "7917000000", "costOfRevenue": "2701000000", "costofGoodsAndServicesSold": "2701000000", "operatingIncome": "3342000000", "sellingGeneralAndAdministrative": "1855000000", "researchAndDevelopment": "0", "operatingExpenses": "1895000000", "investmentIncomeNet": "None", "netInterestIncome": "None", "interestIncome": "None", "interestExpense": "246000000", "nonInterestIncome": "None", "otherNonOperatingIncome": "None", "depreciation": "None", "depreciationAndAmortization": "219000000", "incomeBeforeTax": "3086000000", "incomeTaxExpense": "892000000", "interestAndDebtExpense": "None", "netIncomeFromContinuingOperations": "2194000000", "comprehensiveIncomeNetOfTax": "None", "ebit": "3342000000", "ebitda": "3561000000", "netIncome": "2124000000"}, {"fiscalDateEnding": "2013-03-31", "reportedCurrency": "USD", "grossProfit": "5095000000", "totalRevenue": "7584000000", "costOfRevenue": "2489000000", "costofGoodsAndServicesSold": "2489000000", "operatingIncome": "3394000000", "sellingGeneralAndAdministrative": "1681000000", "researchAndDevelopment": "0", "operatingExpenses": "1717000000", "investmentIncomeNet": "None", "netInterestIncome": "None", "interestIncome": "None", "interestExpense": "236000000", "nonInterestIncome": "None", "otherNonOperatingIncome": "None", "depreciation": "None", "depreciationAndAmortization": "222000000", "incomeBeforeTax": "3151000000", "incomeTaxExpense": "933000000", "interestAndDebtExpense": "None", "netIncomeFromContinuingOperations": "2218000000", "comprehensiveIncomeNetOfTax": "None", "ebit": "3394000000", "ebitda": "3616000000", "netIncome": "2125000000"}, {"fiscalDateEnding": "2012-12-31", "reportedCurrency": "USD", "grossProfit": "5208000000", "totalRevenue": "7889000000", "costOfRevenue": "2681000000", "costofGoodsAndServicesSold": "2681000000", "operatingIncome": "3266000000", "sellingGeneralAndAdministrative": "1935000000", "researchAndDevelopment": "415000000", "operatingExpenses": "2006000000", "investmentIncomeNet": "None", "netInterestIncome": "None", "interestIncome": "None", "interestExpense": "374000000", "nonInterestIncome": "None", "otherNonOperatingIncome": "None", "depreciation": "None", "depreciationAndAmortization": "233000000", "incomeBeforeTax": "2990000000", "incomeTaxExpense": "799000000", "interestAndDebtExpense": "None", "netIncomeFromContinuingOperations": "2191000000", "comprehensiveIncomeNetOfTax": "None", "ebit": "3364000000", "ebitda": "3597000000", "netIncome": "2095000000"}, {"fiscalDateEnding": "2012-09-30", "reportedCurrency": "USD", "grossProfit": "5336000000", "totalRevenue": "7920000000", "costOfRevenue": "2584000000", "costofGoodsAndServicesSold": "2584000000", "operatingIncome": "3623000000", "sellingGeneralAndAdministrative": "1655000000", "researchAndDevelopment": "0", "operatingExpenses": "1679000000", "investmentIncomeNet": "None", "netInterestIncome": "None", "interestIncome": "None", "interestExpense": "211000000", "nonInterestIncome": "None", "otherNonOperatingIncome": "None", "depreciation": "None", "depreciationAndAmortization": "24000000", "incomeBeforeTax": "3412000000", "incomeTaxExpense": "1088000000", "interestAndDebtExpense": "None", "netIncomeFromContinuingOperations": "2324000000", "comprehensiveIncomeNetOfTax": "None", "ebit": "3599000000", "ebitda": "3623000000", "netIncome": "2227000000"}, {"fiscalDateEnding": "2012-06-30", "reportedCurrency": "USD", "grossProfit": "5454000000", "totalRevenue": "8120000000", "costOfRevenue": "2666000000", "costofGoodsAndServicesSold": "2666000000", "operatingIncome": "3604000000", "sellingGeneralAndAdministrative": "1817000000", "researchAndDevelopment": "0", "operatingExpenses": "1842000000", "investmentIncomeNet": "None", "netInterestIncome": "None", "interestIncome": "None", "interestExpense": "209000000", "nonInterestIncome": "None", "otherNonOperatingIncome": "None", "depreciation": "None", "depreciationAndAmortization": "25000000", "incomeBeforeTax": "3395000000", "incomeTaxExpense": "988000000", "interestAndDebtExpense": "None", "netIncomeFromContinuingOperations": "2407000000", "comprehensiveIncomeNetOfTax": "None", "ebit": "3579000000", "ebitda": "3604000000", "netIncome": "2317000000"}, {"fiscalDateEnding": "2012-03-31", "reportedCurrency": "USD", "grossProfit": "5006000000", "totalRevenue": "7448000000", "costOfRevenue": "2442000000", "costofGoodsAndServicesSold": "2442000000", "operatingIncome": "3403000000", "sellingGeneralAndAdministrative": "1571000000", "researchAndDevelopment": "0", "operatingExpenses": "1595000000", "investmentIncomeNet": "None", "netInterestIncome": "None", "interestIncome": "None", "interestExpense": "213000000", "nonInterestIncome": "None", "otherNonOperatingIncome": "None", "depreciation": "None", "depreciationAndAmortization": "24000000", "incomeBeforeTax": "3190000000", "incomeTaxExpense": "958000000", "interestAndDebtExpense": "None", "netIncomeFromContinuingOperations": "2232000000", "comprehensiveIncomeNetOfTax": "None", "ebit": "3379000000", "ebitda": "3403000000", "netIncome": "2161000000"}, {"fiscalDateEnding": "2011-12-31", "reportedCurrency": "USD", "grossProfit": "4979000000", "totalRevenue": "7671000000", "costOfRevenue": "2692000000", "costofGoodsAndServicesSold": "2692000000", "operatingIncome": "2936000000", "sellingGeneralAndAdministrative": "1969000000", "researchAndDevelopment": "413000000", "operatingExpenses": "1994000000", "investmentIncomeNet": "None", "netInterestIncome": "None", "interestIncome": "None", "interestExpense": "321000000", "nonInterestIncome": "None", "otherNonOperatingIncome": "None", "depreciation": "None", "depreciationAndAmortization": "250000000", "incomeBeforeTax": "2749000000", "incomeTaxExpense": "803000000", "interestAndDebtExpense": "None", "netIncomeFromContinuingOperations": "1946000000", "comprehensiveIncomeNetOfTax": "None", "ebit": "3070000000", "ebitda": "3320000000", "netIncome": "1886000000"}, {"fiscalDateEnding": "2011-09-30", "reportedCurrency": "USD", "grossProfit": "5515000000", "totalRevenue": "8362000000", "costOfRevenue": "2847000000", "costofGoodsAndServicesSold": "2847000000", "operatingIncome": "3677000000", "sellingGeneralAndAdministrative": "1770000000", "researchAndDevelopment": "0", "operatingExpenses": "1795000000", "investmentIncomeNet": "None", "netInterestIncome": "None", "interestIncome": "None", "interestExpense": "192000000", "nonInterestIncome": "None", "otherNonOperatingIncome": "None", "depreciation": "None", "depreciationAndAmortization": "25000000", "incomeBeforeTax": "3485000000", "incomeTaxExpense": "1024000000", "interestAndDebtExpense": "None", "netIncomeFromContinuingOperations": "2461000000", "comprehensiveIncomeNetOfTax": "None", "ebit": "3907000000", "ebitda": "3932000000", "netIncome": "2377000000"}, {"fiscalDateEnding": "2011-06-30", "reportedCurrency": "USD", "grossProfit": "5429000000", "totalRevenue": "8273000000", "costOfRevenue": "2844000000", "costofGoodsAndServicesSold": "2844000000", "operatingIncome": "3712000000", "sellingGeneralAndAdministrative": "1692000000", "researchAndDevelopment": "0", "operatingExpenses": "1716000000", "investmentIncomeNet": "None", "netInterestIncome": "None", "interestIncome": "None", "interestExpense": "208000000", "nonInterestIncome": "None", "otherNonOperatingIncome": "None", "depreciation": "None", "depreciationAndAmortization": "24000000", "incomeBeforeTax": "3504000000", "incomeTaxExpense": "1019000000", "interestAndDebtExpense": "None", "netIncomeFromContinuingOperations": "2485000000", "comprehensiveIncomeNetOfTax": "None", "ebit": "3688000000", "ebitda": "3712000000", "netIncome": "2409000000"}, {"fiscalDateEnding": "2011-03-31", "reportedCurrency": "USD", "grossProfit": "4496000000", "totalRevenue": "6791000000", "costOfRevenue": "2295000000", "costofGoodsAndServicesSold": "2295000000", "operatingIncome": "3007000000", "sellingGeneralAndAdministrative": "1449000000", "researchAndDevelopment": "0", "operatingExpenses": "1473000000", "investmentIncomeNet": "None", "netInterestIncome": "None", "interestIncome": "None", "interestExpense": "213000000", "nonInterestIncome": "None", "otherNonOperatingIncome": "None", "depreciation": "None", "depreciationAndAmortization": "24000000", "incomeBeforeTax": "2794000000", "incomeTaxExpense": "807000000", "interestAndDebtExpense": "None", "netIncomeFromContinuingOperations": "1987000000", "comprehensiveIncomeNetOfTax": "None", "ebit": "3222000000", "ebitda": "3246000000", "netIncome": "1919000000"}, {"fiscalDateEnding": "2010-12-31", "reportedCurrency": "USD", "grossProfit": "4536000000", "totalRevenue": "7037000000", "costOfRevenue": "2501000000", "costofGoodsAndServicesSold": "2501000000", "operatingIncome": "2743000000", "sellingGeneralAndAdministrative": "1743000000", "researchAndDevelopment": "391000000", "operatingExpenses": "1766000000", "investmentIncomeNet": "None", "netInterestIncome": "None", "interestIncome": "None", "interestExpense": "223000000", "nonInterestIncome": "None", "otherNonOperatingIncome": "None", "depreciation": "None", "depreciationAndAmortization": "255000000", "incomeBeforeTax": "2527000000", "incomeTaxExpense": "717000000", "interestAndDebtExpense": "None", "netIncomeFromContinuingOperations": "1810000000", "comprehensiveIncomeNetOfTax": "None", "ebit": "2821000000", "ebitda": "3076000000", "netIncome": "1752000000"}, {"fiscalDateEnding": "2010-09-30", "reportedCurrency": "USD", "grossProfit": "4324000000", "totalRevenue": "6614000000", "costOfRevenue": "2290000000", "costofGoodsAndServicesSold": "2290000000", "operatingIncome": "2836000000", "sellingGeneralAndAdministrative": "1446000000", "researchAndDevelopment": "0", "operatingExpenses": "1468000000", "investmentIncomeNet": "None", "netInterestIncome": "None", "interestIncome": "None", "interestExpense": "214000000", "nonInterestIncome": "None", "otherNonOperatingIncome": "None", "depreciation": "None", "depreciationAndAmortization": "22000000", "incomeBeforeTax": "2622000000", "incomeTaxExpense": "730000000", "interestAndDebtExpense": "None", "netIncomeFromContinuingOperations": "1892000000", "comprehensiveIncomeNetOfTax": "None", "ebit": "3044000000", "ebitda": "3066000000", "netIncome": "1822000000"}, {"fiscalDateEnding": "2010-06-30", "reportedCurrency": "USD", "grossProfit": "4511000000", "totalRevenue": "7061000000", "costOfRevenue": "2550000000", "costofGoodsAndServicesSold": "2550000000", "operatingIncome": "2906000000", "sellingGeneralAndAdministrative": "1582000000", "researchAndDevelopment": "0", "operatingExpenses": "1605000000", "investmentIncomeNet": "None", "netInterestIncome": "None", "interestIncome": "None", "interestExpense": "223000000", "nonInterestIncome": "None", "otherNonOperatingIncome": "None", "depreciation": "None", "depreciationAndAmortization": "23000000", "incomeBeforeTax": "2683000000", "incomeTaxExpense": "641000000", "interestAndDebtExpense": "None", "netIncomeFromContinuingOperations": "2042000000", "comprehensiveIncomeNetOfTax": "None", "ebit": "2883000000", "ebitda": "2906000000", "netIncome": "1982000000"}, {"fiscalDateEnding": "2010-03-31", "reportedCurrency": "USD", "grossProfit": "4124000000", "totalRevenue": "6496000000", "costOfRevenue": "2372000000", "costofGoodsAndServicesSold": "2372000000", "operatingIncome": "2715000000", "sellingGeneralAndAdministrative": "1389000000", "researchAndDevelopment": "0", "operatingExpenses": "1409000000", "investmentIncomeNet": "None", "netInterestIncome": "None", "interestIncome": "None", "interestExpense": "223000000", "nonInterestIncome": "None", "otherNonOperatingIncome": "None", "depreciation": "None", "depreciationAndAmortization": "20000000", "incomeBeforeTax": "2492000000", "incomeTaxExpense": "738000000", "interestAndDebtExpense": "None", "netIncomeFromContinuingOperations": "1754000000", "comprehensiveIncomeNetOfTax": "None", "ebit": "2715000000", "ebitda": "2735000000", "netIncome": "1703000000"}, {"fiscalDateEnding": "2009-12-31", "reportedCurrency": "USD", "grossProfit": "4171000000", "totalRevenue": "6717000000", "costOfRevenue": "2546000000", "costofGoodsAndServicesSold": "2546000000", "operatingIncome": "2441000000", "sellingGeneralAndAdministrative": "1684000000", "researchAndDevelopment": "335000000", "operatingExpenses": "1704000000", "investmentIncomeNet": "None", "netInterestIncome": "None", "interestIncome": "None", "interestExpense": "225000000", "nonInterestIncome": "None", "otherNonOperatingIncome": "None", "depreciation": "None", "depreciationAndAmortization": "246000000", "incomeBeforeTax": "2216000000", "incomeTaxExpense": "632000000", "interestAndDebtExpense": "None", "netIncomeFromContinuingOperations": "0", "comprehensiveIncomeNetOfTax": "None", "ebit": "2438000000", "ebitda": "2684000000", "netIncome": "1522000000"}, {"fiscalDateEnding": "2009-09-30", "reportedCurrency": "USD", "grossProfit": "4267000000", "totalRevenue": "6587000000", "costOfRevenue": "2320000000", "costofGoodsAndServicesSold": "2320000000", "operatingIncome": "2850000000", "sellingGeneralAndAdministrative": "1398000000", "researchAndDevelopment": "0", "operatingExpenses": "1416000000", "investmentIncomeNet": "None", "netInterestIncome": "None", "interestIncome": "None", "interestExpense": "24000000", "nonInterestIncome": "None", "otherNonOperatingIncome": "None", "depreciation": "None", "depreciationAndAmortization": "18000000", "incomeBeforeTax": "2629000000", "incomeTaxExpense": "775000000", "interestAndDebtExpense": "None", "netIncomeFromContinuingOperations": "1854000000", "comprehensiveIncomeNetOfTax": "None", "ebit": "3045000000", "ebitda": "3063000000", "netIncome": "1798000000"}, {"fiscalDateEnding": "2009-06-30", "reportedCurrency": "USD", "grossProfit": "3949000000", "totalRevenue": "6134000000", "costOfRevenue": "2185000000", "costofGoodsAndServicesSold": "2185000000", "operatingIncome": "2429000000", "sellingGeneralAndAdministrative": "1498000000", "researchAndDevelopment": "0", "operatingExpenses": "1519000000", "investmentIncomeNet": "None", "netInterestIncome": "None", "interestIncome": "None", "interestExpense": "7000000", "nonInterestIncome": "None", "otherNonOperatingIncome": "None", "depreciation": "None", "depreciationAndAmortization": "21000000", "incomeBeforeTax": "2236000000", "incomeTaxExpense": "639000000", "interestAndDebtExpense": "None", "netIncomeFromContinuingOperations": "1597000000", "comprehensiveIncomeNetOfTax": "None", "ebit": "2611000000", "ebitda": "2632000000", "netIncome": "1546000000"}, {"fiscalDateEnding": "2009-03-31", "reportedCurrency": "USD", "grossProfit": "3626000000", "totalRevenue": "5597000000", "costOfRevenue": "1971000000", "costofGoodsAndServicesSold": "1971000000", "operatingIncome": "2320000000", "sellingGeneralAndAdministrative": "1290000000", "researchAndDevelopment": "0", "operatingExpenses": "1305000000", "investmentIncomeNet": "None", "netInterestIncome": "None", "interestIncome": "None", "interestExpense": "158000000", "nonInterestIncome": "None", "otherNonOperatingIncome": "None", "depreciation": "None", "depreciationAndAmortization": "193000000", "incomeBeforeTax": "2162000000", "incomeTaxExpense": "645000000", "interestAndDebtExpense": "None", "netIncomeFromContinuingOperations": "0", "comprehensiveIncomeNetOfTax": "None", "ebit": "2321000000", "ebitda": "2514000000", "netIncome": "1476000000"}, {"fiscalDateEnding": "2008-12-31", "reportedCurrency": "USD", "grossProfit": "3627000000", "totalRevenue": "5713000000", "costOfRevenue": "2086000000", "costofGoodsAndServicesSold": "2086000000", "operatingIncome": "1935000000", "sellingGeneralAndAdministrative": "1677000000", "researchAndDevelopment": "334000000", "operatingExpenses": "1692000000", "investmentIncomeNet": "None", "netInterestIncome": "None", "interestIncome": "None", "interestExpense": "106000000", "nonInterestIncome": "None", "otherNonOperatingIncome": "None", "depreciation": "None", "depreciationAndAmortization": "217000000", "incomeBeforeTax": "1829000000", "incomeTaxExpense": "519000000", "interestAndDebtExpense": "None", "netIncomeFromContinuingOperations": "0", "comprehensiveIncomeNetOfTax": "None", "ebit": "2068000000", "ebitda": "2285000000", "netIncome": "1251000000"}, {"fiscalDateEnding": "2008-09-30", "reportedCurrency": "USD", "grossProfit": "4472000000", "totalRevenue": "6953000000", "costOfRevenue": "2481000000", "costofGoodsAndServicesSold": "2481000000", "operatingIncome": "2890000000", "sellingGeneralAndAdministrative": "1556000000", "researchAndDevelopment": "0", "operatingExpenses": "1569000000", "investmentIncomeNet": "None", "netInterestIncome": "None", "interestIncome": "None", "interestExpense": "69000000", "nonInterestIncome": "None", "otherNonOperatingIncome": "None", "depreciation": "None", "depreciationAndAmortization": "13000000", "incomeBeforeTax": "2821000000", "incomeTaxExpense": "667000000", "interestAndDebtExpense": "None", "netIncomeFromContinuingOperations": "0", "comprehensiveIncomeNetOfTax": "None", "ebit": "2916000000", "ebitda": "2929000000", "netIncome": "2080000000"}, {"fiscalDateEnding": "2008-06-30", "reportedCurrency": "USD", "grossProfit": "4247000000", "totalRevenue": "6709000000", "costOfRevenue": "2462000000", "costofGoodsAndServicesSold": "2462000000", "operatingIncome": "2608000000", "sellingGeneralAndAdministrative": "1584000000", "researchAndDevelopment": "0", "operatingExpenses": "1591000000", "investmentIncomeNet": "None", "netInterestIncome": "None", "interestIncome": "None", "interestExpense": "61000000", "nonInterestIncome": "None", "otherNonOperatingIncome": "None", "depreciation": "None", "depreciationAndAmortization": "203000000", "incomeBeforeTax": "2547000000", "incomeTaxExpense": "790000000", "interestAndDebtExpense": "None", "netIncomeFromContinuingOperations": "0", "comprehensiveIncomeNetOfTax": "None", "ebit": "2656000000", "ebitda": "2859000000", "netIncome": "1692000000"}, {"fiscalDateEnding": "2008-03-31", "reportedCurrency": "USD", "grossProfit": "4031000000", "totalRevenue": "6330000000", "costOfRevenue": "2299000000", "costofGoodsAndServicesSold": "2299000000", "operatingIncome": "2815000000", "sellingGeneralAndAdministrative": "1184000000", "researchAndDevelopment": "0", "operatingExpenses": "1193000000", "investmentIncomeNet": "None", "netInterestIncome": "None", "interestIncome": "None", "interestExpense": "75000000", "nonInterestIncome": "None", "otherNonOperatingIncome": "None", "depreciation": "None", "depreciationAndAmortization": "201000000", "incomeBeforeTax": "2740000000", "incomeTaxExpense": "811000000", "interestAndDebtExpense": "None", "netIncomeFromContinuingOperations": "0", "comprehensiveIncomeNetOfTax": "None", "ebit": "2547000000", "ebitda": "2748000000", "netIncome": "1867000000"}, {"fiscalDateEnding": "2007-12-31", "reportedCurrency": "USD", "grossProfit": "3372000000", "totalRevenue": "5498000000", "costOfRevenue": "2126000000", "costofGoodsAndServicesSold": "2126000000", "operatingIncome": "2030000000", "sellingGeneralAndAdministrative": "1329000000", "researchAndDevelopment": "362000000", "operatingExpenses": "1339000000", "investmentIncomeNet": "None", "netInterestIncome": "None", "interestIncome": "None", "interestExpense": "268000000", "nonInterestIncome": "None", "otherNonOperatingIncome": "None", "depreciation": "None", "depreciationAndAmortization": "218000000", "incomeBeforeTax": "2017000000", "incomeTaxExpense": "568000000", "interestAndDebtExpense": "None", "netIncomeFromContinuingOperations": "0", "comprehensiveIncomeNetOfTax": "None", "ebit": "2033000000", "ebitda": "2251000000", "netIncome": "1373000000"}, {"fiscalDateEnding": "2007-09-30", "reportedCurrency": "USD", "grossProfit": "3687000000", "totalRevenue": "5916000000", "costOfRevenue": "2229000000", "costofGoodsAndServicesSold": "2229000000", "operatingIncome": "2495000000", "sellingGeneralAndAdministrative": "1171000000", "researchAndDevelopment": "0", "operatingExpenses": "1177000000", "investmentIncomeNet": "None", "netInterestIncome": "None", "interestIncome": "None", "interestExpense": "0", "nonInterestIncome": "None", "otherNonOperatingIncome": "None", "depreciation": "None", "depreciationAndAmortization": "192000000", "incomeBeforeTax": "2511000000", "incomeTaxExpense": "710000000", "interestAndDebtExpense": "None", "netIncomeFromContinuingOperations": "0", "comprehensiveIncomeNetOfTax": "None", "ebit": "2510000000", "ebitda": "2702000000", "netIncome": "1725000000"}, {"fiscalDateEnding": "2007-06-30", "reportedCurrency": "USD", "grossProfit": "3591000000", "totalRevenue": "5835000000", "costOfRevenue": "2244000000", "costofGoodsAndServicesSold": "2244000000", "operatingIncome": "2217000000", "sellingGeneralAndAdministrative": "1292000000", "researchAndDevelopment": "0", "operatingExpenses": "1298000000", "investmentIncomeNet": "None", "netInterestIncome": "None", "interestIncome": "None", "interestExpense": "0", "nonInterestIncome": "None", "otherNonOperatingIncome": "None", "depreciation": "None", "depreciationAndAmortization": "175000000", "incomeBeforeTax": "2214000000", "incomeTaxExpense": "668000000", "interestAndDebtExpense": "None", "netIncomeFromContinuingOperations": "0", "comprehensiveIncomeNetOfTax": "None", "ebit": "2293000000", "ebitda": "2468000000", "netIncome": "1483000000"}, {"fiscalDateEnding": "2007-03-31", "reportedCurrency": "USD", "grossProfit": "3428000000", "totalRevenue": "5549000000", "costOfRevenue": "2121000000", "costofGoodsAndServicesSold": "2121000000", "operatingIncome": "2131000000", "sellingGeneralAndAdministrative": "1229000000", "researchAndDevelopment": "0", "operatingExpenses": "1235000000", "investmentIncomeNet": "None", "netInterestIncome": "None", "interestIncome": "None", "interestExpense": "0", "nonInterestIncome": "None", "otherNonOperatingIncome": "None", "depreciation": "None", "depreciationAndAmortization": "163000000", "incomeBeforeTax": "2121000000", "incomeTaxExpense": "618000000", "interestAndDebtExpense": "None", "netIncomeFromContinuingOperations": "0", "comprehensiveIncomeNetOfTax": "None", "ebit": "2193000000", "ebitda": "2356000000", "netIncome": "1445000000"}, {"fiscalDateEnding": "2006-12-31", "reportedCurrency": "USD", "grossProfit": "12065000000", "totalRevenue": "12065000000", "costOfRevenue": "34984000000", "costofGoodsAndServicesSold": "34984000000", "operatingIncome": "-27827000000", "sellingGeneralAndAdministrative": "4551000000", "researchAndDevelopment": "304000000", "operatingExpenses": "-39892000000", "investmentIncomeNet": "None", "netInterestIncome": "None", "interestIncome": "None", "interestExpense": "371000000", "nonInterestIncome": "None", "otherNonOperatingIncome": "None", "depreciation": "None", "depreciationAndAmortization": "None", "incomeBeforeTax": "1536000000", "incomeTaxExpense": "-1536000000", "interestAndDebtExpense": "None", "netIncomeFromContinuingOperations": "0", "comprehensiveIncomeNetOfTax": "None", "ebit": "0", "ebitda": "-27827000000", "netIncome": "1536000000"}, {"fiscalDateEnding": "2006-09-30", "reportedCurrency": "USD", "grossProfit": "12065000000", "totalRevenue": "12065000000", "costOfRevenue": "0", "costofGoodsAndServicesSold": "0", "operatingIncome": "12065000000", "sellingGeneralAndAdministrative": "0", "researchAndDevelopment": "0", "operatingExpenses": "0", "investmentIncomeNet": "None", "netInterestIncome": "None", "interestIncome": "None", "interestExpense": "0", "nonInterestIncome": "None", "otherNonOperatingIncome": "None", "depreciation": "None", "depreciationAndAmortization": "None", "incomeBeforeTax": "1537000000", "incomeTaxExpense": "-1537000000", "interestAndDebtExpense": "None", "netIncomeFromContinuingOperations": "0", "comprehensiveIncomeNetOfTax": "None", "ebit": "0", "ebitda": "12065000000", "netIncome": "1537000000"}, {"fiscalDateEnding": "2006-06-30", "reportedCurrency": "USD", "grossProfit": "12065000000", "totalRevenue": "12065000000", "costOfRevenue": "0", "costofGoodsAndServicesSold": "0", "operatingIncome": "12065000000", "sellingGeneralAndAdministrative": "0", "researchAndDevelopment": "0", "operatingExpenses": "0", "investmentIncomeNet": "None", "netInterestIncome": "None", "interestIncome": "None", "interestExpense": "0", "nonInterestIncome": "None", "otherNonOperatingIncome": "None", "depreciation": "None", "depreciationAndAmortization": "None", "incomeBeforeTax": "1537000000", "incomeTaxExpense": "-1537000000", "interestAndDebtExpense": "None", "netIncomeFromContinuingOperations": "0", "comprehensiveIncomeNetOfTax": "None", "ebit": "0", "ebitda": "12065000000", "netIncome": "1537000000"}, {"fiscalDateEnding": "2006-03-31", "reportedCurrency": "USD", "grossProfit": "12065000000", "totalRevenue": "12065000000", "costOfRevenue": "0", "costofGoodsAndServicesSold": "0", "operatingIncome": "12065000000", "sellingGeneralAndAdministrative": "0", "researchAndDevelopment": "0", "operatingExpenses": "0", "investmentIncomeNet": "None", "netInterestIncome": "None", "interestIncome": "None", "interestExpense": "0", "nonInterestIncome": "None", "otherNonOperatingIncome": "None", "depreciation": "None", "depreciationAndAmortization": "None", "incomeBeforeTax": "1537000000", "incomeTaxExpense": "-1537000000", "interestAndDebtExpense": "None", "netIncomeFromContinuingOperations": "0", "comprehensiveIncomeNetOfTax": "None", "ebit": "0", "ebitda": "12065000000", "netIncome": "1537000000"}]}