{"symbol": "NCLH", "annualReports": [{"fiscalDateEnding": "2024-12-31", "reportedCurrency": "USD", "grossProfit": "3790955000", "totalRevenue": "9479651000", "costOfRevenue": "5688696000", "costofGoodsAndServicesSold": "5688696000", "operatingIncome": "1465906000", "sellingGeneralAndAdministrative": "1434807000", "researchAndDevelopment": "None", "operatingExpenses": "2325049000", "investmentIncomeNet": "None", "netInterestIncome": "-747223000", "interestIncome": "None", "interestExpense": "747223000", "nonInterestIncome": "None", "otherNonOperatingIncome": "None", "depreciation": "None", "depreciationAndAmortization": "973512000", "incomeBeforeTax": "772907000", "incomeTaxExpense": "-137350000", "interestAndDebtExpense": "None", "netIncomeFromContinuingOperations": "910257000", "comprehensiveIncomeNetOfTax": "None", "ebit": "1520130000", "ebitda": "2493642000", "netIncome": "910257000"}, {"fiscalDateEnding": "2023-12-31", "reportedCurrency": "USD", "grossProfit": "3081337000", "totalRevenue": "8549924000", "costOfRevenue": "5468587000", "costofGoodsAndServicesSold": "5468587000", "operatingIncome": "930911000", "sellingGeneralAndAdministrative": "1392127000", "researchAndDevelopment": "None", "operatingExpenses": "1341858000", "investmentIncomeNet": "None", "netInterestIncome": "-707270000", "interestIncome": "None", "interestExpense": "727531000", "nonInterestIncome": "None", "otherNonOperatingIncome": "None", "depreciation": "None", "depreciationAndAmortization": "870417000", "incomeBeforeTax": "163176000", "incomeTaxExpense": "3002000", "interestAndDebtExpense": "None", "netIncomeFromContinuingOperations": "-209817000", "comprehensiveIncomeNetOfTax": "None", "ebit": "881907000", "ebitda": "1752324000", "netIncome": "166178000"}, {"fiscalDateEnding": "2022-12-31", "reportedCurrency": "USD", "grossProfit": "576674000", "totalRevenue": "4843760000", "costOfRevenue": "4267086000", "costofGoodsAndServicesSold": "4267086000", "operatingIncome": "-1551757000", "sellingGeneralAndAdministrative": "1379105000", "researchAndDevelopment": "None", "operatingExpenses": "2128431000", "investmentIncomeNet": "None", "netInterestIncome": "-801512000", "interestIncome": "None", "interestExpense": "801512000", "nonInterestIncome": "None", "otherNonOperatingIncome": "None", "depreciation": "None", "depreciationAndAmortization": "803001000", "incomeBeforeTax": "-2276703000", "incomeTaxExpense": "-6794000", "interestAndDebtExpense": "None", "netIncomeFromContinuingOperations": "-2269909000", "comprehensiveIncomeNetOfTax": "None", "ebit": "-1532943000", "ebitda": "-729942000", "netIncome": "-2269909000"}, {"fiscalDateEnding": "2021-12-31", "reportedCurrency": "USD", "grossProfit": "-960051000", "totalRevenue": "647986000", "costOfRevenue": "1608037000", "costofGoodsAndServicesSold": "1608037000", "operatingIncome": "-2552348000", "sellingGeneralAndAdministrative": "891452000", "researchAndDevelopment": "None", "operatingExpenses": "1592297000", "investmentIncomeNet": "None", "netInterestIncome": "-2072925000", "interestIncome": "None", "interestExpense": "2072925000", "nonInterestIncome": "None", "otherNonOperatingIncome": "123953000", "depreciation": "None", "depreciationAndAmortization": "753537000", "incomeBeforeTax": "-4501320000", "incomeTaxExpense": "5267000", "interestAndDebtExpense": "None", "netIncomeFromContinuingOperations": "-4506587000", "comprehensiveIncomeNetOfTax": "None", "ebit": "-2547659000", "ebitda": "-1794122000", "netIncome": "-4506587000"}, {"fiscalDateEnding": "2020-12-31", "reportedCurrency": "USD", "grossProfit": "-413153000", "totalRevenue": "1279908000", "costOfRevenue": "1693061000", "costofGoodsAndServicesSold": "1693061000", "operatingIncome": "-3484135000", "sellingGeneralAndAdministrative": "745345000", "researchAndDevelopment": "None", "operatingExpenses": "1463185000", "investmentIncomeNet": "None", "netInterestIncome": "-482313000", "interestIncome": "454518000", "interestExpense": "482313000", "nonInterestIncome": "None", "otherNonOperatingIncome": "-33599000", "depreciation": "None", "depreciationAndAmortization": "734690000", "incomeBeforeTax": "-4000047000", "incomeTaxExpense": "12467000", "interestAndDebtExpense": "None", "netIncomeFromContinuingOperations": "-4012514000", "comprehensiveIncomeNetOfTax": "None", "ebit": "-3534814000", "ebitda": "-2800124000", "netIncome": "-4012514000"}, {"fiscalDateEnding": "2019-12-31", "reportedCurrency": "USD", "grossProfit": "2799115000", "totalRevenue": "6462376000", "costOfRevenue": "3663261000", "costofGoodsAndServicesSold": "3663261000", "operatingIncome": "1178077000", "sellingGeneralAndAdministrative": "974850000", "researchAndDevelopment": "None", "operatingExpenses": "1621038000", "investmentIncomeNet": "None", "netInterestIncome": "-272867000", "interestIncome": "256191000", "interestExpense": "272867000", "nonInterestIncome": "None", "otherNonOperatingIncome": "6155000", "depreciation": "None", "depreciationAndAmortization": "653257000", "incomeBeforeTax": "911365000", "incomeTaxExpense": "-18863000", "interestAndDebtExpense": "None", "netIncomeFromContinuingOperations": "930228000", "comprehensiveIncomeNetOfTax": "None", "ebit": "1178077000", "ebitda": "1831334000", "netIncome": "930228000"}, {"fiscalDateEnding": "2018-12-31", "reportedCurrency": "USD", "grossProfit": "2678050000", "totalRevenue": "6055126000", "costOfRevenue": "3377076000", "costofGoodsAndServicesSold": "3377076000", "operatingIncome": "1219061000", "sellingGeneralAndAdministrative": "897929000", "researchAndDevelopment": "0", "operatingExpenses": "1458989000", "investmentIncomeNet": "None", "netInterestIncome": "-270404000", "interestIncome": "270404000", "interestExpense": "270404000", "nonInterestIncome": "None", "otherNonOperatingIncome": "20653000", "depreciation": "None", "depreciationAndAmortization": "566972000", "incomeBeforeTax": "969310000", "incomeTaxExpense": "14467000", "interestAndDebtExpense": "None", "netIncomeFromContinuingOperations": "954843000", "comprehensiveIncomeNetOfTax": "None", "ebit": "1239714000", "ebitda": "1806686000", "netIncome": "954843000"}, {"fiscalDateEnding": "2017-12-31", "reportedCurrency": "USD", "grossProfit": "2332531000", "totalRevenue": "5396175000", "costOfRevenue": "3063644000", "costofGoodsAndServicesSold": "3063644000", "operatingIncome": "1048819000", "sellingGeneralAndAdministrative": "773755000", "researchAndDevelopment": "0", "operatingExpenses": "1283712000", "investmentIncomeNet": "None", "netInterestIncome": "-267804000", "interestIncome": "268194000", "interestExpense": "267804000", "nonInterestIncome": "None", "otherNonOperatingIncome": "-10401000", "depreciation": "None", "depreciationAndAmortization": "521484000", "incomeBeforeTax": "770614000", "incomeTaxExpense": "10742000", "interestAndDebtExpense": "None", "netIncomeFromContinuingOperations": "759872000", "comprehensiveIncomeNetOfTax": "None", "ebit": "1038418000", "ebitda": "1559902000", "netIncome": "759872000"}, {"fiscalDateEnding": "2016-12-31", "reportedCurrency": "USD", "grossProfit": "2024115000", "totalRevenue": "4874340000", "costOfRevenue": "2850225000", "costofGoodsAndServicesSold": "2850225000", "operatingIncome": "925464000", "sellingGeneralAndAdministrative": "666156000", "researchAndDevelopment": "0", "operatingExpenses": "1098651000", "investmentIncomeNet": "None", "netInterestIncome": "-276859000", "interestIncome": "296112000", "interestExpense": "276859000", "nonInterestIncome": "None", "otherNonOperatingIncome": "-8302000", "depreciation": "None", "depreciationAndAmortization": "445635000", "incomeBeforeTax": "640303000", "incomeTaxExpense": "7218000", "interestAndDebtExpense": "None", "netIncomeFromContinuingOperations": "633085000", "comprehensiveIncomeNetOfTax": "None", "ebit": "917162000", "ebitda": "1362797000", "netIncome": "633085000"}, {"fiscalDateEnding": "2015-12-31", "reportedCurrency": "USD", "grossProfit": "1689599000", "totalRevenue": "4345048000", "costOfRevenue": "2655449000", "costofGoodsAndServicesSold": "2655449000", "operatingIncome": "702486000", "sellingGeneralAndAdministrative": "554999000", "researchAndDevelopment": "0", "operatingExpenses": "987113000", "investmentIncomeNet": "None", "netInterestIncome": "None", "interestIncome": "237579000", "interestExpense": "221909000", "nonInterestIncome": "None", "otherNonOperatingIncome": "-46668000", "depreciation": "None", "depreciationAndAmortization": "450335000", "incomeBeforeTax": "433909000", "incomeTaxExpense": "6772000", "interestAndDebtExpense": "None", "netIncomeFromContinuingOperations": "427137000", "comprehensiveIncomeNetOfTax": "None", "ebit": "655818000", "ebitda": "1106153000", "netIncome": "427137000"}, {"fiscalDateEnding": "2014-12-31", "reportedCurrency": "USD", "grossProfit": "1179257000", "totalRevenue": "3125881000", "costOfRevenue": "1946624000", "costofGoodsAndServicesSold": "1946624000", "operatingIncome": "502941000", "sellingGeneralAndAdministrative": "403169000", "researchAndDevelopment": "0", "operatingExpenses": "676316000", "investmentIncomeNet": "None", "netInterestIncome": "None", "interestIncome": "None", "interestExpense": "151754000", "nonInterestIncome": "None", "otherNonOperatingIncome": "-10853000", "depreciation": "None", "depreciationAndAmortization": "304877000", "incomeBeforeTax": "340334000", "incomeTaxExpense": "-2267000", "interestAndDebtExpense": "None", "netIncomeFromContinuingOperations": "342601000", "comprehensiveIncomeNetOfTax": "None", "ebit": "492088000", "ebitda": "796965000", "netIncome": "338352000"}, {"fiscalDateEnding": "2013-12-31", "reportedCurrency": "USD", "grossProfit": "912635000", "totalRevenue": "2570294000", "costOfRevenue": "1657659000", "costofGoodsAndServicesSold": "1657659000", "operatingIncome": "395887000", "sellingGeneralAndAdministrative": "516748000", "researchAndDevelopment": "0", "operatingExpenses": "516748000", "investmentIncomeNet": "None", "netInterestIncome": "None", "interestIncome": "None", "interestExpense": "282602000", "nonInterestIncome": "None", "otherNonOperatingIncome": "1403000", "depreciation": "None", "depreciationAndAmortization": "245111000", "incomeBeforeTax": "114688000", "incomeTaxExpense": "11802000", "interestAndDebtExpense": "None", "netIncomeFromContinuingOperations": "102886000", "comprehensiveIncomeNetOfTax": "None", "ebit": "397290000", "ebitda": "642401000", "netIncome": "101714000"}, {"fiscalDateEnding": "2012-12-31", "reportedCurrency": "USD", "grossProfit": "797813000", "totalRevenue": "2276246000", "costOfRevenue": "1478433000", "costofGoodsAndServicesSold": "1478433000", "operatingIncome": "357093000", "sellingGeneralAndAdministrative": "251183000", "researchAndDevelopment": "None", "operatingExpenses": "440720000", "investmentIncomeNet": "None", "netInterestIncome": "None", "interestIncome": "None", "interestExpense": "189930000", "nonInterestIncome": "None", "otherNonOperatingIncome": "None", "depreciation": "None", "depreciationAndAmortization": "216137000", "incomeBeforeTax": "168556000", "incomeTaxExpense": "191323000", "interestAndDebtExpense": "None", "netIncomeFromContinuingOperations": "None", "comprehensiveIncomeNetOfTax": "None", "ebit": "358486000", "ebitda": "574623000", "netIncome": "168556000"}, {"fiscalDateEnding": "2011-12-31", "reportedCurrency": "USD", "grossProfit": "751448000", "totalRevenue": "2219324000", "costOfRevenue": "1467876000", "costofGoodsAndServicesSold": "1467876000", "operatingIncome": "316112000", "sellingGeneralAndAdministrative": "251351000", "researchAndDevelopment": "None", "operatingExpenses": "435336000", "investmentIncomeNet": "None", "netInterestIncome": "None", "interestIncome": "None", "interestExpense": "190225000", "nonInterestIncome": "None", "otherNonOperatingIncome": "None", "depreciation": "None", "depreciationAndAmortization": "211049000", "incomeBeforeTax": "126859000", "incomeTaxExpense": "192441000", "interestAndDebtExpense": "None", "netIncomeFromContinuingOperations": "None", "comprehensiveIncomeNetOfTax": "None", "ebit": "317084000", "ebitda": "528133000", "netIncome": "125577000"}, {"fiscalDateEnding": "2010-12-31", "reportedCurrency": "USD", "grossProfit": "664830000", "totalRevenue": "2012128000", "costOfRevenue": "1347298000", "costofGoodsAndServicesSold": "1347298000", "operatingIncome": "230241000", "sellingGeneralAndAdministrative": "264152000", "researchAndDevelopment": "None", "operatingExpenses": "434589000", "investmentIncomeNet": "None", "netInterestIncome": "None", "interestIncome": "None", "interestExpense": "173772000", "nonInterestIncome": "None", "otherNonOperatingIncome": "None", "depreciation": "None", "depreciationAndAmortization": "191913000", "incomeBeforeTax": "196289000", "incomeTaxExpense": "207624000", "interestAndDebtExpense": "None", "netIncomeFromContinuingOperations": "None", "comprehensiveIncomeNetOfTax": "None", "ebit": "264193000", "ebitda": "456106000", "netIncome": "22617000"}, {"fiscalDateEnding": "2009-12-31", "reportedCurrency": "USD", "grossProfit": "565750000", "totalRevenue": "1855204000", "costOfRevenue": "1289454000", "costofGoodsAndServicesSold": "1289454000", "operatingIncome": "171374000", "sellingGeneralAndAdministrative": "None", "researchAndDevelopment": "None", "operatingExpenses": "394376000", "investmentIncomeNet": "None", "netInterestIncome": "None", "interestIncome": "None", "interestExpense": "115350000", "nonInterestIncome": "None", "otherNonOperatingIncome": "None", "depreciation": "None", "depreciationAndAmortization": "169701000", "incomeBeforeTax": "181747000", "incomeTaxExpense": "104141000", "interestAndDebtExpense": "None", "netIncomeFromContinuingOperations": "None", "comprehensiveIncomeNetOfTax": "None", "ebit": "161001000", "ebitda": "330702000", "netIncome": "67233000"}, {"fiscalDateEnding": "2008-12-31", "reportedCurrency": "USD", "grossProfit": "527920000", "totalRevenue": "2106401000", "costOfRevenue": "1578481000", "costofGoodsAndServicesSold": "1578481000", "operatingIncome": "-63247000", "sellingGeneralAndAdministrative": "None", "researchAndDevelopment": "None", "operatingExpenses": "462392000", "investmentIncomeNet": "None", "netInterestIncome": "None", "interestIncome": "None", "interestExpense": "152364000", "nonInterestIncome": "None", "otherNonOperatingIncome": "None", "depreciation": "None", "depreciationAndAmortization": "162565000", "incomeBeforeTax": "-191010000", "incomeTaxExpense": "277331000", "interestAndDebtExpense": "None", "netIncomeFromContinuingOperations": "None", "comprehensiveIncomeNetOfTax": "None", "ebit": "193291000", "ebitda": "355856000", "netIncome": "-211803000"}, {"fiscalDateEnding": "2007-12-31", "reportedCurrency": "USD", "grossProfit": "479875000", "totalRevenue": "2172815000", "costOfRevenue": "1692940000", "costofGoodsAndServicesSold": "1692940000", "operatingIncome": "42214000", "sellingGeneralAndAdministrative": "None", "researchAndDevelopment": "None", "operatingExpenses": "435096000", "investmentIncomeNet": "None", "netInterestIncome": "None", "interestIncome": "None", "interestExpense": "175409000", "nonInterestIncome": "None", "otherNonOperatingIncome": "None", "depreciation": "None", "depreciationAndAmortization": "148003000", "incomeBeforeTax": "-55502000", "incomeTaxExpense": "271741000", "interestAndDebtExpense": "None", "netIncomeFromContinuingOperations": "None", "comprehensiveIncomeNetOfTax": "None", "ebit": "142495000", "ebitda": "290498000", "netIncome": "-226962000"}, {"fiscalDateEnding": "2006-12-31", "reportedCurrency": "USD", "grossProfit": "408927000", "totalRevenue": "1976309000", "costOfRevenue": "1567382000", "costofGoodsAndServicesSold": "1567382000", "operatingIncome": "32580000", "sellingGeneralAndAdministrative": "None", "researchAndDevelopment": "None", "operatingExpenses": "368347000", "investmentIncomeNet": "None", "netInterestIncome": "None", "interestIncome": "None", "interestExpense": "136478000", "nonInterestIncome": "None", "otherNonOperatingIncome": "None", "depreciation": "None", "depreciationAndAmortization": "119097000", "incomeBeforeTax": "-5813000", "incomeTaxExpense": "171479000", "interestAndDebtExpense": "None", "netIncomeFromContinuingOperations": "None", "comprehensiveIncomeNetOfTax": "None", "ebit": "78973000", "ebitda": "198070000", "netIncome": "-130899000"}, {"fiscalDateEnding": "2005-12-31", "reportedCurrency": "USD", "grossProfit": "405649000", "totalRevenue": "1616154000", "costOfRevenue": "1210505000", "costofGoodsAndServicesSold": "1210505000", "operatingIncome": "73263000", "sellingGeneralAndAdministrative": "None", "researchAndDevelopment": "None", "operatingExpenses": "332386000", "investmentIncomeNet": "None", "netInterestIncome": "None", "interestIncome": "None", "interestExpense": "87006000", "nonInterestIncome": "None", "otherNonOperatingIncome": "None", "depreciation": "None", "depreciationAndAmortization": "104181000", "incomeBeforeTax": "101359000", "incomeTaxExpense": "54107000", "interestAndDebtExpense": "None", "netIncomeFromContinuingOperations": "None", "comprehensiveIncomeNetOfTax": "None", "ebit": "45167000", "ebitda": "149348000", "netIncome": "19156000"}], "quarterlyReports": [{"fiscalDateEnding": "2024-12-31", "reportedCurrency": "USD", "grossProfit": "801787000", "totalRevenue": "2109366000", "costOfRevenue": "1307579000", "costofGoodsAndServicesSold": "1307579000", "operatingIncome": "214741000", "sellingGeneralAndAdministrative": "360566000", "researchAndDevelopment": "None", "operatingExpenses": "587046000", "investmentIncomeNet": "None", "netInterestIncome": "-175358000", "interestIncome": "None", "interestExpense": "175358000", "nonInterestIncome": "None", "otherNonOperatingIncome": "None", "depreciation": "None", "depreciationAndAmortization": "246635000", "incomeBeforeTax": "107720000", "incomeTaxExpense": "-146816000", "interestAndDebtExpense": "None", "netIncomeFromContinuingOperations": "254536000", "comprehensiveIncomeNetOfTax": "None", "ebit": "283078000", "ebitda": "529713000", "netIncome": "254536000"}, {"fiscalDateEnding": "2024-09-30", "reportedCurrency": "USD", "grossProfit": "1267639000", "totalRevenue": "2806578000", "costOfRevenue": "1538939000", "costofGoodsAndServicesSold": "1538939000", "operatingIncome": "691210000", "sellingGeneralAndAdministrative": "358001000", "researchAndDevelopment": "None", "operatingExpenses": "358001000", "investmentIncomeNet": "None", "netInterestIncome": "-175216000", "interestIncome": "None", "interestExpense": "175216000", "nonInterestIncome": "None", "otherNonOperatingIncome": "None", "depreciation": "None", "depreciationAndAmortization": "218428000", "incomeBeforeTax": "481848000", "incomeTaxExpense": "6916000", "interestAndDebtExpense": "None", "netIncomeFromContinuingOperations": "474932000", "comprehensiveIncomeNetOfTax": "None", "ebit": "656889000", "ebitda": "875317000", "netIncome": "474932000"}, {"fiscalDateEnding": "2024-06-30", "reportedCurrency": "USD", "grossProfit": "706290000", "totalRevenue": "2372492000", "costOfRevenue": "1666202000", "costofGoodsAndServicesSold": "1666202000", "operatingIncome": "352519000", "sellingGeneralAndAdministrative": "353771000", "researchAndDevelopment": "None", "operatingExpenses": "353771000", "investmentIncomeNet": "None", "netInterestIncome": "-178472000", "interestIncome": "None", "interestExpense": "178472000", "nonInterestIncome": "None", "otherNonOperatingIncome": "None", "depreciation": "None", "depreciationAndAmortization": "234695000", "incomeBeforeTax": "164985000", "incomeTaxExpense": "1549000", "interestAndDebtExpense": "None", "netIncomeFromContinuingOperations": "163436000", "comprehensiveIncomeNetOfTax": "None", "ebit": "349801000", "ebitda": "584496000", "netIncome": "163436000"}, {"fiscalDateEnding": "2024-03-31", "reportedCurrency": "USD", "grossProfit": "591559000", "totalRevenue": "2191215000", "costOfRevenue": "1599656000", "costofGoodsAndServicesSold": "1599656000", "operatingIncome": "229090000", "sellingGeneralAndAdministrative": "362469000", "researchAndDevelopment": "None", "operatingExpenses": "362469000", "investmentIncomeNet": "None", "netInterestIncome": "-218177000", "interestIncome": "None", "interestExpense": "218177000", "nonInterestIncome": "None", "otherNonOperatingIncome": "None", "depreciation": "None", "depreciationAndAmortization": "240973000", "incomeBeforeTax": "18354000", "incomeTaxExpense": "1000999", "interestAndDebtExpense": "None", "netIncomeFromContinuingOperations": "17353000", "comprehensiveIncomeNetOfTax": "None", "ebit": "207531000", "ebitda": "448504000", "netIncome": "17353000"}, {"fiscalDateEnding": "2023-12-31", "reportedCurrency": "USD", "grossProfit": "664643000", "totalRevenue": "1986456000", "costOfRevenue": "1321813000", "costofGoodsAndServicesSold": "1321813000", "operatingIncome": "124330000", "sellingGeneralAndAdministrative": "328258000", "researchAndDevelopment": "None", "operatingExpenses": "328258000", "investmentIncomeNet": "None", "netInterestIncome": "-197381000", "interestIncome": "None", "interestExpense": "197381000", "nonInterestIncome": "None", "otherNonOperatingIncome": "None", "depreciation": "None", "depreciationAndAmortization": "229352000", "incomeBeforeTax": "-108317000", "incomeTaxExpense": "1832000", "interestAndDebtExpense": "None", "netIncomeFromContinuingOperations": "-106485000", "comprehensiveIncomeNetOfTax": "None", "ebit": "83395000", "ebitda": "312747000", "netIncome": "-106485000"}, {"fiscalDateEnding": "2023-09-30", "reportedCurrency": "USD", "grossProfit": "1053291000", "totalRevenue": "2536037000", "costOfRevenue": "1482746000", "costofGoodsAndServicesSold": "1482746000", "operatingIncome": "523318000", "sellingGeneralAndAdministrative": "325365000", "researchAndDevelopment": "None", "operatingExpenses": "529973000", "investmentIncomeNet": "None", "netInterestIncome": "-181201000", "interestIncome": "None", "interestExpense": "181201000", "nonInterestIncome": "None", "otherNonOperatingIncome": "None", "depreciation": "None", "depreciationAndAmortization": "221276000", "incomeBeforeTax": "354177000", "incomeTaxExpense": "8309000", "interestAndDebtExpense": "None", "netIncomeFromContinuingOperations": "345868000", "comprehensiveIncomeNetOfTax": "None", "ebit": "538772000", "ebitda": "760048000", "netIncome": "345868000"}, {"fiscalDateEnding": "2023-06-30", "reportedCurrency": "USD", "grossProfit": "821882000", "totalRevenue": "2205492000", "costOfRevenue": "1383610000", "costofGoodsAndServicesSold": "1383610000", "operatingIncome": "272545000", "sellingGeneralAndAdministrative": "352222000", "researchAndDevelopment": "None", "operatingExpenses": "549337000", "investmentIncomeNet": "None", "netInterestIncome": "-177692000", "interestIncome": "None", "interestExpense": "177692000", "nonInterestIncome": "None", "otherNonOperatingIncome": "-8043000", "depreciation": "None", "depreciationAndAmortization": "214612000", "incomeBeforeTax": "86810000", "incomeTaxExpense": "694000", "interestAndDebtExpense": "None", "netIncomeFromContinuingOperations": "86116000", "comprehensiveIncomeNetOfTax": "None", "ebit": "264502000", "ebitda": "479114000", "netIncome": "86116000"}, {"fiscalDateEnding": "2023-03-31", "reportedCurrency": "USD", "grossProfit": "541521000", "totalRevenue": "1821939000", "costOfRevenue": "1280418000", "costofGoodsAndServicesSold": "1280418000", "operatingIncome": "1763000", "sellingGeneralAndAdministrative": "336013000", "researchAndDevelopment": "None", "operatingExpenses": "530803000", "investmentIncomeNet": "None", "netInterestIncome": "-171257000", "interestIncome": "None", "interestExpense": "171257000", "nonInterestIncome": "None", "otherNonOperatingIncome": "-8955000", "depreciation": "None", "depreciationAndAmortization": "210676000", "incomeBeforeTax": "-169494000", "incomeTaxExpense": "-10173000", "interestAndDebtExpense": "None", "netIncomeFromContinuingOperations": "-159321000", "comprehensiveIncomeNetOfTax": "None", "ebit": "1763000", "ebitda": "212439000", "netIncome": "-159321000"}, {"fiscalDateEnding": "2022-12-31", "reportedCurrency": "USD", "grossProfit": "299670000", "totalRevenue": "1519129000", "costOfRevenue": "1219459000", "costofGoodsAndServicesSold": "1219459000", "operatingIncome": "-280969000", "sellingGeneralAndAdministrative": "378527000", "researchAndDevelopment": "None", "operatingExpenses": "580639000", "investmentIncomeNet": "None", "netInterestIncome": "-177120000", "interestIncome": "None", "interestExpense": "177120000", "nonInterestIncome": "None", "otherNonOperatingIncome": "None", "depreciation": "None", "depreciationAndAmortization": "178106000", "incomeBeforeTax": "-482095000", "incomeTaxExpense": "385000", "interestAndDebtExpense": "None", "netIncomeFromContinuingOperations": "-482480000", "comprehensiveIncomeNetOfTax": "None", "ebit": "-280969000", "ebitda": "-102863000", "netIncome": "-482480000"}, {"fiscalDateEnding": "2022-09-30", "reportedCurrency": "USD", "grossProfit": "376612000", "totalRevenue": "1615510000", "costOfRevenue": "1238898000", "costofGoodsAndServicesSold": "1238898000", "operatingIncome": "-153769000", "sellingGeneralAndAdministrative": "375291000", "researchAndDevelopment": "None", "operatingExpenses": "561842000", "investmentIncomeNet": "None", "netInterestIncome": "-152330000", "interestIncome": "None", "interestExpense": "152330000", "nonInterestIncome": "None", "otherNonOperatingIncome": "31461000", "depreciation": "None", "depreciationAndAmortization": "202103000", "incomeBeforeTax": "-306099000", "incomeTaxExpense": "-10705000", "interestAndDebtExpense": "None", "netIncomeFromContinuingOperations": "-295394000", "comprehensiveIncomeNetOfTax": "None", "ebit": "-153769000", "ebitda": "48334000", "netIncome": "-295394000"}, {"fiscalDateEnding": "2022-06-30", "reportedCurrency": "USD", "grossProfit": "113865000", "totalRevenue": "1187181000", "costOfRevenue": "1073316000", "costofGoodsAndServicesSold": "1073316000", "operatingIncome": "-396802000", "sellingGeneralAndAdministrative": "329080000", "researchAndDevelopment": "None", "operatingExpenses": "510667000", "investmentIncomeNet": "None", "netInterestIncome": "-144377000", "interestIncome": "None", "interestExpense": "144377000", "nonInterestIncome": "None", "otherNonOperatingIncome": "30991000", "depreciation": "None", "depreciationAndAmortization": "226847000", "incomeBeforeTax": "-510188000", "incomeTaxExpense": "-867000", "interestAndDebtExpense": "None", "netIncomeFromContinuingOperations": "-509321000", "comprehensiveIncomeNetOfTax": "None", "ebit": "-396802000", "ebitda": "-169955000", "netIncome": "-509321000"}, {"fiscalDateEnding": "2022-03-31", "reportedCurrency": "USD", "grossProfit": "-213473000", "totalRevenue": "521940000", "costOfRevenue": "735413000", "costofGoodsAndServicesSold": "735413000", "operatingIncome": "-688756000", "sellingGeneralAndAdministrative": "296207000", "researchAndDevelopment": "None", "operatingExpenses": "475283000", "investmentIncomeNet": "None", "netInterestIncome": "-327685000", "interestIncome": "None", "interestExpense": "327685000", "nonInterestIncome": "None", "otherNonOperatingIncome": "38120000", "depreciation": "None", "depreciationAndAmortization": "233584000", "incomeBeforeTax": "-978321000", "incomeTaxExpense": "4393000", "interestAndDebtExpense": "None", "netIncomeFromContinuingOperations": "-982714000", "comprehensiveIncomeNetOfTax": "None", "ebit": "-688756000", "ebitda": "-455172000", "netIncome": "-982714000"}, {"fiscalDateEnding": "2021-12-31", "reportedCurrency": "USD", "grossProfit": "-230262000", "totalRevenue": "487437000", "costOfRevenue": "717699000", "costofGoodsAndServicesSold": "717699000", "operatingIncome": "-686872000", "sellingGeneralAndAdministrative": "273632000", "researchAndDevelopment": "None", "operatingExpenses": "456610000", "investmentIncomeNet": "None", "netInterestIncome": "-950020000", "interestIncome": "None", "interestExpense": "950020000", "nonInterestIncome": "None", "otherNonOperatingIncome": "66489000", "depreciation": "None", "depreciationAndAmortization": "197632000", "incomeBeforeTax": "-1570403000", "incomeTaxExpense": "2318000", "interestAndDebtExpense": "None", "netIncomeFromContinuingOperations": "-1572721000", "comprehensiveIncomeNetOfTax": "None", "ebit": "-620383000", "ebitda": "-422751000", "netIncome": "-1572721000"}, {"fiscalDateEnding": "2021-09-30", "reportedCurrency": "USD", "grossProfit": "-286675000", "totalRevenue": "153081000", "costOfRevenue": "439756000", "costofGoodsAndServicesSold": "439756000", "operatingIncome": "-689106000", "sellingGeneralAndAdministrative": "229142", "researchAndDevelopment": "None", "operatingExpenses": "402431000", "investmentIncomeNet": "None", "netInterestIncome": "-161205000", "interestIncome": "None", "interestExpense": "161205000", "nonInterestIncome": "None", "otherNonOperatingIncome": "4720000", "depreciation": "None", "depreciationAndAmortization": "188527000", "incomeBeforeTax": "-845591000", "incomeTaxExpense": "294000", "interestAndDebtExpense": "None", "netIncomeFromContinuingOperations": "-845885000", "comprehensiveIncomeNetOfTax": "None", "ebit": "-684386000", "ebitda": "-495859000", "netIncome": "-845885000"}, {"fiscalDateEnding": "2021-06-30", "reportedCurrency": "USD", "grossProfit": "-245359000", "totalRevenue": "4368000", "costOfRevenue": "249727000", "costofGoodsAndServicesSold": "249727000", "operatingIncome": "-605104000", "sellingGeneralAndAdministrative": "185483000", "researchAndDevelopment": "None", "operatingExpenses": "359745000", "investmentIncomeNet": "None", "netInterestIncome": "-137259000", "interestIncome": "None", "interestExpense": "137259000", "nonInterestIncome": "None", "otherNonOperatingIncome": "25501000", "depreciation": "None", "depreciationAndAmortization": "188637000", "incomeBeforeTax": "-716862000", "incomeTaxExpense": "927000", "interestAndDebtExpense": "None", "netIncomeFromContinuingOperations": "-717789000", "comprehensiveIncomeNetOfTax": "None", "ebit": "-579603000", "ebitda": "-390966000", "netIncome": "-717789000"}, {"fiscalDateEnding": "2021-03-31", "reportedCurrency": "USD", "grossProfit": "-197755000", "totalRevenue": "3100000", "costOfRevenue": "200855000", "costofGoodsAndServicesSold": "200855000", "operatingIncome": "-571266000", "sellingGeneralAndAdministrative": "203195000", "researchAndDevelopment": "None", "operatingExpenses": "373511000", "investmentIncomeNet": "None", "netInterestIncome": "-824441000", "interestIncome": "150441000", "interestExpense": "824441000", "nonInterestIncome": "None", "otherNonOperatingIncome": "27243000", "depreciation": "None", "depreciationAndAmortization": "183808000", "incomeBeforeTax": "-1368464000", "incomeTaxExpense": "1728000", "interestAndDebtExpense": "None", "netIncomeFromContinuingOperations": "-1370192000", "comprehensiveIncomeNetOfTax": "None", "ebit": "-544023000", "ebitda": "-360215000", "netIncome": "-1370192000"}, {"fiscalDateEnding": "2020-12-31", "reportedCurrency": "USD", "grossProfit": "-197413000", "totalRevenue": "9579000", "costOfRevenue": "206992000", "costofGoodsAndServicesSold": "206992000", "operatingIncome": "-546880000", "sellingGeneralAndAdministrative": "186564000", "researchAndDevelopment": "None", "operatingExpenses": "349467000", "investmentIncomeNet": "None", "netInterestIncome": "-159205000", "interestIncome": "103615000", "interestExpense": "159205000", "nonInterestIncome": "None", "otherNonOperatingIncome": "-1324000", "depreciation": "None", "depreciationAndAmortization": "162903000", "incomeBeforeTax": "-707409000", "incomeTaxExpense": "31524000", "interestAndDebtExpense": "None", "netIncomeFromContinuingOperations": "-738933000", "comprehensiveIncomeNetOfTax": "None", "ebit": "-548204000", "ebitda": "-385301000", "netIncome": "-738933000"}, {"fiscalDateEnding": "2020-09-30", "reportedCurrency": "USD", "grossProfit": "-183639000", "totalRevenue": "6518000", "costOfRevenue": "190157000", "costofGoodsAndServicesSold": "190157000", "operatingIncome": "-517783000", "sellingGeneralAndAdministrative": "156656000", "researchAndDevelopment": "None", "operatingExpenses": "334144000", "investmentIncomeNet": "None", "netInterestIncome": "-139664000", "interestIncome": "146300000", "interestExpense": "139664000", "nonInterestIncome": "None", "otherNonOperatingIncome": "-23680000", "depreciation": "None", "depreciationAndAmortization": "185833000", "incomeBeforeTax": "-681127000", "incomeTaxExpense": "-3761000", "interestAndDebtExpense": "None", "netIncomeFromContinuingOperations": "-677366000", "comprehensiveIncomeNetOfTax": "None", "ebit": "-541463000", "ebitda": "-355630000", "netIncome": "-677366000"}, {"fiscalDateEnding": "2020-06-30", "reportedCurrency": "USD", "grossProfit": "-284723000", "totalRevenue": "16929000", "costOfRevenue": "301652000", "costofGoodsAndServicesSold": "301652000", "operatingIncome": "-595411000", "sellingGeneralAndAdministrative": "131436000", "researchAndDevelopment": "None", "operatingExpenses": "310688000", "investmentIncomeNet": "None", "netInterestIncome": "-114537000", "interestIncome": "135696000", "interestExpense": "114537000", "nonInterestIncome": "None", "otherNonOperatingIncome": "-14418000", "depreciation": "None", "depreciationAndAmortization": "184180000", "incomeBeforeTax": "-724366000", "incomeTaxExpense": "-9123000", "interestAndDebtExpense": "None", "netIncomeFromContinuingOperations": "-715243000", "comprehensiveIncomeNetOfTax": "None", "ebit": "-609829000", "ebitda": "-425649000", "netIncome": "-715243000"}, {"fiscalDateEnding": "2020-03-31", "reportedCurrency": "USD", "grossProfit": "252622000", "totalRevenue": "1246882000", "costOfRevenue": "994260000", "costofGoodsAndServicesSold": "994260000", "operatingIncome": "-1824061000", "sellingGeneralAndAdministrative": "270689000", "researchAndDevelopment": "None", "operatingExpenses": "468886000", "investmentIncomeNet": "None", "netInterestIncome": "-68907000", "interestIncome": "68507000", "interestExpense": "68907000", "nonInterestIncome": "None", "otherNonOperatingIncome": "5823000", "depreciation": "None", "depreciationAndAmortization": "195195000", "incomeBeforeTax": "-1887145000", "incomeTaxExpense": "-6173000", "interestAndDebtExpense": "None", "netIncomeFromContinuingOperations": "-1880972000", "comprehensiveIncomeNetOfTax": "None", "ebit": "-207439000", "ebitda": "-12244000", "netIncome": "-1880972000"}, {"fiscalDateEnding": "2019-12-31", "reportedCurrency": "USD", "grossProfit": "593196000", "totalRevenue": "1480618000", "costOfRevenue": "887422000", "costofGoodsAndServicesSold": "887422000", "operatingIncome": "199376000", "sellingGeneralAndAdministrative": "229859000", "researchAndDevelopment": "None", "operatingExpenses": "393820000", "investmentIncomeNet": "None", "netInterestIncome": "-73207000", "interestIncome": "63799000", "interestExpense": "73207000", "nonInterestIncome": "None", "otherNonOperatingIncome": "-7278000", "depreciation": "None", "depreciationAndAmortization": "164605000", "incomeBeforeTax": "118891000", "incomeTaxExpense": "-2406000", "interestAndDebtExpense": "None", "netIncomeFromContinuingOperations": "121297000", "comprehensiveIncomeNetOfTax": "None", "ebit": "192098000", "ebitda": "356703000", "netIncome": "121297000"}, {"fiscalDateEnding": "2019-09-30", "reportedCurrency": "USD", "grossProfit": "923087000", "totalRevenue": "1913851000", "costOfRevenue": "990764000", "costofGoodsAndServicesSold": "990764000", "operatingIncome": "511724000", "sellingGeneralAndAdministrative": "255148000", "researchAndDevelopment": "None", "operatingExpenses": "411363000", "investmentIncomeNet": "None", "netInterestIncome": "-60188000", "interestIncome": "60188000", "interestExpense": "60188000", "nonInterestIncome": "None", "otherNonOperatingIncome": "10251000", "depreciation": "None", "depreciationAndAmortization": "156026000", "incomeBeforeTax": "461787000", "incomeTaxExpense": "11203000", "interestAndDebtExpense": "None", "netIncomeFromContinuingOperations": "450584000", "comprehensiveIncomeNetOfTax": "None", "ebit": "522164000", "ebitda": "678190000", "netIncome": "450584000"}, {"fiscalDateEnding": "2019-06-30", "reportedCurrency": "USD", "grossProfit": "705853000", "totalRevenue": "1664277000", "costOfRevenue": "958424000", "costofGoodsAndServicesSold": "958424000", "operatingIncome": "308681000", "sellingGeneralAndAdministrative": "240901000", "researchAndDevelopment": "None", "operatingExpenses": "397172000", "investmentIncomeNet": "None", "netInterestIncome": "-65969000", "interestIncome": "64794000", "interestExpense": "65969000", "nonInterestIncome": "None", "otherNonOperatingIncome": "3616000", "depreciation": "None", "depreciationAndAmortization": "156757000", "incomeBeforeTax": "246328000", "incomeTaxExpense": "6138000", "interestAndDebtExpense": "None", "netIncomeFromContinuingOperations": "240190000", "comprehensiveIncomeNetOfTax": "None", "ebit": "312297000", "ebitda": "469054000", "netIncome": "240190000"}, {"fiscalDateEnding": "2019-03-31", "reportedCurrency": "USD", "grossProfit": "576979000", "totalRevenue": "1403630000", "costOfRevenue": "826651000", "costofGoodsAndServicesSold": "826651000", "operatingIncome": "158296000", "sellingGeneralAndAdministrative": "248942000", "researchAndDevelopment": "None", "operatingExpenses": "418683000", "investmentIncomeNet": "None", "netInterestIncome": "-73503000", "interestIncome": "67410000", "interestExpense": "73503000", "nonInterestIncome": "None", "otherNonOperatingIncome": "-434000", "depreciation": "None", "depreciationAndAmortization": "169714000", "incomeBeforeTax": "84359000", "incomeTaxExpense": "-33798000", "interestAndDebtExpense": "None", "netIncomeFromContinuingOperations": "118157000", "comprehensiveIncomeNetOfTax": "None", "ebit": "157889000", "ebitda": "327603000", "netIncome": "118157000"}, {"fiscalDateEnding": "2018-12-31", "reportedCurrency": "USD", "grossProfit": "563935000", "totalRevenue": "1381193000", "costOfRevenue": "817258000", "costofGoodsAndServicesSold": "817258000", "operatingIncome": "209580000", "sellingGeneralAndAdministrative": "208943000", "researchAndDevelopment": "0", "operatingExpenses": "354355000", "investmentIncomeNet": "None", "netInterestIncome": "None", "interestIncome": "None", "interestExpense": "68178000", "nonInterestIncome": "None", "otherNonOperatingIncome": "9299000", "depreciation": "None", "depreciationAndAmortization": "146818000", "incomeBeforeTax": "150701000", "incomeTaxExpense": "-3933000", "interestAndDebtExpense": "None", "netIncomeFromContinuingOperations": "154634000", "comprehensiveIncomeNetOfTax": "None", "ebit": "218879000", "ebitda": "365697000", "netIncome": "154634000"}, {"fiscalDateEnding": "2018-09-30", "reportedCurrency": "USD", "grossProfit": "929412000", "totalRevenue": "1858356000", "costOfRevenue": "928944000", "costofGoodsAndServicesSold": "928944000", "operatingIncome": "550276000", "sellingGeneralAndAdministrative": "235436000", "researchAndDevelopment": "0", "operatingExpenses": "379136000", "investmentIncomeNet": "None", "netInterestIncome": "None", "interestIncome": "None", "interestExpense": "69540000", "nonInterestIncome": "None", "otherNonOperatingIncome": "98000", "depreciation": "None", "depreciationAndAmortization": "145312000", "incomeBeforeTax": "480834000", "incomeTaxExpense": "10456000", "interestAndDebtExpense": "None", "netIncomeFromContinuingOperations": "470378000", "comprehensiveIncomeNetOfTax": "None", "ebit": "550374000", "ebitda": "695686000", "netIncome": "470378000"}, {"fiscalDateEnding": "2018-06-30", "reportedCurrency": "USD", "grossProfit": "659391000", "totalRevenue": "1522174000", "costOfRevenue": "862783000", "costofGoodsAndServicesSold": "862783000", "operatingIncome": "292152000", "sellingGeneralAndAdministrative": "226535000", "researchAndDevelopment": "0", "operatingExpenses": "367239000", "investmentIncomeNet": "None", "netInterestIncome": "None", "interestIncome": "None", "interestExpense": "72988000", "nonInterestIncome": "None", "otherNonOperatingIncome": "12922000", "depreciation": "None", "depreciationAndAmortization": "140296000", "incomeBeforeTax": "232086000", "incomeTaxExpense": "5410000", "interestAndDebtExpense": "None", "netIncomeFromContinuingOperations": "226676000", "comprehensiveIncomeNetOfTax": "None", "ebit": "305482000", "ebitda": "445778000", "netIncome": "226676000"}, {"fiscalDateEnding": "2018-03-31", "reportedCurrency": "USD", "grossProfit": "525312000", "totalRevenue": "1293403000", "costOfRevenue": "768091000", "costofGoodsAndServicesSold": "768091000", "operatingIncome": "167053000", "sellingGeneralAndAdministrative": "227015000", "researchAndDevelopment": "0", "operatingExpenses": "358259000", "investmentIncomeNet": "None", "netInterestIncome": "None", "interestIncome": "None", "interestExpense": "59698000", "nonInterestIncome": "None", "otherNonOperatingIncome": "-1666000", "depreciation": "None", "depreciationAndAmortization": "134546000", "incomeBeforeTax": "105689000", "incomeTaxExpense": "2534000", "interestAndDebtExpense": "None", "netIncomeFromContinuingOperations": "103155000", "comprehensiveIncomeNetOfTax": "None", "ebit": "165387000", "ebitda": "299933000", "netIncome": "103155000"}, {"fiscalDateEnding": "2017-12-31", "reportedCurrency": "USD", "grossProfit": "496114000", "totalRevenue": "1249553000", "costOfRevenue": "753439000", "costofGoodsAndServicesSold": "753439000", "operatingIncome": "177194000", "sellingGeneralAndAdministrative": "185841000", "researchAndDevelopment": "0", "operatingExpenses": "318920000", "investmentIncomeNet": "None", "netInterestIncome": "None", "interestIncome": "None", "interestExpense": "84309000", "nonInterestIncome": "None", "otherNonOperatingIncome": "-10401000", "depreciation": "None", "depreciationAndAmortization": "133079000", "incomeBeforeTax": "94170000", "incomeTaxExpense": "-4627000", "interestAndDebtExpense": "None", "netIncomeFromContinuingOperations": "98797000", "comprehensiveIncomeNetOfTax": "None", "ebit": "178479000", "ebitda": "311558000", "netIncome": "98797000"}, {"fiscalDateEnding": "2017-09-30", "reportedCurrency": "USD", "grossProfit": "813573000", "totalRevenue": "1651738000", "costOfRevenue": "838165000", "costofGoodsAndServicesSold": "838165000", "operatingIncome": "476820000", "sellingGeneralAndAdministrative": "202221000", "researchAndDevelopment": "0", "operatingExpenses": "336753000", "investmentIncomeNet": "None", "netInterestIncome": "None", "interestIncome": "None", "interestExpense": "66339000", "nonInterestIncome": "None", "otherNonOperatingIncome": "None", "depreciation": "None", "depreciationAndAmortization": "137339000", "incomeBeforeTax": "407219000", "incomeTaxExpense": "6527000", "interestAndDebtExpense": "None", "netIncomeFromContinuingOperations": "400692000", "comprehensiveIncomeNetOfTax": "None", "ebit": "473558000", "ebitda": "610897000", "netIncome": "400692000"}, {"fiscalDateEnding": "2017-06-30", "reportedCurrency": "USD", "grossProfit": "591861000", "totalRevenue": "1344103000", "costOfRevenue": "752242000", "costofGoodsAndServicesSold": "752242000", "operatingIncome": "275071000", "sellingGeneralAndAdministrative": "193649000", "researchAndDevelopment": "0", "operatingExpenses": "316790000", "investmentIncomeNet": "None", "netInterestIncome": "None", "interestIncome": "None", "interestExpense": "64196000", "nonInterestIncome": "None", "otherNonOperatingIncome": "None", "depreciation": "None", "depreciationAndAmortization": "123141000", "incomeBeforeTax": "205266000", "incomeTaxExpense": "6793000", "interestAndDebtExpense": "None", "netIncomeFromContinuingOperations": "198473000", "comprehensiveIncomeNetOfTax": "None", "ebit": "269462000", "ebitda": "392603000", "netIncome": "198473000"}, {"fiscalDateEnding": "2017-03-31", "reportedCurrency": "USD", "grossProfit": "430983000", "totalRevenue": "1150781000", "costOfRevenue": "719798000", "costofGoodsAndServicesSold": "719798000", "operatingIncome": "119734000", "sellingGeneralAndAdministrative": "192044000", "researchAndDevelopment": "0", "operatingExpenses": "311249000", "investmentIncomeNet": "None", "netInterestIncome": "None", "interestIncome": "None", "interestExpense": "52960000", "nonInterestIncome": "None", "otherNonOperatingIncome": "None", "depreciation": "None", "depreciationAndAmortization": "121593000", "incomeBeforeTax": "63959000", "incomeTaxExpense": "2049000", "interestAndDebtExpense": "None", "netIncomeFromContinuingOperations": "61910000", "comprehensiveIncomeNetOfTax": "None", "ebit": "116919000", "ebitda": "238512000", "netIncome": "61910000"}, {"fiscalDateEnding": "2016-12-31", "reportedCurrency": "USD", "grossProfit": "430027000", "totalRevenue": "1125137000", "costOfRevenue": "695110000", "costofGoodsAndServicesSold": "695110000", "operatingIncome": "153550000", "sellingGeneralAndAdministrative": "161462000", "researchAndDevelopment": "0", "operatingExpenses": "276477000", "investmentIncomeNet": "None", "netInterestIncome": "None", "interestIncome": "None", "interestExpense": "88023000", "nonInterestIncome": "None", "otherNonOperatingIncome": "-8302000", "depreciation": "None", "depreciationAndAmortization": "115015000", "incomeBeforeTax": "70506000", "incomeTaxExpense": "-1726000", "interestAndDebtExpense": "None", "netIncomeFromContinuingOperations": "72232000", "comprehensiveIncomeNetOfTax": "None", "ebit": "158529000", "ebitda": "273544000", "netIncome": "72232000"}, {"fiscalDateEnding": "2016-09-30", "reportedCurrency": "USD", "grossProfit": "700002000", "totalRevenue": "1484736000", "costOfRevenue": "784734000", "costofGoodsAndServicesSold": "784734000", "operatingIncome": "413614000", "sellingGeneralAndAdministrative": "174813000", "researchAndDevelopment": "0", "operatingExpenses": "286388000", "investmentIncomeNet": "None", "netInterestIncome": "None", "interestIncome": "None", "interestExpense": "60662000", "nonInterestIncome": "None", "otherNonOperatingIncome": "None", "depreciation": "None", "depreciationAndAmortization": "115098000", "incomeBeforeTax": "347619000", "incomeTaxExpense": "5241000", "interestAndDebtExpense": "None", "netIncomeFromContinuingOperations": "342378000", "comprehensiveIncomeNetOfTax": "None", "ebit": "408281000", "ebitda": "523379000", "netIncome": "342378000"}, {"fiscalDateEnding": "2016-06-30", "reportedCurrency": "USD", "grossProfit": "480935000", "totalRevenue": "1186835000", "costOfRevenue": "705900000", "costofGoodsAndServicesSold": "705900000", "operatingIncome": "227018000", "sellingGeneralAndAdministrative": "149307000", "researchAndDevelopment": "0", "operatingExpenses": "253917000", "investmentIncomeNet": "None", "netInterestIncome": "None", "interestIncome": "None", "interestExpense": "68420000", "nonInterestIncome": "None", "otherNonOperatingIncome": "None", "depreciation": "None", "depreciationAndAmortization": "107582000", "incomeBeforeTax": "147845000", "incomeTaxExpense": "2599000", "interestAndDebtExpense": "None", "netIncomeFromContinuingOperations": "145246000", "comprehensiveIncomeNetOfTax": "None", "ebit": "216265000", "ebitda": "323847000", "netIncome": "145246000"}, {"fiscalDateEnding": "2016-03-31", "reportedCurrency": "USD", "grossProfit": "413151000", "totalRevenue": "1077632000", "costOfRevenue": "664481000", "costofGoodsAndServicesSold": "664481000", "operatingIncome": "131282000", "sellingGeneralAndAdministrative": "180574000", "researchAndDevelopment": "0", "operatingExpenses": "281869000", "investmentIncomeNet": "None", "netInterestIncome": "None", "interestIncome": "None", "interestExpense": "59754000", "nonInterestIncome": "None", "otherNonOperatingIncome": "None", "depreciation": "None", "depreciationAndAmortization": "104686000", "incomeBeforeTax": "74333000", "incomeTaxExpense": "1104000", "interestAndDebtExpense": "None", "netIncomeFromContinuingOperations": "73229000", "comprehensiveIncomeNetOfTax": "None", "ebit": "134087000", "ebitda": "238773000", "netIncome": "73229000"}, {"fiscalDateEnding": "2015-12-31", "reportedCurrency": "USD", "grossProfit": "378775000", "totalRevenue": "1036523000", "costOfRevenue": "657748000", "costofGoodsAndServicesSold": "657748000", "operatingIncome": "117922000", "sellingGeneralAndAdministrative": "143120000", "researchAndDevelopment": "0", "operatingExpenses": "260853000", "investmentIncomeNet": "None", "netInterestIncome": "None", "interestIncome": "None", "interestExpense": "68690000", "nonInterestIncome": "None", "otherNonOperatingIncome": "-12812000", "depreciation": "None", "depreciationAndAmortization": "122474000", "incomeBeforeTax": "38153000", "incomeTaxExpense": "-159000", "interestAndDebtExpense": "None", "netIncomeFromContinuingOperations": "38312000", "comprehensiveIncomeNetOfTax": "None", "ebit": "106843000", "ebitda": "229317000", "netIncome": "38312000"}, {"fiscalDateEnding": "2015-09-30", "reportedCurrency": "USD", "grossProfit": "567188000", "totalRevenue": "1284910000", "costOfRevenue": "717722000", "costofGoodsAndServicesSold": "717722000", "operatingIncome": "306832000", "sellingGeneralAndAdministrative": "150558000", "researchAndDevelopment": "0", "operatingExpenses": "260356000", "investmentIncomeNet": "None", "netInterestIncome": "None", "interestIncome": "None", "interestExpense": "49784000", "nonInterestIncome": "None", "otherNonOperatingIncome": "None", "depreciation": "None", "depreciationAndAmortization": "113144000", "incomeBeforeTax": "255315000", "incomeTaxExpense": "3528000", "interestAndDebtExpense": "None", "netIncomeFromContinuingOperations": "251787000", "comprehensiveIncomeNetOfTax": "None", "ebit": "305099000", "ebitda": "418243000", "netIncome": "251787000"}, {"fiscalDateEnding": "2015-06-30", "reportedCurrency": "USD", "grossProfit": "429154000", "totalRevenue": "1085433000", "costOfRevenue": "656279000", "costofGoodsAndServicesSold": "656279000", "operatingIncome": "217383000", "sellingGeneralAndAdministrative": "107164000", "researchAndDevelopment": "0", "operatingExpenses": "211771000", "investmentIncomeNet": "None", "netInterestIncome": "None", "interestIncome": "None", "interestExpense": "52446000", "nonInterestIncome": "None", "otherNonOperatingIncome": "-3717000", "depreciation": "None", "depreciationAndAmortization": "110184000", "incomeBeforeTax": "161220000", "incomeTaxExpense": "2726000", "interestAndDebtExpense": "None", "netIncomeFromContinuingOperations": "158494000", "comprehensiveIncomeNetOfTax": "None", "ebit": "213666000", "ebitda": "323850000", "netIncome": "158494000"}, {"fiscalDateEnding": "2015-03-31", "reportedCurrency": "USD", "grossProfit": "314482000", "totalRevenue": "938182000", "costOfRevenue": "623700000", "costofGoodsAndServicesSold": "623700000", "operatingIncome": "60349000", "sellingGeneralAndAdministrative": "154157000", "researchAndDevelopment": "0", "operatingExpenses": "254133000", "investmentIncomeNet": "None", "netInterestIncome": "None", "interestIncome": "None", "interestExpense": "50989000", "nonInterestIncome": "None", "otherNonOperatingIncome": "-30139000", "depreciation": "None", "depreciationAndAmortization": "104533000", "incomeBeforeTax": "-20779000", "incomeTaxExpense": "677000", "interestAndDebtExpense": "None", "netIncomeFromContinuingOperations": "-21456000", "comprehensiveIncomeNetOfTax": "None", "ebit": "30210000", "ebitda": "134743000", "netIncome": "-21456000"}, {"fiscalDateEnding": "2014-12-31", "reportedCurrency": "USD", "grossProfit": "270289000", "totalRevenue": "788909000", "costOfRevenue": "518620000", "costofGoodsAndServicesSold": "518620000", "operatingIncome": "46442000", "sellingGeneralAndAdministrative": "14486000", "researchAndDevelopment": "0", "operatingExpenses": "223847000", "investmentIncomeNet": "None", "netInterestIncome": "None", "interestIncome": "None", "interestExpense": "56438000", "nonInterestIncome": "None", "otherNonOperatingIncome": "-14158000", "depreciation": "None", "depreciationAndAmortization": "91571000", "incomeBeforeTax": "-24154000", "incomeTaxExpense": "1494000", "interestAndDebtExpense": "None", "netIncomeFromContinuingOperations": "-25648000", "comprehensiveIncomeNetOfTax": "None", "ebit": "32284000", "ebitda": "123855000", "netIncome": "-25609000"}, {"fiscalDateEnding": "2014-09-30", "reportedCurrency": "USD", "grossProfit": "395719000", "totalRevenue": "907017000", "costOfRevenue": "511298000", "costofGoodsAndServicesSold": "511298000", "operatingIncome": "234822000", "sellingGeneralAndAdministrative": "97111000", "researchAndDevelopment": "0", "operatingExpenses": "160897000", "investmentIncomeNet": "None", "netInterestIncome": "None", "interestIncome": "None", "interestExpense": "32284000", "nonInterestIncome": "None", "otherNonOperatingIncome": "3242000", "depreciation": "None", "depreciationAndAmortization": "72078000", "incomeBeforeTax": "205780000", "incomeTaxExpense": "2502000", "interestAndDebtExpense": "None", "netIncomeFromContinuingOperations": "203278000", "comprehensiveIncomeNetOfTax": "None", "ebit": "238064000", "ebitda": "310142000", "netIncome": "201078000"}, {"fiscalDateEnding": "2014-06-30", "reportedCurrency": "USD", "grossProfit": "295131000", "totalRevenue": "765927000", "costOfRevenue": "470796000", "costofGoodsAndServicesSold": "470796000", "operatingIncome": "148588000", "sellingGeneralAndAdministrative": "146543000", "researchAndDevelopment": "0", "operatingExpenses": "146543000", "investmentIncomeNet": "None", "netInterestIncome": "None", "interestIncome": "None", "interestExpense": "31860000", "nonInterestIncome": "None", "otherNonOperatingIncome": "-325000", "depreciation": "None", "depreciationAndAmortization": "71520000", "incomeBeforeTax": "116403000", "incomeTaxExpense": "3124000", "interestAndDebtExpense": "None", "netIncomeFromContinuingOperations": "113279000", "comprehensiveIncomeNetOfTax": "None", "ebit": "148263000", "ebitda": "219783000", "netIncome": "111616000"}, {"fiscalDateEnding": "2014-03-31", "reportedCurrency": "USD", "grossProfit": "218118000", "totalRevenue": "664028000", "costOfRevenue": "445910000", "costofGoodsAndServicesSold": "445910000", "operatingIncome": "73089000", "sellingGeneralAndAdministrative": "145029000", "researchAndDevelopment": "0", "operatingExpenses": "145029000", "investmentIncomeNet": "None", "netInterestIncome": "None", "interestIncome": "None", "interestExpense": "31172000", "nonInterestIncome": "None", "otherNonOperatingIncome": "388000", "depreciation": "None", "depreciationAndAmortization": "69708000", "incomeBeforeTax": "42305000", "incomeTaxExpense": "-9387000", "interestAndDebtExpense": "None", "netIncomeFromContinuingOperations": "51692000", "comprehensiveIncomeNetOfTax": "None", "ebit": "73477000", "ebitda": "143185000", "netIncome": "51267000"}, {"fiscalDateEnding": "2013-12-31", "reportedCurrency": "USD", "grossProfit": "182556000", "totalRevenue": "600345000", "costOfRevenue": "417789000", "costofGoodsAndServicesSold": "417789000", "operatingIncome": "61430000", "sellingGeneralAndAdministrative": "121126000", "researchAndDevelopment": "0", "operatingExpenses": "121126000", "investmentIncomeNet": "None", "netInterestIncome": "None", "interestIncome": "None", "interestExpense": "24633000", "nonInterestIncome": "None", "otherNonOperatingIncome": "2432000", "depreciation": "None", "depreciationAndAmortization": "64968000", "incomeBeforeTax": "37032000", "incomeTaxExpense": "625000", "interestAndDebtExpense": "None", "netIncomeFromContinuingOperations": "36407000", "comprehensiveIncomeNetOfTax": "None", "ebit": "61665000", "ebitda": "126633000", "netIncome": "36092000"}, {"fiscalDateEnding": "2013-09-30", "reportedCurrency": "USD", "grossProfit": "341783000", "totalRevenue": "797885000", "costOfRevenue": "456102000", "costofGoodsAndServicesSold": "456102000", "operatingIncome": "208080000", "sellingGeneralAndAdministrative": "133703000", "researchAndDevelopment": "0", "operatingExpenses": "133703000", "investmentIncomeNet": "None", "netInterestIncome": "None", "interestIncome": "None", "interestExpense": "26627000", "nonInterestIncome": "None", "otherNonOperatingIncome": "-626000", "depreciation": "None", "depreciationAndAmortization": "64197000", "incomeBeforeTax": "180827000", "incomeTaxExpense": "7933000", "interestAndDebtExpense": "None", "netIncomeFromContinuingOperations": "172894000", "comprehensiveIncomeNetOfTax": "None", "ebit": "207454000", "ebitda": "271651000", "netIncome": "170858000"}, {"fiscalDateEnding": "2013-06-30", "reportedCurrency": "USD", "grossProfit": "223354000", "totalRevenue": "644433000", "costOfRevenue": "421079000", "costofGoodsAndServicesSold": "421079000", "operatingIncome": "95389000", "sellingGeneralAndAdministrative": "127965000", "researchAndDevelopment": "0", "operatingExpenses": "127965000", "investmentIncomeNet": "None", "netInterestIncome": "None", "interestIncome": "None", "interestExpense": "103686000", "nonInterestIncome": "None", "otherNonOperatingIncome": "429000", "depreciation": "None", "depreciationAndAmortization": "60466000", "incomeBeforeTax": "-7868000", "incomeTaxExpense": "1047000", "interestAndDebtExpense": "None", "netIncomeFromContinuingOperations": "-8915000", "comprehensiveIncomeNetOfTax": "None", "ebit": "95818000", "ebitda": "156284000", "netIncome": "-8841000"}, {"fiscalDateEnding": "2013-03-31", "reportedCurrency": "USD", "grossProfit": "164942000", "totalRevenue": "527631000", "costOfRevenue": "362689000", "costofGoodsAndServicesSold": "362689000", "operatingIncome": "30988000", "sellingGeneralAndAdministrative": "133954000", "researchAndDevelopment": "0", "operatingExpenses": "133954000", "investmentIncomeNet": "None", "netInterestIncome": "None", "interestIncome": "None", "interestExpense": "127656000", "nonInterestIncome": "None", "otherNonOperatingIncome": "-832000", "depreciation": "None", "depreciationAndAmortization": "55480000", "incomeBeforeTax": "-97500000", "incomeTaxExpense": "125719000", "interestAndDebtExpense": "None", "netIncomeFromContinuingOperations": "-97500000", "comprehensiveIncomeNetOfTax": "None", "ebit": "30156000", "ebitda": "85636000", "netIncome": "-96395000"}, {"fiscalDateEnding": "2012-12-31", "reportedCurrency": "USD", "grossProfit": "158577000", "totalRevenue": "503171000", "costOfRevenue": "344594000", "costofGoodsAndServicesSold": "344594000", "operatingIncome": "49505000", "sellingGeneralAndAdministrative": "60435000", "researchAndDevelopment": "0", "operatingExpenses": "109072000", "investmentIncomeNet": "None", "netInterestIncome": "None", "interestIncome": "None", "interestExpense": "47659000", "nonInterestIncome": "None", "otherNonOperatingIncome": "None", "depreciation": "None", "depreciationAndAmortization": "48637000", "incomeBeforeTax": "1053000", "incomeTaxExpense": "39315000", "interestAndDebtExpense": "None", "netIncomeFromContinuingOperations": "0", "comprehensiveIncomeNetOfTax": "None", "ebit": "48712000", "ebitda": "97349000", "netIncome": "1053000"}, {"fiscalDateEnding": "2012-09-30", "reportedCurrency": "USD", "grossProfit": "280340000", "totalRevenue": "674411000", "costOfRevenue": "394071000", "costofGoodsAndServicesSold": "394071000", "operatingIncome": "174138000", "sellingGeneralAndAdministrative": "57779000", "researchAndDevelopment": "0", "operatingExpenses": "106202000", "investmentIncomeNet": "None", "netInterestIncome": "None", "interestIncome": "None", "interestExpense": "47196000", "nonInterestIncome": "None", "otherNonOperatingIncome": "None", "depreciation": "None", "depreciationAndAmortization": "55039000", "incomeBeforeTax": "128188000", "incomeTaxExpense": "48442000", "interestAndDebtExpense": "None", "netIncomeFromContinuingOperations": "0", "comprehensiveIncomeNetOfTax": "None", "ebit": "175384000", "ebitda": "230423000", "netIncome": "128188000"}, {"fiscalDateEnding": "2012-06-30", "reportedCurrency": "USD", "grossProfit": "195493000", "totalRevenue": "583234000", "costOfRevenue": "387741000", "costofGoodsAndServicesSold": "387741000", "operatingIncome": "87006000", "sellingGeneralAndAdministrative": "61807000", "researchAndDevelopment": "0", "operatingExpenses": "108487000", "investmentIncomeNet": "None", "netInterestIncome": "None", "interestIncome": "None", "interestExpense": "54205000", "nonInterestIncome": "None", "otherNonOperatingIncome": "None", "depreciation": "None", "depreciationAndAmortization": "53272000", "incomeBeforeTax": "84936000", "incomeTaxExpense": "50975000", "interestAndDebtExpense": "None", "netIncomeFromContinuingOperations": "0", "comprehensiveIncomeNetOfTax": "None", "ebit": "89076000", "ebitda": "142348000", "netIncome": "36031000"}, {"fiscalDateEnding": "2012-03-31", "reportedCurrency": "USD", "grossProfit": "163403000", "totalRevenue": "515430000", "costOfRevenue": "352027000", "costofGoodsAndServicesSold": "352027000", "operatingIncome": "46444000", "sellingGeneralAndAdministrative": "71162000", "researchAndDevelopment": "0", "operatingExpenses": "116959000", "investmentIncomeNet": "None", "netInterestIncome": "None", "interestIncome": "None", "interestExpense": "50870000", "nonInterestIncome": "None", "otherNonOperatingIncome": "None", "depreciation": "None", "depreciationAndAmortization": "52470000", "incomeBeforeTax": "49454000", "incomeTaxExpense": "43160000", "interestAndDebtExpense": "None", "netIncomeFromContinuingOperations": "0", "comprehensiveIncomeNetOfTax": "None", "ebit": "43434000", "ebitda": "95904000", "netIncome": "3284000"}, {"fiscalDateEnding": "2011-12-31", "reportedCurrency": "USD", "grossProfit": "145064000", "totalRevenue": "488594000", "costOfRevenue": "343530000", "costofGoodsAndServicesSold": "343530000", "operatingIncome": "42389000", "sellingGeneralAndAdministrative": "58173000", "researchAndDevelopment": "0", "operatingExpenses": "102675000", "investmentIncomeNet": "None", "netInterestIncome": "None", "interestIncome": "None", "interestExpense": "45753000", "nonInterestIncome": "None", "otherNonOperatingIncome": "None", "depreciation": "None", "depreciationAndAmortization": "51522000", "incomeBeforeTax": "43858000", "incomeTaxExpense": "48002000", "interestAndDebtExpense": "None", "netIncomeFromContinuingOperations": "0", "comprehensiveIncomeNetOfTax": "None", "ebit": "43361000", "ebitda": "94883000", "netIncome": "-3172000"}, {"fiscalDateEnding": "2011-09-30", "reportedCurrency": "USD", "grossProfit": "269434000", "totalRevenue": "666634000", "costOfRevenue": "397200000", "costofGoodsAndServicesSold": "397200000", "operatingIncome": "162709000", "sellingGeneralAndAdministrative": "60818000", "researchAndDevelopment": "0", "operatingExpenses": "106725000", "investmentIncomeNet": "None", "netInterestIncome": "None", "interestIncome": "None", "interestExpense": "49897000", "nonInterestIncome": "None", "otherNonOperatingIncome": "None", "depreciation": "None", "depreciationAndAmortization": "55719000", "incomeBeforeTax": "160086000", "incomeTaxExpense": "52511000", "interestAndDebtExpense": "None", "netIncomeFromContinuingOperations": "0", "comprehensiveIncomeNetOfTax": "None", "ebit": "165332000", "ebitda": "221051000", "netIncome": "110198000"}, {"fiscalDateEnding": "2011-06-30", "reportedCurrency": "USD", "grossProfit": "185679000", "totalRevenue": "568586000", "costOfRevenue": "382907000", "costofGoodsAndServicesSold": "382907000", "operatingIncome": "76202000", "sellingGeneralAndAdministrative": "132360000", "researchAndDevelopment": "0", "operatingExpenses": "109477000", "investmentIncomeNet": "None", "netInterestIncome": "None", "interestIncome": "None", "interestExpense": "46696000", "nonInterestIncome": "None", "otherNonOperatingIncome": "None", "depreciation": "None", "depreciationAndAmortization": "52055000", "incomeBeforeTax": "75858000", "incomeTaxExpense": "47026000", "interestAndDebtExpense": "None", "netIncomeFromContinuingOperations": "0", "comprehensiveIncomeNetOfTax": "None", "ebit": "76546000", "ebitda": "128601000", "netIncome": "29176000"}, {"fiscalDateEnding": "2011-03-31", "reportedCurrency": "USD", "grossProfit": "151271000", "totalRevenue": "495510000", "costOfRevenue": "344239000", "costofGoodsAndServicesSold": "344239000", "operatingIncome": "34812000", "sellingGeneralAndAdministrative": "None", "researchAndDevelopment": "None", "operatingExpenses": "116459000", "investmentIncomeNet": "None", "netInterestIncome": "None", "interestIncome": "None", "interestExpense": "47879000", "nonInterestIncome": "None", "otherNonOperatingIncome": "None", "depreciation": "None", "depreciationAndAmortization": "51753000", "incomeBeforeTax": "37244000", "incomeTaxExpense": "45437000", "interestAndDebtExpense": "None", "netIncomeFromContinuingOperations": "None", "comprehensiveIncomeNetOfTax": "None", "ebit": "32380000", "ebitda": "84133000", "netIncome": "-10625000"}, {"fiscalDateEnding": "2010-12-31", "reportedCurrency": "USD", "grossProfit": "127100000", "totalRevenue": "483606000", "costOfRevenue": "356506000", "costofGoodsAndServicesSold": "356506000", "operatingIncome": "16545000", "sellingGeneralAndAdministrative": "264152000", "researchAndDevelopment": "0", "operatingExpenses": "110555000", "investmentIncomeNet": "None", "netInterestIncome": "None", "interestIncome": "None", "interestExpense": "54673000", "nonInterestIncome": "None", "otherNonOperatingIncome": "None", "depreciation": "None", "depreciationAndAmortization": "52999000", "incomeBeforeTax": "15341000", "incomeTaxExpense": "55857000", "interestAndDebtExpense": "None", "netIncomeFromContinuingOperations": "0", "comprehensiveIncomeNetOfTax": "None", "ebit": "17749000", "ebitda": "70748000", "netIncome": "-39312000"}, {"fiscalDateEnding": "2010-09-30", "reportedCurrency": "USD", "grossProfit": "258871000", "totalRevenue": "634105000", "costOfRevenue": "375234000", "costofGoodsAndServicesSold": "375234000", "operatingIncome": "137575000", "sellingGeneralAndAdministrative": "None", "researchAndDevelopment": "None", "operatingExpenses": "121296000", "investmentIncomeNet": "None", "netInterestIncome": "None", "interestIncome": "None", "interestExpense": "46213000", "nonInterestIncome": "None", "otherNonOperatingIncome": "None", "depreciation": "None", "depreciationAndAmortization": "52676000", "incomeBeforeTax": "139199000", "incomeTaxExpense": "44574000", "interestAndDebtExpense": "None", "netIncomeFromContinuingOperations": "None", "comprehensiveIncomeNetOfTax": "None", "ebit": "135951000", "ebitda": "188627000", "netIncome": "93001000"}, {"fiscalDateEnding": "2010-06-30", "reportedCurrency": "USD", "grossProfit": "156521000", "totalRevenue": "477915000", "costOfRevenue": "321394000", "costofGoodsAndServicesSold": "321394000", "operatingIncome": "55839000", "sellingGeneralAndAdministrative": "None", "researchAndDevelopment": "None", "operatingExpenses": "100682000", "investmentIncomeNet": "None", "netInterestIncome": "None", "interestIncome": "None", "interestExpense": "37047000", "nonInterestIncome": "None", "otherNonOperatingIncome": "None", "depreciation": "None", "depreciationAndAmortization": "43656000", "incomeBeforeTax": "22070000", "incomeTaxExpense": "70779000", "interestAndDebtExpense": "None", "netIncomeFromContinuingOperations": "None", "comprehensiveIncomeNetOfTax": "None", "ebit": "89608000", "ebitda": "133264000", "netIncome": "-14940000"}, {"fiscalDateEnding": "2010-03-31", "reportedCurrency": "USD", "grossProfit": "122338000", "totalRevenue": "416502000", "costOfRevenue": "294164000", "costofGoodsAndServicesSold": "294164000", "operatingIncome": "20282000", "sellingGeneralAndAdministrative": "None", "researchAndDevelopment": "None", "operatingExpenses": "102056000", "investmentIncomeNet": "None", "netInterestIncome": "None", "interestIncome": "None", "interestExpense": "35839000", "nonInterestIncome": "None", "otherNonOperatingIncome": "None", "depreciation": "None", "depreciationAndAmortization": "42582000", "incomeBeforeTax": "19679000", "incomeTaxExpense": "36414000", "interestAndDebtExpense": "None", "netIncomeFromContinuingOperations": "None", "comprehensiveIncomeNetOfTax": "None", "ebit": "20885000", "ebitda": "63467000", "netIncome": "-16132000"}, {"fiscalDateEnding": "2009-12-31", "reportedCurrency": "USD", "grossProfit": "99891000", "totalRevenue": "401656000", "costOfRevenue": "301765000", "costofGoodsAndServicesSold": "301765000", "operatingIncome": "-995000", "sellingGeneralAndAdministrative": "240176000", "researchAndDevelopment": "0", "operatingExpenses": "100886000", "investmentIncomeNet": "None", "netInterestIncome": "None", "interestIncome": "None", "interestExpense": "37490000", "nonInterestIncome": "None", "otherNonOperatingIncome": "None", "depreciation": "None", "depreciationAndAmortization": "43443000", "incomeBeforeTax": "-1579000", "incomeTaxExpense": "38005000", "interestAndDebtExpense": "None", "netIncomeFromContinuingOperations": "0", "comprehensiveIncomeNetOfTax": "None", "ebit": "-411000", "ebitda": "43032000", "netIncome": "-39000000"}, {"fiscalDateEnding": "2009-09-30", "reportedCurrency": "USD", "grossProfit": "205845000", "totalRevenue": "550676000", "costOfRevenue": "344831000", "costofGoodsAndServicesSold": "344831000", "operatingIncome": "113431000", "sellingGeneralAndAdministrative": "None", "researchAndDevelopment": "None", "operatingExpenses": "92414000", "investmentIncomeNet": "None", "netInterestIncome": "None", "interestIncome": "None", "interestExpense": "25813000", "nonInterestIncome": "None", "otherNonOperatingIncome": "None", "depreciation": "None", "depreciationAndAmortization": "43142000", "incomeBeforeTax": "111306000", "incomeTaxExpense": "27806000", "interestAndDebtExpense": "None", "netIncomeFromContinuingOperations": "None", "comprehensiveIncomeNetOfTax": "None", "ebit": "115556000", "ebitda": "158698000", "netIncome": "85625000"}, {"fiscalDateEnding": "2009-06-30", "reportedCurrency": "USD", "grossProfit": "145809000", "totalRevenue": "478417000", "costOfRevenue": "332608000", "costofGoodsAndServicesSold": "332608000", "operatingIncome": "46020000", "sellingGeneralAndAdministrative": "None", "researchAndDevelopment": "None", "operatingExpenses": "99789000", "investmentIncomeNet": "None", "netInterestIncome": "None", "interestIncome": "None", "interestExpense": "26635000", "nonInterestIncome": "None", "otherNonOperatingIncome": "None", "depreciation": "None", "depreciationAndAmortization": "45132000", "incomeBeforeTax": "41767000", "incomeTaxExpense": "30601000", "interestAndDebtExpense": "None", "netIncomeFromContinuingOperations": "None", "comprehensiveIncomeNetOfTax": "None", "ebit": "50273000", "ebitda": "95405000", "netIncome": "15419000"}, {"fiscalDateEnding": "2009-03-31", "reportedCurrency": "USD", "grossProfit": "114205000", "totalRevenue": "424455000", "costOfRevenue": "310250000", "costofGoodsAndServicesSold": "310250000", "operatingIncome": "12918000", "sellingGeneralAndAdministrative": "None", "researchAndDevelopment": "None", "operatingExpenses": "101287000", "investmentIncomeNet": "None", "netInterestIncome": "None", "interestIncome": "None", "interestExpense": "25412000", "nonInterestIncome": "None", "otherNonOperatingIncome": "None", "depreciation": "None", "depreciationAndAmortization": "37984000", "incomeBeforeTax": "30253000", "incomeTaxExpense": "7729000", "interestAndDebtExpense": "None", "netIncomeFromContinuingOperations": "None", "comprehensiveIncomeNetOfTax": "None", "ebit": "-4417000", "ebitda": "33567000", "netIncome": "5189000"}, {"fiscalDateEnding": "2008-12-31", "reportedCurrency": "USD", "grossProfit": "0", "totalRevenue": "2106401000", "costOfRevenue": "1578481000", "costofGoodsAndServicesSold": "1578481000", "operatingIncome": "0", "sellingGeneralAndAdministrative": "299827000", "researchAndDevelopment": "0", "operatingExpenses": "0", "investmentIncomeNet": "None", "netInterestIncome": "None", "interestIncome": "None", "interestExpense": "156964000", "nonInterestIncome": "None", "otherNonOperatingIncome": "None", "depreciation": "None", "depreciationAndAmortization": "None", "incomeBeforeTax": "0", "incomeTaxExpense": "0", "interestAndDebtExpense": "None", "netIncomeFromContinuingOperations": "0", "comprehensiveIncomeNetOfTax": "None", "ebit": "0", "ebitda": "None", "netIncome": "0"}]}