{"symbol": "WELL", "annualReports": [{"fiscalDateEnding": "2024-12-31", "reportedCurrency": "USD", "grossProfit": "3023407000", "totalRevenue": "7853618000", "costOfRevenue": "4830211000", "costofGoodsAndServicesSold": "4830211000", "operatingIncome": "1145698000", "sellingGeneralAndAdministrative": "235491000", "researchAndDevelopment": "None", "operatingExpenses": "1877709000", "investmentIncomeNet": "None", "netInterestIncome": "-574261000", "interestIncome": "None", "interestExpense": "574261000", "nonInterestIncome": "None", "otherNonOperatingIncome": "None", "depreciation": "None", "depreciationAndAmortization": "1632093000", "incomeBeforeTax": "524442000", "incomeTaxExpense": "-2700000", "interestAndDebtExpense": "None", "netIncomeFromContinuingOperations": "972857000", "comprehensiveIncomeNetOfTax": "None", "ebit": "1098703000", "ebitda": "2730796000", "netIncome": "527142000"}, {"fiscalDateEnding": "2023-12-31", "reportedCurrency": "USD", "grossProfit": "2684365000", "totalRevenue": "6632141000", "costOfRevenue": "3947776000", "costofGoodsAndServicesSold": "3947776000", "operatingIncome": "1116903000", "sellingGeneralAndAdministrative": "179091000", "researchAndDevelopment": "0.05", "operatingExpenses": "2530455000", "investmentIncomeNet": "None", "netInterestIncome": "-593663000", "interestIncome": "None", "interestExpense": "607846000", "nonInterestIncome": "None", "otherNonOperatingIncome": "None", "depreciation": "None", "depreciationAndAmortization": "1443217000", "incomeBeforeTax": "350047000", "incomeTaxExpense": "6364000", "interestAndDebtExpense": "None", "netIncomeFromContinuingOperations": "271497000", "comprehensiveIncomeNetOfTax": "None", "ebit": "957893000", "ebitda": "2401110000", "netIncome": "340094000"}, {"fiscalDateEnding": "2022-12-31", "reportedCurrency": "USD", "grossProfit": "2301845000", "totalRevenue": "5860615000", "costOfRevenue": "3558770000", "costofGoodsAndServicesSold": "3558770000", "operatingIncome": "729097000", "sellingGeneralAndAdministrative": "150390000", "researchAndDevelopment": "0.03", "operatingExpenses": "1471078000", "investmentIncomeNet": "None", "netInterestIncome": "-529519000", "interestIncome": "None", "interestExpense": "529519000", "nonInterestIncome": "None", "otherNonOperatingIncome": "3767000", "depreciation": "None", "depreciationAndAmortization": "4989862000", "incomeBeforeTax": "173062000", "incomeTaxExpense": "7247000", "interestAndDebtExpense": "None", "netIncomeFromContinuingOperations": "160568000", "comprehensiveIncomeNetOfTax": "None", "ebit": "-2976913000", "ebitda": "2012949000", "netIncome": "141214000"}, {"fiscalDateEnding": "2021-12-31", "reportedCurrency": "USD", "grossProfit": "1967553000", "totalRevenue": "4742115000", "costOfRevenue": "2774562000", "costofGoodsAndServicesSold": "2774562000", "operatingIncome": "754251000", "sellingGeneralAndAdministrative": "126727000", "researchAndDevelopment": "0.04", "operatingExpenses": "1171563000", "investmentIncomeNet": "None", "netInterestIncome": "-489853000", "interestIncome": "None", "interestExpense": "489853000", "nonInterestIncome": "None", "otherNonOperatingIncome": "296722000", "depreciation": "None", "depreciationAndAmortization": "3915320000", "incomeBeforeTax": "170750000", "incomeTaxExpense": "8713000", "interestAndDebtExpense": "None", "netIncomeFromContinuingOperations": "374479000", "comprehensiveIncomeNetOfTax": "None", "ebit": "-2217151000", "ebitda": "1698169000", "netIncome": "162037000"}, {"fiscalDateEnding": "2020-12-31", "reportedCurrency": "USD", "grossProfit": "2008144000", "totalRevenue": "4605967000", "costOfRevenue": "2597823000", "costofGoodsAndServicesSold": "2597823000", "operatingIncome": "676542000", "sellingGeneralAndAdministrative": "128394000", "researchAndDevelopment": "0.01", "operatingExpenses": "1261267000", "investmentIncomeNet": "None", "netInterestIncome": "-514388000", "interestIncome": "None", "interestExpense": "514388000", "nonInterestIncome": "None", "otherNonOperatingIncome": "None", "depreciation": "None", "depreciationAndAmortization": "3834171000", "incomeBeforeTax": "-31552000", "incomeTaxExpense": "9968000", "interestAndDebtExpense": "None", "netIncomeFromContinuingOperations": "1038852000", "comprehensiveIncomeNetOfTax": "None", "ebit": "-2312898000", "ebitda": "1521273000", "netIncome": "-41520000"}, {"fiscalDateEnding": "2019-12-31", "reportedCurrency": "USD", "grossProfit": "2431264000", "totalRevenue": "5121306000", "costOfRevenue": "2690042000", "costofGoodsAndServicesSold": "2690042000", "operatingIncome": "1206340000", "sellingGeneralAndAdministrative": "126549000", "researchAndDevelopment": "0.11", "operatingExpenses": "1172312000", "investmentIncomeNet": "None", "netInterestIncome": "-555559000", "interestIncome": "551160000", "interestExpense": "555559000", "nonInterestIncome": "None", "otherNonOperatingIncome": "870231000", "depreciation": "None", "depreciationAndAmortization": "3830450000", "incomeBeforeTax": "542892000", "incomeTaxExpense": "2957000", "interestAndDebtExpense": "None", "netIncomeFromContinuingOperations": "1330410000", "comprehensiveIncomeNetOfTax": "None", "ebit": "-1704926000", "ebitda": "2125524000", "netIncome": "539935000"}, {"fiscalDateEnding": "2018-12-31", "reportedCurrency": "USD", "grossProfit": "2267482000", "totalRevenue": "4700499000", "costOfRevenue": "2433017000", "costofGoodsAndServicesSold": "2433017000", "operatingIncome": "1161229000", "sellingGeneralAndAdministrative": "126383000", "researchAndDevelopment": "0.09", "operatingExpenses": "1076842000", "investmentIncomeNet": "None", "netInterestIncome": "-470778000", "interestIncome": "55814000", "interestExpense": "526592000", "nonInterestIncome": "None", "otherNonOperatingIncome": "414934000", "depreciation": "None", "depreciationAndAmortization": "3491016000", "incomeBeforeTax": "423490000", "incomeTaxExpense": "8674000", "interestAndDebtExpense": "None", "netIncomeFromContinuingOperations": "829750000", "comprehensiveIncomeNetOfTax": "None", "ebit": "-1590475000", "ebitda": "1900541000", "netIncome": "804954000"}, {"fiscalDateEnding": "2017-12-31", "reportedCurrency": "USD", "grossProfit": "2232716000", "totalRevenue": "4316641000", "costOfRevenue": "2083925000", "costofGoodsAndServicesSold": "2083925000", "operatingIncome": "213053000", "sellingGeneralAndAdministrative": "122008000", "researchAndDevelopment": "0.07", "operatingExpenses": "1106694000", "investmentIncomeNet": "None", "netInterestIncome": "-410811000", "interestIncome": "73811000", "interestExpense": "484622000", "nonInterestIncome": "None", "otherNonOperatingIncome": "261125000", "depreciation": "None", "depreciationAndAmortization": "3191864000", "incomeBeforeTax": "299616000", "incomeTaxExpense": "20128000", "interestAndDebtExpense": "None", "netIncomeFromContinuingOperations": "196363000", "comprehensiveIncomeNetOfTax": "None", "ebit": "-1127244000", "ebitda": "2064620000", "netIncome": "522774000"}, {"fiscalDateEnding": "2016-12-31", "reportedCurrency": "USD", "grossProfit": "2404177000", "totalRevenue": "4281160000", "costOfRevenue": "1876983000", "costofGoodsAndServicesSold": "1876983000", "operatingIncome": "1307828000", "sellingGeneralAndAdministrative": "155241000", "researchAndDevelopment": "0.17", "operatingExpenses": "1066698000", "investmentIncomeNet": "None", "netInterestIncome": "-423382000", "interestIncome": "97963000", "interestExpense": "521345000", "nonInterestIncome": "None", "otherNonOperatingIncome": "353689000", "depreciation": "None", "depreciationAndAmortization": "2976806000", "incomeBeforeTax": "709253000", "incomeTaxExpense": "-19128000", "interestAndDebtExpense": "None", "netIncomeFromContinuingOperations": "718024000", "comprehensiveIncomeNetOfTax": "None", "ebit": "-771851000", "ebitda": "2204955000", "netIncome": "1077803000"}, {"fiscalDateEnding": "2015-12-31", "reportedCurrency": "USD", "grossProfit": "2237569000", "totalRevenue": "3859826000", "costOfRevenue": "1622257000", "costofGoodsAndServicesSold": "1622257000", "operatingIncome": "1245207000", "sellingGeneralAndAdministrative": "147416000", "researchAndDevelopment": "0", "operatingExpenses": "973656000", "investmentIncomeNet": "None", "netInterestIncome": "None", "interestIncome": "433742000", "interestExpense": "492169000", "nonInterestIncome": "None", "otherNonOperatingIncome": "258883000", "depreciation": "None", "depreciationAndAmortization": "835249000", "incomeBeforeTax": "636117000", "incomeTaxExpense": "6451000", "interestAndDebtExpense": "None", "netIncomeFromContinuingOperations": "608162000", "comprehensiveIncomeNetOfTax": "None", "ebit": "1152987000", "ebitda": "1988236000", "netIncome": "883750000"}, {"fiscalDateEnding": "2014-12-31", "reportedCurrency": "USD", "grossProfit": "1940188000", "totalRevenue": "3343546000", "costOfRevenue": "1403358000", "costofGoodsAndServicesSold": "1403358000", "operatingIncome": "945240000", "sellingGeneralAndAdministrative": "142943000", "researchAndDevelopment": "0", "operatingExpenses": "987073000", "investmentIncomeNet": "None", "netInterestIncome": "None", "interestIncome": "None", "interestExpense": "481039000", "nonInterestIncome": "None", "otherNonOperatingIncome": "119685000", "depreciation": "None", "depreciationAndAmortization": "851840000", "incomeBeforeTax": "384213000", "incomeTaxExpense": "-1267000", "interestAndDebtExpense": "None", "netIncomeFromContinuingOperations": "358054000", "comprehensiveIncomeNetOfTax": "None", "ebit": "883577000", "ebitda": "1735417000", "netIncome": "512153000"}, {"fiscalDateEnding": "2013-12-31", "reportedCurrency": "USD", "grossProfit": "1673795000", "totalRevenue": "2880608000", "costOfRevenue": "1206813000", "costofGoodsAndServicesSold": "1206813000", "operatingIncome": "693501000", "sellingGeneralAndAdministrative": "108318000", "researchAndDevelopment": "0", "operatingExpenses": "976228000", "investmentIncomeNet": "None", "netInterestIncome": "None", "interestIncome": "None", "interestExpense": "458360000", "nonInterestIncome": "None", "otherNonOperatingIncome": "-8187000", "depreciation": "None", "depreciationAndAmortization": "865800000", "incomeBeforeTax": "102245000", "incomeTaxExpense": "7491000", "interestAndDebtExpense": "None", "netIncomeFromContinuingOperations": "86567000", "comprehensiveIncomeNetOfTax": "None", "ebit": "577322000", "ebitda": "1443122000", "netIncome": "145050000"}, {"fiscalDateEnding": "2012-12-31", "reportedCurrency": "USD", "grossProfit": "1247963000", "totalRevenue": "1818080000", "costOfRevenue": "570117000", "costofGoodsAndServicesSold": "570117000", "operatingIncome": "606474000", "sellingGeneralAndAdministrative": "97341000", "researchAndDevelopment": "0", "operatingExpenses": "638620000", "investmentIncomeNet": "None", "netInterestIncome": "None", "interestIncome": "None", "interestExpense": "365712000", "nonInterestIncome": "None", "otherNonOperatingIncome": "2482000", "depreciation": "None", "depreciationAndAmortization": "548935000", "incomeBeforeTax": "184622000", "incomeTaxExpense": "7612000", "interestAndDebtExpense": "None", "netIncomeFromContinuingOperations": "180523000", "comprehensiveIncomeNetOfTax": "None", "ebit": "547477000", "ebitda": "1096412000", "netIncome": "297255000"}, {"fiscalDateEnding": "2011-12-31", "reportedCurrency": "USD", "grossProfit": "1041686000", "totalRevenue": "1421162000", "costOfRevenue": "379476000", "costofGoodsAndServicesSold": "379476000", "operatingIncome": "155450000", "sellingGeneralAndAdministrative": "77201000", "researchAndDevelopment": "0", "operatingExpenses": "567841000", "investmentIncomeNet": "None", "netInterestIncome": "None", "interestIncome": "None", "interestExpense": "318395000", "nonInterestIncome": "None", "otherNonOperatingIncome": "None", "depreciation": "None", "depreciationAndAmortization": "418406000", "incomeBeforeTax": "156429000", "incomeTaxExpense": "1388000", "interestAndDebtExpense": "None", "netIncomeFromContinuingOperations": "None", "comprehensiveIncomeNetOfTax": "None", "ebit": "158470000", "ebitda": "576876000", "netIncome": "217610000"}, {"fiscalDateEnding": "2010-12-31", "reportedCurrency": "USD", "grossProfit": "597410000", "totalRevenue": "680530000", "costOfRevenue": "83120000", "costofGoodsAndServicesSold": "83120000", "operatingIncome": "315982000", "sellingGeneralAndAdministrative": "54626000", "researchAndDevelopment": "None", "operatingExpenses": "328088000", "investmentIncomeNet": "None", "netInterestIncome": "None", "interestIncome": "None", "interestExpense": "157108000", "nonInterestIncome": "None", "otherNonOperatingIncome": "6673000", "depreciation": "None", "depreciationAndAmortization": "197118000", "incomeBeforeTax": "78043000", "incomeTaxExpense": "364000", "interestAndDebtExpense": "None", "netIncomeFromContinuingOperations": "84352000", "comprehensiveIncomeNetOfTax": "None", "ebit": "190216000", "ebitda": "387334000", "netIncome": "128527000"}, {"fiscalDateEnding": "2009-12-31", "reportedCurrency": "USD", "grossProfit": "523077000", "totalRevenue": "568973000", "costOfRevenue": "45896000", "costofGoodsAndServicesSold": "45896000", "operatingIncome": "186845000", "sellingGeneralAndAdministrative": "49691000", "researchAndDevelopment": "None", "operatingExpenses": "230001000", "investmentIncomeNet": "None", "netInterestIncome": "None", "interestIncome": "None", "interestExpense": "106231000", "nonInterestIncome": "None", "otherNonOperatingIncome": "None", "depreciation": "None", "depreciationAndAmortization": "157049000", "incomeBeforeTax": "161738000", "incomeTaxExpense": "168000", "interestAndDebtExpense": "None", "netIncomeFromContinuingOperations": "None", "comprehensiveIncomeNetOfTax": "None", "ebit": "185132000", "ebitda": "342181000", "netIncome": "193269000"}, {"fiscalDateEnding": "2008-12-31", "reportedCurrency": "USD", "grossProfit": "507224000", "totalRevenue": "551214000", "costOfRevenue": "43990000", "costofGoodsAndServicesSold": "43990000", "operatingIncome": "172970000", "sellingGeneralAndAdministrative": "47193000", "researchAndDevelopment": "None", "operatingExpenses": "203441000", "investmentIncomeNet": "None", "netInterestIncome": "None", "interestIncome": "None", "interestExpense": "130813000", "nonInterestIncome": "None", "otherNonOperatingIncome": "None", "depreciation": "None", "depreciationAndAmortization": "156154000", "incomeBeforeTax": "151671000", "incomeTaxExpense": "1306000", "interestAndDebtExpense": "None", "netIncomeFromContinuingOperations": "None", "comprehensiveIncomeNetOfTax": "None", "ebit": "292553000", "ebitda": "448707000", "netIncome": "288111000"}, {"fiscalDateEnding": "2007-12-31", "reportedCurrency": "USD", "grossProfit": "471585000", "totalRevenue": "486022000", "costOfRevenue": "14437000", "costofGoodsAndServicesSold": "14437000", "operatingIncome": "259024000", "sellingGeneralAndAdministrative": "37653000", "researchAndDevelopment": "None", "operatingExpenses": "226998000", "investmentIncomeNet": "None", "netInterestIncome": "None", "interestIncome": "None", "interestExpense": "134680000", "nonInterestIncome": "None", "otherNonOperatingIncome": "None", "depreciation": "None", "depreciationAndAmortization": "149626000", "incomeBeforeTax": "1778000", "incomeTaxExpense": "117622000", "interestAndDebtExpense": "None", "netIncomeFromContinuingOperations": "None", "comprehensiveIncomeNetOfTax": "None", "ebit": "257943000", "ebitda": "407569000", "netIncome": "141402000"}, {"fiscalDateEnding": "2006-12-31", "reportedCurrency": "USD", "grossProfit": "321557000", "totalRevenue": "322824000", "costOfRevenue": "1267000", "costofGoodsAndServicesSold": "1267000", "operatingIncome": "198319000", "sellingGeneralAndAdministrative": "26004000", "researchAndDevelopment": "None", "operatingExpenses": "124505000", "investmentIncomeNet": "None", "netInterestIncome": "None", "interestIncome": "None", "interestExpense": "94802000", "nonInterestIncome": "None", "otherNonOperatingIncome": "None", "depreciation": "None", "depreciationAndAmortization": "97564000", "incomeBeforeTax": "-2021000", "incomeTaxExpense": "-9956000", "interestAndDebtExpense": "None", "netIncomeFromContinuingOperations": "None", "comprehensiveIncomeNetOfTax": "None", "ebit": "198319000", "ebitda": "295883000", "netIncome": "102750000"}, {"fiscalDateEnding": "2005-12-31", "reportedCurrency": "USD", "grossProfit": "278620000", "totalRevenue": "281847000", "costOfRevenue": "3227000", "costofGoodsAndServicesSold": "3227000", "operatingIncome": "180688000", "sellingGeneralAndAdministrative": "17249000", "researchAndDevelopment": "None", "operatingExpenses": "101159000", "investmentIncomeNet": "None", "netInterestIncome": "None", "interestIncome": "None", "interestExpense": "80050000", "nonInterestIncome": "None", "otherNonOperatingIncome": "None", "depreciation": "None", "depreciationAndAmortization": "89803000", "incomeBeforeTax": "1905000", "incomeTaxExpense": "96402000", "interestAndDebtExpense": "None", "netIncomeFromContinuingOperations": "None", "comprehensiveIncomeNetOfTax": "None", "ebit": "180688000", "ebitda": "270491000", "netIncome": "84286000"}], "quarterlyReports": [{"fiscalDateEnding": "2024-12-31", "reportedCurrency": "USD", "grossProfit": "809935000", "totalRevenue": "2219235000", "costOfRevenue": "1409300000", "costofGoodsAndServicesSold": "1409300000", "operatingIncome": "281067000", "sellingGeneralAndAdministrative": "48707000", "researchAndDevelopment": "None", "operatingExpenses": "528868000", "investmentIncomeNet": "None", "netInterestIncome": "-154469000", "interestIncome": "None", "interestExpense": "154469000", "nonInterestIncome": "None", "otherNonOperatingIncome": "None", "depreciation": "None", "depreciationAndAmortization": "480406000", "incomeBeforeTax": "119857000", "incomeTaxExpense": "-114000", "interestAndDebtExpense": "None", "netIncomeFromContinuingOperations": "123753000", "comprehensiveIncomeNetOfTax": "None", "ebit": "274326000", "ebitda": "754732000", "netIncome": "119971000"}, {"fiscalDateEnding": "2024-09-30", "reportedCurrency": "USD", "grossProfit": "798355000", "totalRevenue": "2011056000", "costOfRevenue": "1212701000", "costofGoodsAndServicesSold": "1212701000", "operatingIncome": "456800000", "sellingGeneralAndAdministrative": "77901000", "researchAndDevelopment": "None", "operatingExpenses": "798355000", "investmentIncomeNet": "None", "netInterestIncome": "-139050000", "interestIncome": "None", "interestExpense": "139050000", "nonInterestIncome": "None", "otherNonOperatingIncome": "None", "depreciation": "None", "depreciationAndAmortization": "403779000", "incomeBeforeTax": "183866000", "incomeTaxExpense": "-4706000", "interestAndDebtExpense": "None", "netIncomeFromContinuingOperations": "456800000", "comprehensiveIncomeNetOfTax": "None", "ebit": "322916000", "ebitda": "726695000", "netIncome": "449849000"}, {"fiscalDateEnding": "2024-06-30", "reportedCurrency": "USD", "grossProfit": "338598000", "totalRevenue": "1823747000", "costOfRevenue": "1485149000", "costofGoodsAndServicesSold": "1485149000", "operatingIncome": "284318000", "sellingGeneralAndAdministrative": "55565000", "researchAndDevelopment": "None", "operatingExpenses": "442773000", "investmentIncomeNet": "None", "netInterestIncome": "-133424000", "interestIncome": "None", "interestExpense": "133424000", "nonInterestIncome": "None", "otherNonOperatingIncome": "None", "depreciation": "None", "depreciationAndAmortization": "382045000", "incomeBeforeTax": "90432000", "incomeTaxExpense": "1101000", "interestAndDebtExpense": "None", "netIncomeFromContinuingOperations": "94227000", "comprehensiveIncomeNetOfTax": "None", "ebit": "284318000", "ebitda": "666363000", "netIncome": "254714000"}, {"fiscalDateEnding": "2024-03-31", "reportedCurrency": "USD", "grossProfit": "396965000", "totalRevenue": "1858713000", "costOfRevenue": "1461748000", "costofGoodsAndServicesSold": "1461748000", "operatingIncome": "348752000", "sellingGeneralAndAdministrative": "53318000", "researchAndDevelopment": "None", "operatingExpenses": "48213000", "investmentIncomeNet": "None", "netInterestIncome": "-147318000", "interestIncome": "None", "interestExpense": "147318000", "nonInterestIncome": "None", "otherNonOperatingIncome": "None", "depreciation": "None", "depreciationAndAmortization": "365863000", "incomeBeforeTax": "140901000", "incomeTaxExpense": "6191000", "interestAndDebtExpense": "None", "netIncomeFromContinuingOperations": "131634000", "comprehensiveIncomeNetOfTax": "None", "ebit": "348752000", "ebitda": "714615000", "netIncome": "127146000"}, {"fiscalDateEnding": "2023-12-31", "reportedCurrency": "USD", "grossProfit": "-529923000", "totalRevenue": "1748695000", "costOfRevenue": "2278618000", "costofGoodsAndServicesSold": "2278618000", "operatingIncome": "-574352000", "sellingGeneralAndAdministrative": "44327000", "researchAndDevelopment": "None", "operatingExpenses": "44429000", "investmentIncomeNet": "None", "netInterestIncome": "-154574000", "interestIncome": "None", "interestExpense": "171536000", "nonInterestIncome": "None", "otherNonOperatingIncome": "None", "depreciation": "None", "depreciationAndAmortization": "1243620000", "incomeBeforeTax": "87463000", "incomeTaxExpense": "-4768000", "interestAndDebtExpense": "None", "netIncomeFromContinuingOperations": "88440000", "comprehensiveIncomeNetOfTax": "None", "ebit": "-574352000", "ebitda": "669268000", "netIncome": "83911000"}, {"fiscalDateEnding": "2023-09-30", "reportedCurrency": "USD", "grossProfit": "666740000", "totalRevenue": "1662013000", "costOfRevenue": "995273000", "costofGoodsAndServicesSold": "995273000", "operatingIncome": "134722000", "sellingGeneralAndAdministrative": "46106000", "researchAndDevelopment": "None", "operatingExpenses": "389479000", "investmentIncomeNet": "None", "netInterestIncome": "-156532000", "interestIncome": "None", "interestExpense": "156532000", "nonInterestIncome": "None", "otherNonOperatingIncome": "None", "depreciation": "None", "depreciationAndAmortization": "339314000", "incomeBeforeTax": "72235000", "incomeTaxExpense": "4584000", "interestAndDebtExpense": "None", "netIncomeFromContinuingOperations": "134722000", "comprehensiveIncomeNetOfTax": "None", "ebit": "228767000", "ebitda": "568081000", "netIncome": "127470000"}, {"fiscalDateEnding": "2023-06-30", "reportedCurrency": "USD", "grossProfit": "706806000", "totalRevenue": "1665478000", "costOfRevenue": "958672000", "costofGoodsAndServicesSold": "958672000", "operatingIncome": "106342000", "sellingGeneralAndAdministrative": "44287000", "researchAndDevelopment": "None", "operatingExpenses": "388688000", "investmentIncomeNet": "None", "netInterestIncome": "-152337000", "interestIncome": "None", "interestExpense": "152337000", "nonInterestIncome": "None", "otherNonOperatingIncome": "-43781000", "depreciation": "None", "depreciationAndAmortization": "341945000", "incomeBeforeTax": "152345000", "incomeTaxExpense": "3503000", "interestAndDebtExpense": "None", "netIncomeFromContinuingOperations": "106342000", "comprehensiveIncomeNetOfTax": "None", "ebit": "304682000", "ebitda": "646627000", "netIncome": "103040000"}, {"fiscalDateEnding": "2023-03-31", "reportedCurrency": "USD", "grossProfit": "602976000", "totalRevenue": "1560729000", "costOfRevenue": "957753000", "costofGoodsAndServicesSold": "957753000", "operatingIncome": "195971000", "sellingGeneralAndAdministrative": "44371000", "researchAndDevelopment": "None", "operatingExpenses": "384260000", "investmentIncomeNet": "None", "netInterestIncome": "-144403000", "interestIncome": "None", "interestExpense": "144403000", "nonInterestIncome": "None", "otherNonOperatingIncome": "-7259000", "depreciation": "None", "depreciationAndAmortization": "339112000", "incomeBeforeTax": "38004000", "incomeTaxExpense": "3045000", "interestAndDebtExpense": "None", "netIncomeFromContinuingOperations": "28635000", "comprehensiveIncomeNetOfTax": "None", "ebit": "182407000", "ebitda": "521519000", "netIncome": "34959000"}, {"fiscalDateEnding": "2022-12-31", "reportedCurrency": "USD", "grossProfit": "579693000", "totalRevenue": "1518531000", "costOfRevenue": "938838000", "costofGoodsAndServicesSold": "938838000", "operatingIncome": "160665000", "sellingGeneralAndAdministrative": "41319000", "researchAndDevelopment": "None", "operatingExpenses": "394074000", "investmentIncomeNet": "None", "netInterestIncome": "-140391000", "interestIncome": "None", "interestExpense": "140391000", "nonInterestIncome": "None", "otherNonOperatingIncome": "8610000", "depreciation": "None", "depreciationAndAmortization": "342286000", "incomeBeforeTax": "6783000", "incomeTaxExpense": "-4088000", "interestAndDebtExpense": "None", "netIncomeFromContinuingOperations": "1798000", "comprehensiveIncomeNetOfTax": "None", "ebit": "160665000", "ebitda": "502951000", "netIncome": "10871000"}, {"fiscalDateEnding": "2022-09-30", "reportedCurrency": "USD", "grossProfit": "561664000", "totalRevenue": "1473844000", "costOfRevenue": "912180000", "costofGoodsAndServicesSold": "912180000", "operatingIncome": "157183000", "sellingGeneralAndAdministrative": "34811000", "researchAndDevelopment": "None", "operatingExpenses": "389000000", "investmentIncomeNet": "None", "netInterestIncome": "-139682000", "interestIncome": "None", "interestExpense": "139682000", "nonInterestIncome": "None", "otherNonOperatingIncome": "-12541000", "depreciation": "None", "depreciationAndAmortization": "353699000", "incomeBeforeTax": "6238000", "incomeTaxExpense": "3257000", "interestAndDebtExpense": "None", "netIncomeFromContinuingOperations": "-2653000", "comprehensiveIncomeNetOfTax": "None", "ebit": "145920000", "ebitda": "499619000", "netIncome": "2981000"}, {"fiscalDateEnding": "2022-06-30", "reportedCurrency": "USD", "grossProfit": "618453000", "totalRevenue": "1472536000", "costOfRevenue": "854083000", "costofGoodsAndServicesSold": "854083000", "operatingIncome": "236273000", "sellingGeneralAndAdministrative": "36554000", "researchAndDevelopment": "None", "operatingExpenses": "347014000", "investmentIncomeNet": "None", "netInterestIncome": "-127750000", "interestIncome": "None", "interestExpense": "127750000", "nonInterestIncome": "None", "otherNonOperatingIncome": "-9786000", "depreciation": "None", "depreciationAndAmortization": "310295000", "incomeBeforeTax": "109327000", "incomeTaxExpense": "3065000", "interestAndDebtExpense": "None", "netIncomeFromContinuingOperations": "95672000", "comprehensiveIncomeNetOfTax": "None", "ebit": "237077000", "ebitda": "547372000", "netIncome": "89784000"}, {"fiscalDateEnding": "2022-03-31", "reportedCurrency": "USD", "grossProfit": "542035000", "totalRevenue": "1395704000", "costOfRevenue": "853669000", "costofGoodsAndServicesSold": "853669000", "operatingIncome": "174976000", "sellingGeneralAndAdministrative": "37706000", "researchAndDevelopment": "None", "operatingExpenses": "340990000", "investmentIncomeNet": "None", "netInterestIncome": "-121696000", "interestIncome": "None", "interestExpense": "121696000", "nonInterestIncome": "None", "otherNonOperatingIncome": "17484000", "depreciation": "None", "depreciationAndAmortization": "304088000", "incomeBeforeTax": "50714000", "incomeTaxExpense": "5013000", "interestAndDebtExpense": "None", "netIncomeFromContinuingOperations": "65751000", "comprehensiveIncomeNetOfTax": "None", "ebit": "172410000", "ebitda": "476498000", "netIncome": "45701000"}, {"fiscalDateEnding": "2021-12-31", "reportedCurrency": "USD", "grossProfit": "524085000", "totalRevenue": "1309264000", "costOfRevenue": "785179000", "costofGoodsAndServicesSold": "785179000", "operatingIncome": "182571000", "sellingGeneralAndAdministrative": "33109000", "researchAndDevelopment": "None", "operatingExpenses": "317571000", "investmentIncomeNet": "None", "netInterestIncome": "-121848000", "interestIncome": "None", "interestExpense": "121848000", "nonInterestIncome": "None", "otherNonOperatingIncome": "128240000", "depreciation": "None", "depreciationAndAmortization": "284501000", "incomeBeforeTax": "68746000", "incomeTaxExpense": "2051000", "interestAndDebtExpense": "None", "netIncomeFromContinuingOperations": "66194000", "comprehensiveIncomeNetOfTax": "None", "ebit": "213213000", "ebitda": "497714000", "netIncome": "58672000"}, {"fiscalDateEnding": "2021-09-30", "reportedCurrency": "USD", "grossProfit": "510397000", "totalRevenue": "1239797000", "costOfRevenue": "729400000", "costofGoodsAndServicesSold": "729400000", "operatingIncome": "204326000", "sellingGeneralAndAdministrative": "32256000", "researchAndDevelopment": "None", "operatingExpenses": "299739000", "investmentIncomeNet": "None", "netInterestIncome": "-122522000", "interestIncome": "None", "interestExpense": "122522000", "nonInterestIncome": "None", "otherNonOperatingIncome": "112205000", "depreciation": "None", "depreciationAndAmortization": "267754000", "incomeBeforeTax": "91154000", "incomeTaxExpense": "4940000", "interestAndDebtExpense": "None", "netIncomeFromContinuingOperations": "190336000", "comprehensiveIncomeNetOfTax": "None", "ebit": "213676000", "ebitda": "481430000", "netIncome": "179663000"}, {"fiscalDateEnding": "2021-06-30", "reportedCurrency": "USD", "grossProfit": "498335000", "totalRevenue": "1140992000", "costOfRevenue": "642657000", "costofGoodsAndServicesSold": "642657000", "operatingIncome": "212887000", "sellingGeneralAndAdministrative": "31436000", "researchAndDevelopment": "None", "operatingExpenses": "278518000", "investmentIncomeNet": "None", "netInterestIncome": "-122341000", "interestIncome": "None", "interestExpense": "122341000", "nonInterestIncome": "None", "otherNonOperatingIncome": "-18561000", "depreciation": "None", "depreciationAndAmortization": "240885000", "incomeBeforeTax": "6844000", "incomeTaxExpense": "-2221000", "interestAndDebtExpense": "None", "netIncomeFromContinuingOperations": "45757000", "comprehensiveIncomeNetOfTax": "None", "ebit": "129185000", "ebitda": "370070000", "netIncome": "26257000"}, {"fiscalDateEnding": "2021-03-31", "reportedCurrency": "USD", "grossProfit": "434736000", "totalRevenue": "1052062000", "costOfRevenue": "617326000", "costofGoodsAndServicesSold": "617326000", "operatingIncome": "152825000", "sellingGeneralAndAdministrative": "29926000", "researchAndDevelopment": "None", "operatingExpenses": "275735000", "investmentIncomeNet": "None", "netInterestIncome": "-123142000", "interestIncome": "None", "interestExpense": "123142000", "nonInterestIncome": "None", "otherNonOperatingIncome": "74838000", "depreciation": "None", "depreciationAndAmortization": "244426000", "incomeBeforeTax": "4006000", "incomeTaxExpense": "3943000", "interestAndDebtExpense": "None", "netIncomeFromContinuingOperations": "72192000", "comprehensiveIncomeNetOfTax": "None", "ebit": "127148000", "ebitda": "371574000", "netIncome": "71546000"}, {"fiscalDateEnding": "2020-12-31", "reportedCurrency": "USD", "grossProfit": "501455000", "totalRevenue": "1122016000", "costOfRevenue": "620561000", "costofGoodsAndServicesSold": "620561000", "operatingIncome": "142452000", "sellingGeneralAndAdministrative": "27848000", "researchAndDevelopment": "None", "operatingExpenses": "353666000", "investmentIncomeNet": "None", "netInterestIncome": "-121173000", "interestIncome": "None", "interestExpense": "121173000", "nonInterestIncome": "None", "otherNonOperatingIncome": "None", "depreciation": "None", "depreciationAndAmortization": "245836000", "incomeBeforeTax": "-30154000", "incomeTaxExpense": "290000", "interestAndDebtExpense": "None", "netIncomeFromContinuingOperations": "155278000", "comprehensiveIncomeNetOfTax": "None", "ebit": "82175000", "ebitda": "328011000", "netIncome": "163729000"}, {"fiscalDateEnding": "2020-09-30", "reportedCurrency": "USD", "grossProfit": "402157000", "totalRevenue": "1036874000", "costOfRevenue": "634717000", "costofGoodsAndServicesSold": "634717000", "operatingIncome": "108643000", "sellingGeneralAndAdministrative": "31003000", "researchAndDevelopment": "None", "operatingExpenses": "289392000", "investmentIncomeNet": "None", "netInterestIncome": "-124851000", "interestIncome": "None", "interestExpense": "124851000", "nonInterestIncome": "None", "otherNonOperatingIncome": "443924000", "depreciation": "None", "depreciationAndAmortization": "257833000", "incomeBeforeTax": "-81342000", "incomeTaxExpense": "2003000", "interestAndDebtExpense": "None", "netIncomeFromContinuingOperations": "394978000", "comprehensiveIncomeNetOfTax": "None", "ebit": "130958000", "ebitda": "388791000", "netIncome": "325585000"}, {"fiscalDateEnding": "2020-06-30", "reportedCurrency": "USD", "grossProfit": "527711000", "totalRevenue": "1188475000", "costOfRevenue": "660764000", "costofGoodsAndServicesSold": "660764000", "operatingIncome": "220315000", "sellingGeneralAndAdministrative": "34062000", "researchAndDevelopment": "None", "operatingExpenses": "300855000", "investmentIncomeNet": "None", "netInterestIncome": "-126357000", "interestIncome": "None", "interestExpense": "126357000", "nonInterestIncome": "None", "otherNonOperatingIncome": "155512000", "depreciation": "None", "depreciationAndAmortization": "268655000", "incomeBeforeTax": "4254000", "incomeTaxExpense": "2233000", "interestAndDebtExpense": "None", "netIncomeFromContinuingOperations": "159216000", "comprehensiveIncomeNetOfTax": "None", "ebit": "266983000", "ebitda": "535638000", "netIncome": "179246000"}, {"fiscalDateEnding": "2020-03-31", "reportedCurrency": "USD", "grossProfit": "576821000", "totalRevenue": "1258602000", "costOfRevenue": "681781000", "costofGoodsAndServicesSold": "681781000", "operatingIncome": "256038000", "sellingGeneralAndAdministrative": "35481000", "researchAndDevelopment": "None", "operatingExpenses": "317354000", "investmentIncomeNet": "None", "netInterestIncome": "-142007000", "interestIncome": "149658000", "interestExpense": "142007000", "nonInterestIncome": "None", "otherNonOperatingIncome": "251481000", "depreciation": "None", "depreciationAndAmortization": "277456000", "incomeBeforeTax": "75690000", "incomeTaxExpense": "5442000", "interestAndDebtExpense": "None", "netIncomeFromContinuingOperations": "329380000", "comprehensiveIncomeNetOfTax": "None", "ebit": "266761000", "ebitda": "544217000", "netIncome": "310284000"}, {"fiscalDateEnding": "2019-12-31", "reportedCurrency": "USD", "grossProfit": "600302000", "totalRevenue": "1262822000", "costOfRevenue": "662520000", "costofGoodsAndServicesSold": "662520000", "operatingIncome": "305314000", "sellingGeneralAndAdministrative": "26507000", "researchAndDevelopment": "None", "operatingExpenses": "289151000", "investmentIncomeNet": "None", "netInterestIncome": "None", "interestIncome": "126579000", "interestExpense": "131648000", "nonInterestIncome": "None", "otherNonOperatingIncome": "149240000", "depreciation": "None", "depreciationAndAmortization": "265656000", "incomeBeforeTax": "165820000", "incomeTaxExpense": "-4832000", "interestAndDebtExpense": "None", "netIncomeFromContinuingOperations": "240136000", "comprehensiveIncomeNetOfTax": "None", "ebit": "311151000", "ebitda": "576807000", "netIncome": "224324000"}, {"fiscalDateEnding": "2019-09-30", "reportedCurrency": "USD", "grossProfit": "610545000", "totalRevenue": "1266133000", "costOfRevenue": "655588000", "costofGoodsAndServicesSold": "655588000", "operatingIncome": "302853000", "sellingGeneralAndAdministrative": "31019000", "researchAndDevelopment": "None", "operatingExpenses": "303464000", "investmentIncomeNet": "None", "netInterestIncome": "-121706000", "interestIncome": "15637000", "interestExpense": "137343000", "nonInterestIncome": "None", "otherNonOperatingIncome": "573512000", "depreciation": "None", "depreciationAndAmortization": "275825000", "incomeBeforeTax": "78388000", "incomeTaxExpense": "3968000", "interestAndDebtExpense": "None", "netIncomeFromContinuingOperations": "647932000", "comprehensiveIncomeNetOfTax": "None", "ebit": "307081000", "ebitda": "582906000", "netIncome": "589876000"}, {"fiscalDateEnding": "2019-06-30", "reportedCurrency": "USD", "grossProfit": "618979000", "totalRevenue": "1320106000", "costOfRevenue": "701127000", "costofGoodsAndServicesSold": "701127000", "operatingIncome": "334107000", "sellingGeneralAndAdministrative": "33741000", "researchAndDevelopment": "None", "operatingExpenses": "281793000", "investmentIncomeNet": "None", "netInterestIncome": "-123980000", "interestIncome": "17356000", "interestExpense": "141336000", "nonInterestIncome": "None", "otherNonOperatingIncome": "-10731000", "depreciation": "None", "depreciationAndAmortization": "251819000", "incomeBeforeTax": "162370000", "incomeTaxExpense": "1599000", "interestAndDebtExpense": "None", "netIncomeFromContinuingOperations": "150040000", "comprehensiveIncomeNetOfTax": "None", "ebit": "337186000", "ebitda": "589005000", "netIncome": "137762000"}, {"fiscalDateEnding": "2019-03-31", "reportedCurrency": "USD", "grossProfit": "601438000", "totalRevenue": "1272245000", "costOfRevenue": "670807000", "costofGoodsAndServicesSold": "670807000", "operatingIncome": "295777000", "sellingGeneralAndAdministrative": "35282000", "researchAndDevelopment": "None", "operatingExpenses": "297904000", "investmentIncomeNet": "None", "netInterestIncome": "-130113000", "interestIncome": "142745000", "interestExpense": "145232000", "nonInterestIncome": "None", "otherNonOperatingIncome": "158210000", "depreciation": "None", "depreciationAndAmortization": "249924000", "incomeBeforeTax": "136314000", "incomeTaxExpense": "2222000", "interestAndDebtExpense": "None", "netIncomeFromContinuingOperations": "292302000", "comprehensiveIncomeNetOfTax": "None", "ebit": "303534000", "ebitda": "553458000", "netIncome": "280470000"}, {"fiscalDateEnding": "2018-12-31", "reportedCurrency": "USD", "grossProfit": "590599000", "totalRevenue": "1241243000", "costOfRevenue": "650644000", "costofGoodsAndServicesSold": "650644000", "operatingIncome": "309470000", "sellingGeneralAndAdministrative": "31101000", "researchAndDevelopment": "0", "operatingExpenses": "273935000", "investmentIncomeNet": "None", "netInterestIncome": "None", "interestIncome": "None", "interestExpense": "144369000", "nonInterestIncome": "None", "otherNonOperatingIncome": "42108000", "depreciation": "None", "depreciationAndAmortization": "242834000", "incomeBeforeTax": "84092000", "incomeTaxExpense": "1504000", "interestAndDebtExpense": "None", "netIncomeFromContinuingOperations": "498358000", "comprehensiveIncomeNetOfTax": "None", "ebit": "323910000", "ebitda": "566744000", "netIncome": "101763000"}, {"fiscalDateEnding": "2018-09-30", "reportedCurrency": "USD", "grossProfit": "579222000", "totalRevenue": "1236379000", "costOfRevenue": "657157000", "costofGoodsAndServicesSold": "657157000", "operatingIncome": "303628000", "sellingGeneralAndAdministrative": "28746000", "researchAndDevelopment": "0", "operatingExpenses": "271895000", "investmentIncomeNet": "None", "netInterestIncome": "None", "interestIncome": "None", "interestExpense": "138032000", "nonInterestIncome": "None", "otherNonOperatingIncome": "25067000", "depreciation": "None", "depreciationAndAmortization": "247896000", "incomeBeforeTax": "60900000", "incomeTaxExpense": "1741000", "interestAndDebtExpense": "None", "netIncomeFromContinuingOperations": "59503000", "comprehensiveIncomeNetOfTax": "None", "ebit": "307327000", "ebitda": "555223000", "netIncome": "64384000"}, {"fiscalDateEnding": "2018-06-30", "reportedCurrency": "USD", "grossProfit": "557161000", "totalRevenue": "1125912000", "costOfRevenue": "568751000", "costofGoodsAndServicesSold": "568751000", "operatingIncome": "272551000", "sellingGeneralAndAdministrative": "32831000", "researchAndDevelopment": "0", "operatingExpenses": "269106000", "investmentIncomeNet": "None", "netInterestIncome": "None", "interestIncome": "None", "interestExpense": "121416000", "nonInterestIncome": "None", "otherNonOperatingIncome": "12004000", "depreciation": "None", "depreciationAndAmortization": "240733000", "incomeBeforeTax": "159110000", "incomeTaxExpense": "3841000", "interestAndDebtExpense": "None", "netIncomeFromContinuingOperations": "156518000", "comprehensiveIncomeNetOfTax": "None", "ebit": "288055000", "ebitda": "528788000", "netIncome": "154432000"}, {"fiscalDateEnding": "2018-03-31", "reportedCurrency": "USD", "grossProfit": "540500000", "totalRevenue": "1096965000", "costOfRevenue": "556465000", "costofGoodsAndServicesSold": "556465000", "operatingIncome": "275580000", "sellingGeneralAndAdministrative": "33705000", "researchAndDevelopment": "0", "operatingExpenses": "261906000", "investmentIncomeNet": "None", "netInterestIncome": "None", "interestIncome": "None", "interestExpense": "122775000", "nonInterestIncome": "None", "otherNonOperatingIncome": "335755000", "depreciation": "None", "depreciationAndAmortization": "228201000", "incomeBeforeTax": "119388000", "incomeTaxExpense": "1588000", "interestAndDebtExpense": "None", "netIncomeFromContinuingOperations": "115371000", "comprehensiveIncomeNetOfTax": "None", "ebit": "247052000", "ebitda": "475253000", "netIncome": "437671000"}, {"fiscalDateEnding": "2017-12-31", "reportedCurrency": "USD", "grossProfit": "556353000", "totalRevenue": "1104257000", "costOfRevenue": "547904000", "costofGoodsAndServicesSold": "547904000", "operatingIncome": "224198000", "sellingGeneralAndAdministrative": "28365000", "researchAndDevelopment": "0", "operatingExpenses": "329789000", "investmentIncomeNet": "None", "netInterestIncome": "None", "interestIncome": "None", "interestExpense": "127217000", "nonInterestIncome": "None", "otherNonOperatingIncome": "-3068000", "depreciation": "None", "depreciationAndAmortization": "238458000", "incomeBeforeTax": "-61012000", "incomeTaxExpense": "25663000", "interestAndDebtExpense": "None", "netIncomeFromContinuingOperations": "-146118000", "comprehensiveIncomeNetOfTax": "None", "ebit": "220476000", "ebitda": "458934000", "netIncome": "-99847000"}, {"fiscalDateEnding": "2017-09-30", "reportedCurrency": "USD", "grossProfit": "567486000", "totalRevenue": "1091483000", "costOfRevenue": "523997000", "costofGoodsAndServicesSold": "523997000", "operatingIncome": "76430000", "sellingGeneralAndAdministrative": "29913000", "researchAndDevelopment": "0", "operatingExpenses": "260051000", "investmentIncomeNet": "None", "netInterestIncome": "None", "interestIncome": "None", "interestExpense": "122578000", "nonInterestIncome": "None", "otherNonOperatingIncome": "5030000", "depreciation": "None", "depreciationAndAmortization": "234576000", "incomeBeforeTax": "84938000", "incomeTaxExpense": "669000", "interestAndDebtExpense": "None", "netIncomeFromContinuingOperations": "87677000", "comprehensiveIncomeNetOfTax": "None", "ebit": "307435000", "ebitda": "542011000", "netIncome": "74043000"}, {"fiscalDateEnding": "2017-06-30", "reportedCurrency": "USD", "grossProfit": "556747000", "totalRevenue": "1058602000", "costOfRevenue": "501855000", "costofGoodsAndServicesSold": "501855000", "operatingIncome": "294206000", "sellingGeneralAndAdministrative": "32632000", "researchAndDevelopment": "0", "operatingExpenses": "257479000", "investmentIncomeNet": "None", "netInterestIncome": "None", "interestIncome": "None", "interestExpense": "116231000", "nonInterestIncome": "None", "otherNonOperatingIncome": "38177000", "depreciation": "None", "depreciationAndAmortization": "229316000", "incomeBeforeTax": "156816000", "incomeTaxExpense": "-8448000", "interestAndDebtExpense": "None", "netIncomeFromContinuingOperations": "161286000", "comprehensiveIncomeNetOfTax": "None", "ebit": "273047000", "ebitda": "502363000", "netIncome": "188429000"}, {"fiscalDateEnding": "2017-03-31", "reportedCurrency": "USD", "grossProfit": "552129000", "totalRevenue": "1062298000", "costOfRevenue": "510169000", "costofGoodsAndServicesSold": "510169000", "operatingIncome": "288680000", "sellingGeneralAndAdministrative": "31101000", "researchAndDevelopment": "0", "operatingExpenses": "259377000", "investmentIncomeNet": "None", "netInterestIncome": "None", "interestIncome": "None", "interestExpense": "118597000", "nonInterestIncome": "None", "otherNonOperatingIncome": "220986000", "depreciation": "None", "depreciationAndAmortization": "231645000", "incomeBeforeTax": "118869000", "incomeTaxExpense": "2245000", "interestAndDebtExpense": "None", "netIncomeFromContinuingOperations": "93518000", "comprehensiveIncomeNetOfTax": "None", "ebit": "292752000", "ebitda": "524397000", "netIncome": "312639000"}, {"fiscalDateEnding": "2016-12-31", "reportedCurrency": "USD", "grossProfit": "583486000", "totalRevenue": "1078321000", "costOfRevenue": "494835000", "costofGoodsAndServicesSold": "494835000", "operatingIncome": "304633000", "sellingGeneralAndAdministrative": "32807000", "researchAndDevelopment": "0", "operatingExpenses": "270938000", "investmentIncomeNet": "None", "netInterestIncome": "None", "interestIncome": "None", "interestExpense": "126360000", "nonInterestIncome": "None", "otherNonOperatingIncome": "197336000", "depreciation": "None", "depreciationAndAmortization": "227916000", "incomeBeforeTax": "137187000", "incomeTaxExpense": "-16585000", "interestAndDebtExpense": "None", "netIncomeFromContinuingOperations": "150941000", "comprehensiveIncomeNetOfTax": "None", "ebit": "306601000", "ebitda": "534517000", "netIncome": "333044000"}, {"fiscalDateEnding": "2016-09-30", "reportedCurrency": "USD", "grossProfit": "605453000", "totalRevenue": "1079133000", "costOfRevenue": "473680000", "costofGoodsAndServicesSold": "473680000", "operatingIncome": "347680000", "sellingGeneralAndAdministrative": "36828000", "researchAndDevelopment": "0", "operatingExpenses": "254889000", "investmentIncomeNet": "None", "netInterestIncome": "None", "interestIncome": "None", "interestExpense": "129699000", "nonInterestIncome": "None", "otherNonOperatingIncome": "160602000", "depreciation": "None", "depreciationAndAmortization": "220369000", "incomeBeforeTax": "193834000", "incomeTaxExpense": "-305000", "interestAndDebtExpense": "None", "netIncomeFromContinuingOperations": "192390000", "comprehensiveIncomeNetOfTax": "None", "ebit": "330722000", "ebitda": "551091000", "netIncome": "334910000"}, {"fiscalDateEnding": "2016-06-30", "reportedCurrency": "USD", "grossProfit": "617825000", "totalRevenue": "1076657000", "costOfRevenue": "458832000", "costofGoodsAndServicesSold": "458832000", "operatingIncome": "336540000", "sellingGeneralAndAdministrative": "39914000", "researchAndDevelopment": "0", "operatingExpenses": "266483000", "investmentIncomeNet": "None", "netInterestIncome": "None", "interestIncome": "None", "interestExpense": "132326000", "nonInterestIncome": "None", "otherNonOperatingIncome": "-429000", "depreciation": "None", "depreciationAndAmortization": "228694000", "incomeBeforeTax": "210665000", "incomeTaxExpense": "-513000", "interestAndDebtExpense": "None", "netIncomeFromContinuingOperations": "209219000", "comprehensiveIncomeNetOfTax": "None", "ebit": "346185000", "ebitda": "574879000", "netIncome": "195474000"}, {"fiscalDateEnding": "2016-03-31", "reportedCurrency": "USD", "grossProfit": "597414000", "totalRevenue": "1047050000", "costOfRevenue": "449636000", "costofGoodsAndServicesSold": "449636000", "operatingIncome": "318977000", "sellingGeneralAndAdministrative": "45691000", "researchAndDevelopment": "0", "operatingExpenses": "274387000", "investmentIncomeNet": "None", "netInterestIncome": "None", "interestIncome": "None", "interestExpense": "132960000", "nonInterestIncome": "None", "otherNonOperatingIncome": "-3820000", "depreciation": "None", "depreciationAndAmortization": "228696000", "incomeBeforeTax": "167569000", "incomeTaxExpense": "-1725000", "interestAndDebtExpense": "None", "netIncomeFromContinuingOperations": "165474000", "comprehensiveIncomeNetOfTax": "None", "ebit": "316167000", "ebitda": "544863000", "netIncome": "148969000"}, {"fiscalDateEnding": "2015-12-31", "reportedCurrency": "USD", "grossProfit": "590746000", "totalRevenue": "1029484000", "costOfRevenue": "438738000", "costofGoodsAndServicesSold": "438738000", "operatingIncome": "323949000", "sellingGeneralAndAdministrative": "36854000", "researchAndDevelopment": "0", "operatingExpenses": "259663000", "investmentIncomeNet": "None", "netInterestIncome": "None", "interestIncome": "None", "interestExpense": "131098000", "nonInterestIncome": "None", "otherNonOperatingIncome": "None", "depreciation": "None", "depreciationAndAmortization": "225088000", "incomeBeforeTax": "123985000", "incomeTaxExpense": "2682000", "interestAndDebtExpense": "None", "netIncomeFromContinuingOperations": "888549000", "comprehensiveIncomeNetOfTax": "None", "ebit": "290536000", "ebitda": "515624000", "netIncome": "132931000"}, {"fiscalDateEnding": "2015-09-30", "reportedCurrency": "USD", "grossProfit": "570294000", "totalRevenue": "978997000", "costOfRevenue": "408703000", "costofGoodsAndServicesSold": "408703000", "operatingIncome": "325473000", "sellingGeneralAndAdministrative": "36950000", "researchAndDevelopment": "0", "operatingExpenses": "242749000", "investmentIncomeNet": "None", "netInterestIncome": "None", "interestIncome": "None", "interestExpense": "121130000", "nonInterestIncome": "None", "otherNonOperatingIncome": "-585000", "depreciation": "None", "depreciationAndAmortization": "209202000", "incomeBeforeTax": "196498000", "incomeTaxExpense": "-3344000", "interestAndDebtExpense": "None", "netIncomeFromContinuingOperations": "197211000", "comprehensiveIncomeNetOfTax": "None", "ebit": "318212000", "ebitda": "527414000", "netIncome": "182043000"}, {"fiscalDateEnding": "2015-06-30", "reportedCurrency": "USD", "grossProfit": "558815000", "totalRevenue": "957169000", "costOfRevenue": "398354000", "costofGoodsAndServicesSold": "398354000", "operatingIncome": "307125000", "sellingGeneralAndAdministrative": "38474000", "researchAndDevelopment": "0", "operatingExpenses": "247276000", "investmentIncomeNet": "None", "netInterestIncome": "None", "interestIncome": "None", "interestExpense": "118861000", "nonInterestIncome": "None", "otherNonOperatingIncome": "187159000", "depreciation": "None", "depreciationAndAmortization": "208802000", "incomeBeforeTax": "150717000", "incomeTaxExpense": "7417000", "interestAndDebtExpense": "None", "netIncomeFromContinuingOperations": "140348000", "comprehensiveIncomeNetOfTax": "None", "ebit": "300943000", "ebitda": "509745000", "netIncome": "312573000"}, {"fiscalDateEnding": "2015-03-31", "reportedCurrency": "USD", "grossProfit": "517716000", "totalRevenue": "894177000", "costOfRevenue": "376461000", "costofGoodsAndServicesSold": "376461000", "operatingIncome": "288663000", "sellingGeneralAndAdministrative": "35138000", "researchAndDevelopment": "0", "operatingExpenses": "223967000", "investmentIncomeNet": "None", "netInterestIncome": "None", "interestIncome": "None", "interestExpense": "121080000", "nonInterestIncome": "None", "otherNonOperatingIncome": "None", "depreciation": "None", "depreciationAndAmortization": "188829000", "incomeBeforeTax": "164921000", "incomeTaxExpense": "-304000", "interestAndDebtExpense": "None", "netIncomeFromContinuingOperations": "0", "comprehensiveIncomeNetOfTax": "None", "ebit": "246628000", "ebitda": "435457000", "netIncome": "190799000"}, {"fiscalDateEnding": "2014-12-31", "reportedCurrency": "USD", "grossProfit": "504753000", "totalRevenue": "867769000", "costOfRevenue": "363016000", "costofGoodsAndServicesSold": "363016000", "operatingIncome": "278008000", "sellingGeneralAndAdministrative": "27616000", "researchAndDevelopment": "0", "operatingExpenses": "223009000", "investmentIncomeNet": "None", "netInterestIncome": "None", "interestIncome": "None", "interestExpense": "120705000", "nonInterestIncome": "None", "otherNonOperatingIncome": "103117000", "depreciation": "None", "depreciationAndAmortization": "196974000", "incomeBeforeTax": "108459000", "incomeTaxExpense": "5102000", "interestAndDebtExpense": "None", "netIncomeFromContinuingOperations": "95636000", "comprehensiveIncomeNetOfTax": "None", "ebit": "214064000", "ebitda": "411038000", "netIncome": "188638000"}, {"fiscalDateEnding": "2014-09-30", "reportedCurrency": "USD", "grossProfit": "492366000", "totalRevenue": "847523000", "costOfRevenue": "355157000", "costofGoodsAndServicesSold": "355157000", "operatingIncome": "258974000", "sellingGeneralAndAdministrative": "30803000", "researchAndDevelopment": "0", "operatingExpenses": "231773000", "investmentIncomeNet": "None", "netInterestIncome": "None", "interestIncome": "None", "interestExpense": "118435000", "nonInterestIncome": "None", "otherNonOperatingIncome": "26972000", "depreciation": "None", "depreciationAndAmortization": "203670000", "incomeBeforeTax": "115601000", "incomeTaxExpense": "-10198000", "interestAndDebtExpense": "None", "netIncomeFromContinuingOperations": "123167000", "comprehensiveIncomeNetOfTax": "None", "ebit": "247039000", "ebitda": "450709000", "netIncome": "136255000"}, {"fiscalDateEnding": "2014-06-30", "reportedCurrency": "USD", "grossProfit": "482692000", "totalRevenue": "826446000", "costOfRevenue": "343754000", "costofGoodsAndServicesSold": "343754000", "operatingIncome": "214556000", "sellingGeneralAndAdministrative": "51660000", "researchAndDevelopment": "0", "operatingExpenses": "266109000", "investmentIncomeNet": "None", "netInterestIncome": "None", "interestIncome": "None", "interestExpense": "121065000", "nonInterestIncome": "None", "otherNonOperatingIncome": "-4848000", "depreciation": "None", "depreciationAndAmortization": "215940000", "incomeBeforeTax": "87596000", "incomeTaxExpense": "1569000", "interestAndDebtExpense": "None", "netIncomeFromContinuingOperations": "74511000", "comprehensiveIncomeNetOfTax": "None", "ebit": "229231000", "ebitda": "445171000", "netIncome": "71829000"}, {"fiscalDateEnding": "2014-03-31", "reportedCurrency": "USD", "grossProfit": "460376000", "totalRevenue": "801807000", "costOfRevenue": "341431000", "costofGoodsAndServicesSold": "341431000", "operatingIncome": "193700000", "sellingGeneralAndAdministrative": "32865000", "researchAndDevelopment": "0", "operatingExpenses": "266183000", "investmentIncomeNet": "None", "netInterestIncome": "None", "interestIncome": "None", "interestExpense": "120833000", "nonInterestIncome": "None", "otherNonOperatingIncome": "-5556000", "depreciation": "None", "depreciationAndAmortization": "233318000", "incomeBeforeTax": "72556000", "incomeTaxExpense": "2260000", "interestAndDebtExpense": "None", "netIncomeFromContinuingOperations": "64740000", "comprehensiveIncomeNetOfTax": "None", "ebit": "195179000", "ebitda": "428497000", "netIncome": "50022000"}, {"fiscalDateEnding": "2013-12-31", "reportedCurrency": "USD", "grossProfit": "454466000", "totalRevenue": "788577000", "costOfRevenue": "334111000", "costofGoodsAndServicesSold": "334111000", "operatingIncome": "178530000", "sellingGeneralAndAdministrative": "28519000", "researchAndDevelopment": "0", "operatingExpenses": "272652000", "investmentIncomeNet": "None", "netInterestIncome": "None", "interestIncome": "None", "interestExpense": "124223000", "nonInterestIncome": "None", "otherNonOperatingIncome": "-4657000", "depreciation": "None", "depreciationAndAmortization": "242023000", "incomeBeforeTax": "38425000", "incomeTaxExpense": "435000", "interestAndDebtExpense": "None", "netIncomeFromContinuingOperations": "33771000", "comprehensiveIncomeNetOfTax": "None", "ebit": "163202000", "ebitda": "405225000", "netIncome": "28004000"}, {"fiscalDateEnding": "2013-09-30", "reportedCurrency": "USD", "grossProfit": "444200000", "totalRevenue": "786930000", "costOfRevenue": "342730000", "costofGoodsAndServicesSold": "342730000", "operatingIncome": "171371000", "sellingGeneralAndAdministrative": "28718000", "researchAndDevelopment": "0", "operatingExpenses": "271386000", "investmentIncomeNet": "None", "netInterestIncome": "None", "interestIncome": "None", "interestExpense": "116530000", "nonInterestIncome": "None", "otherNonOperatingIncome": "-331000", "depreciation": "None", "depreciationAndAmortization": "242668000", "incomeBeforeTax": "31889000", "incomeTaxExpense": "3077000", "interestAndDebtExpense": "None", "netIncomeFromContinuingOperations": "28481000", "comprehensiveIncomeNetOfTax": "None", "ebit": "148149000", "ebitda": "390817000", "netIncome": "37293000"}, {"fiscalDateEnding": "2013-06-30", "reportedCurrency": "USD", "grossProfit": "403538000", "totalRevenue": "682125000", "costOfRevenue": "278587000", "costofGoodsAndServicesSold": "278587000", "operatingIncome": "178503000", "sellingGeneralAndAdministrative": "23902000", "researchAndDevelopment": "0", "operatingExpenses": "224010000", "investmentIncomeNet": "None", "netInterestIncome": "None", "interestIncome": "None", "interestExpense": "110629000", "nonInterestIncome": "None", "otherNonOperatingIncome": "-5461000", "depreciation": "None", "depreciationAndAmortization": "202899000", "incomeBeforeTax": "43479000", "incomeTaxExpense": "1215000", "interestAndDebtExpense": "None", "netIncomeFromContinuingOperations": "36803000", "comprehensiveIncomeNetOfTax": "None", "ebit": "153191000", "ebitda": "356090000", "netIncome": "8094000"}, {"fiscalDateEnding": "2013-03-31", "reportedCurrency": "USD", "grossProfit": "380561000", "totalRevenue": "633915000", "costOfRevenue": "253354000", "costofGoodsAndServicesSold": "253354000", "operatingIncome": "165583000", "sellingGeneralAndAdministrative": "27179000", "researchAndDevelopment": "0", "operatingExpenses": "214278000", "investmentIncomeNet": "None", "netInterestIncome": "None", "interestIncome": "None", "interestExpense": "110289000", "nonInterestIncome": "None", "otherNonOperatingIncome": "2262000", "depreciation": "None", "depreciationAndAmortization": "191488000", "incomeBeforeTax": "-11987000", "incomeTaxExpense": "2763000", "interestAndDebtExpense": "None", "netIncomeFromContinuingOperations": "-12488000", "comprehensiveIncomeNetOfTax": "None", "ebit": "97053000", "ebitda": "288541000", "netIncome": "55058000"}, {"fiscalDateEnding": "2012-12-31", "reportedCurrency": "USD", "grossProfit": "339211000", "totalRevenue": "500663000", "costOfRevenue": "161452000", "costofGoodsAndServicesSold": "161452000", "operatingIncome": "153885000", "sellingGeneralAndAdministrative": "20039000", "researchAndDevelopment": "0", "operatingExpenses": "157764000", "investmentIncomeNet": "None", "netInterestIncome": "None", "interestIncome": "None", "interestExpense": "94155000", "nonInterestIncome": "None", "otherNonOperatingIncome": "None", "depreciation": "None", "depreciationAndAmortization": "137725000", "incomeBeforeTax": "69897000", "incomeTaxExpense": "3858000", "interestAndDebtExpense": "None", "netIncomeFromContinuingOperations": "0", "comprehensiveIncomeNetOfTax": "None", "ebit": "148026000", "ebitda": "285751000", "netIncome": "90576000"}, {"fiscalDateEnding": "2012-09-30", "reportedCurrency": "USD", "grossProfit": "329660000", "totalRevenue": "474139000", "costOfRevenue": "144479000", "costofGoodsAndServicesSold": "144479000", "operatingIncome": "146823000", "sellingGeneralAndAdministrative": "23679000", "researchAndDevelopment": "0", "operatingExpenses": "191101000", "investmentIncomeNet": "None", "netInterestIncome": "None", "interestIncome": "None", "interestExpense": "94580000", "nonInterestIncome": "None", "otherNonOperatingIncome": "None", "depreciation": "None", "depreciationAndAmortization": "132150000", "incomeBeforeTax": "43355000", "incomeTaxExpense": "836000", "interestAndDebtExpense": "None", "netIncomeFromContinuingOperations": "0", "comprehensiveIncomeNetOfTax": "None", "ebit": "134860000", "ebitda": "267010000", "netIncome": "53871000"}, {"fiscalDateEnding": "2012-06-30", "reportedCurrency": "USD", "grossProfit": "316779000", "totalRevenue": "453082000", "costOfRevenue": "136303000", "costofGoodsAndServicesSold": "136303000", "operatingIncome": "158992000", "sellingGeneralAndAdministrative": "25870000", "researchAndDevelopment": "0", "operatingExpenses": "157787000", "investmentIncomeNet": "None", "netInterestIncome": "None", "interestIncome": "None", "interestExpense": "94968000", "nonInterestIncome": "None", "otherNonOperatingIncome": "None", "depreciation": "None", "depreciationAndAmortization": "136498000", "incomeBeforeTax": "37433000", "incomeTaxExpense": "1447000", "interestAndDebtExpense": "None", "netIncomeFromContinuingOperations": "0", "comprehensiveIncomeNetOfTax": "None", "ebit": "122867000", "ebitda": "259365000", "netIncome": "77696000"}, {"fiscalDateEnding": "2012-03-31", "reportedCurrency": "USD", "grossProfit": "306091000", "totalRevenue": "435359000", "costOfRevenue": "129268000", "costofGoodsAndServicesSold": "129268000", "operatingIncome": "59673000", "sellingGeneralAndAdministrative": "27751000", "researchAndDevelopment": "0", "operatingExpenses": "159285000", "investmentIncomeNet": "None", "netInterestIncome": "None", "interestIncome": "None", "interestExpense": "92712000", "nonInterestIncome": "None", "otherNonOperatingIncome": "None", "depreciation": "None", "depreciationAndAmortization": "125955000", "incomeBeforeTax": "53539000", "incomeTaxExpense": "1470000", "interestAndDebtExpense": "None", "netIncomeFromContinuingOperations": "0", "comprehensiveIncomeNetOfTax": "None", "ebit": "140602000", "ebitda": "266557000", "netIncome": "58514000"}, {"fiscalDateEnding": "2011-12-31", "reportedCurrency": "USD", "grossProfit": "290858000", "totalRevenue": "402353000", "costOfRevenue": "111495000", "costofGoodsAndServicesSold": "111495000", "operatingIncome": "79399000", "sellingGeneralAndAdministrative": "77201000", "researchAndDevelopment": "0", "operatingExpenses": "211459000", "investmentIncomeNet": "None", "netInterestIncome": "None", "interestIncome": "None", "interestExpense": "88252000", "nonInterestIncome": "None", "otherNonOperatingIncome": "None", "depreciation": "None", "depreciationAndAmortization": "126971000", "incomeBeforeTax": "48668000", "incomeTaxExpense": "825000", "interestAndDebtExpense": "None", "netIncomeFromContinuingOperations": "0", "comprehensiveIncomeNetOfTax": "None", "ebit": "136920000", "ebitda": "263891000", "netIncome": "44516000"}, {"fiscalDateEnding": "2011-09-30", "reportedCurrency": "USD", "grossProfit": "280931000", "totalRevenue": "384786000", "costOfRevenue": "103855000", "costofGoodsAndServicesSold": "103855000", "operatingIncome": "57629000", "sellingGeneralAndAdministrative": "19735000", "researchAndDevelopment": "0", "operatingExpenses": "135507000", "investmentIncomeNet": "None", "netInterestIncome": "None", "interestIncome": "None", "interestExpense": "87795000", "nonInterestIncome": "None", "otherNonOperatingIncome": "1642000", "depreciation": "None", "depreciationAndAmortization": "119764000", "incomeBeforeTax": "50890000", "incomeTaxExpense": "223000", "interestAndDebtExpense": "None", "netIncomeFromContinuingOperations": "52309000", "comprehensiveIncomeNetOfTax": "None", "ebit": "129415000", "ebitda": "249179000", "netIncome": "53841000"}, {"fiscalDateEnding": "2011-06-30", "reportedCurrency": "USD", "grossProfit": "280862000", "totalRevenue": "381059000", "costOfRevenue": "100197000", "costofGoodsAndServicesSold": "100197000", "operatingIncome": "66789000", "sellingGeneralAndAdministrative": "19562000", "researchAndDevelopment": "0", "operatingExpenses": "143850000", "investmentIncomeNet": "None", "netInterestIncome": "None", "interestIncome": "None", "interestExpense": "83961000", "nonInterestIncome": "None", "otherNonOperatingIncome": "971000", "depreciation": "None", "depreciationAndAmortization": "110382000", "incomeBeforeTax": "53051000", "incomeTaxExpense": "211000", "interestAndDebtExpense": "None", "netIncomeFromContinuingOperations": "53811000", "comprehensiveIncomeNetOfTax": "None", "ebit": "133304000", "ebitda": "243686000", "netIncome": "87200000"}, {"fiscalDateEnding": "2011-03-31", "reportedCurrency": "USD", "grossProfit": "190992000", "totalRevenue": "255477000", "costOfRevenue": "64485000", "costofGoodsAndServicesSold": "64485000", "operatingIncome": "99554000", "sellingGeneralAndAdministrative": "17714000", "researchAndDevelopment": "0", "operatingExpenses": "127503000", "investmentIncomeNet": "None", "netInterestIncome": "None", "interestIncome": "None", "interestExpense": "58897000", "nonInterestIncome": "None", "otherNonOperatingIncome": "1543000", "depreciation": "None", "depreciationAndAmortization": "73476000", "incomeBeforeTax": "4592000", "incomeTaxExpense": "129000", "interestAndDebtExpense": "None", "netIncomeFromContinuingOperations": "6006000", "comprehensiveIncomeNetOfTax": "None", "ebit": "63489000", "ebitda": "136965000", "netIncome": "32052000"}, {"fiscalDateEnding": "2010-12-31", "reportedCurrency": "USD", "grossProfit": "155884000", "totalRevenue": "193145000", "costOfRevenue": "37261000", "costofGoodsAndServicesSold": "37261000", "operatingIncome": "109327000", "sellingGeneralAndAdministrative": "54626000", "researchAndDevelopment": "0", "operatingExpenses": "46557000", "investmentIncomeNet": "None", "netInterestIncome": "None", "interestIncome": "None", "interestExpense": "46405000", "nonInterestIncome": "None", "otherNonOperatingIncome": "None", "depreciation": "None", "depreciationAndAmortization": "66397000", "incomeBeforeTax": "16262000", "incomeTaxExpense": "39000", "interestAndDebtExpense": "None", "netIncomeFromContinuingOperations": "0", "comprehensiveIncomeNetOfTax": "None", "ebit": "62667000", "ebitda": "129064000", "netIncome": "34302000"}, {"fiscalDateEnding": "2010-09-30", "reportedCurrency": "USD", "grossProfit": "155297000", "totalRevenue": "176146000", "costOfRevenue": "20849000", "costofGoodsAndServicesSold": "20849000", "operatingIncome": "47351000", "sellingGeneralAndAdministrative": "11628000", "researchAndDevelopment": "0", "operatingExpenses": "107946000", "investmentIncomeNet": "None", "netInterestIncome": "None", "interestIncome": "None", "interestExpense": "44408000", "nonInterestIncome": "None", "otherNonOperatingIncome": "None", "depreciation": "None", "depreciationAndAmortization": "48565000", "incomeBeforeTax": "-6156000", "incomeTaxExpense": "52000", "interestAndDebtExpense": "None", "netIncomeFromContinuingOperations": "0", "comprehensiveIncomeNetOfTax": "None", "ebit": "37731000", "ebitda": "86296000", "netIncome": "6471000"}, {"fiscalDateEnding": "2010-06-30", "reportedCurrency": "USD", "grossProfit": "150633000", "totalRevenue": "163131000", "costOfRevenue": "12498000", "costofGoodsAndServicesSold": "12498000", "operatingIncome": "53098000", "sellingGeneralAndAdministrative": "11878000", "researchAndDevelopment": "0", "operatingExpenses": "60081000", "investmentIncomeNet": "None", "netInterestIncome": "None", "interestIncome": "None", "interestExpense": "37454000", "nonInterestIncome": "None", "otherNonOperatingIncome": "None", "depreciation": "None", "depreciationAndAmortization": "47451000", "incomeBeforeTax": "46063000", "incomeTaxExpense": "188000", "interestAndDebtExpense": "None", "netIncomeFromContinuingOperations": "0", "comprehensiveIncomeNetOfTax": "None", "ebit": "82710000", "ebitda": "130161000", "netIncome": "45646000"}, {"fiscalDateEnding": "2010-03-31", "reportedCurrency": "USD", "grossProfit": "140246000", "totalRevenue": "152759000", "costOfRevenue": "12513000", "costofGoodsAndServicesSold": "12513000", "operatingIncome": "72324000", "sellingGeneralAndAdministrative": "16821000", "researchAndDevelopment": "0", "operatingExpenses": "67922000", "investmentIncomeNet": "None", "netInterestIncome": "None", "interestIncome": "None", "interestExpense": "29791000", "nonInterestIncome": "None", "otherNonOperatingIncome": "None", "depreciation": "None", "depreciationAndAmortization": "43387000", "incomeBeforeTax": "24495000", "incomeTaxExpense": "84000", "interestAndDebtExpense": "None", "netIncomeFromContinuingOperations": "0", "comprehensiveIncomeNetOfTax": "None", "ebit": "53247000", "ebitda": "96634000", "netIncome": "25812000"}, {"fiscalDateEnding": "2009-12-31", "reportedCurrency": "USD", "grossProfit": "135807000", "totalRevenue": "147261000", "costOfRevenue": "11454000", "costofGoodsAndServicesSold": "11454000", "operatingIncome": "59156000", "sellingGeneralAndAdministrative": "49691000", "researchAndDevelopment": "0", "operatingExpenses": "74605000", "investmentIncomeNet": "None", "netInterestIncome": "None", "interestIncome": "None", "interestExpense": "25154000", "nonInterestIncome": "None", "otherNonOperatingIncome": "None", "depreciation": "None", "depreciationAndAmortization": "40576000", "incomeBeforeTax": "35638000", "incomeTaxExpense": "151000", "interestAndDebtExpense": "None", "netIncomeFromContinuingOperations": "0", "comprehensiveIncomeNetOfTax": "None", "ebit": "64363000", "ebitda": "104939000", "netIncome": "31701000"}, {"fiscalDateEnding": "2009-09-30", "reportedCurrency": "USD", "grossProfit": "132665000", "totalRevenue": "145098000", "costOfRevenue": "12433000", "costofGoodsAndServicesSold": "12433000", "operatingIncome": "81217000", "sellingGeneralAndAdministrative": "10363000", "researchAndDevelopment": "0", "operatingExpenses": "51448000", "investmentIncomeNet": "None", "netInterestIncome": "None", "interestIncome": "None", "interestExpense": "28571000", "nonInterestIncome": "None", "otherNonOperatingIncome": "None", "depreciation": "None", "depreciationAndAmortization": "41085000", "incomeBeforeTax": "26272000", "incomeTaxExpense": "-55000", "interestAndDebtExpense": "None", "netIncomeFromContinuingOperations": "0", "comprehensiveIncomeNetOfTax": "None", "ebit": "54843000", "ebitda": "95928000", "netIncome": "19130000"}, {"fiscalDateEnding": "2009-06-30", "reportedCurrency": "USD", "grossProfit": "130161000", "totalRevenue": "141686000", "costOfRevenue": "11525000", "costofGoodsAndServicesSold": "11525000", "operatingIncome": "52793000", "sellingGeneralAndAdministrative": "11062000", "researchAndDevelopment": "0", "operatingExpenses": "50670000", "investmentIncomeNet": "None", "netInterestIncome": "None", "interestIncome": "None", "interestExpense": "26698000", "nonInterestIncome": "None", "otherNonOperatingIncome": "None", "depreciation": "None", "depreciationAndAmortization": "44407000", "incomeBeforeTax": "52793000", "incomeTaxExpense": "21000", "interestAndDebtExpense": "None", "netIncomeFromContinuingOperations": "0", "comprehensiveIncomeNetOfTax": "None", "ebit": "78622000", "ebitda": "123029000", "netIncome": "59240000"}, {"fiscalDateEnding": "2009-03-31", "reportedCurrency": "USD", "grossProfit": "132909000", "totalRevenue": "144328000", "costOfRevenue": "11419000", "costofGoodsAndServicesSold": "11419000", "operatingIncome": "46902000", "sellingGeneralAndAdministrative": "17361000", "researchAndDevelopment": "0", "operatingExpenses": "58312000", "investmentIncomeNet": "None", "netInterestIncome": "None", "interestIncome": "None", "interestExpense": "27695000", "nonInterestIncome": "None", "otherNonOperatingIncome": "None", "depreciation": "None", "depreciationAndAmortization": "44904000", "incomeBeforeTax": "48580000", "incomeTaxExpense": "50000", "interestAndDebtExpense": "None", "netIncomeFromContinuingOperations": "0", "comprehensiveIncomeNetOfTax": "None", "ebit": "73776000", "ebitda": "118680000", "netIncome": "61119000"}, {"fiscalDateEnding": "2008-12-31", "reportedCurrency": "USD", "grossProfit": "131032000", "totalRevenue": "140692000", "costOfRevenue": "9660000", "costofGoodsAndServicesSold": "9660000", "operatingIncome": "83856000", "sellingGeneralAndAdministrative": "34865000", "researchAndDevelopment": "0", "operatingExpenses": "47176000", "investmentIncomeNet": "None", "netInterestIncome": "None", "interestIncome": "None", "interestExpense": "32505000", "nonInterestIncome": "None", "otherNonOperatingIncome": "None", "depreciation": "None", "depreciationAndAmortization": "44568000", "incomeBeforeTax": "27958000", "incomeTaxExpense": "136000", "interestAndDebtExpense": "None", "netIncomeFromContinuingOperations": "0", "comprehensiveIncomeNetOfTax": "None", "ebit": "60463000", "ebitda": "105031000", "netIncome": "23053000"}, {"fiscalDateEnding": "2008-09-30", "reportedCurrency": "USD", "grossProfit": "133335000", "totalRevenue": "145096000", "costOfRevenue": "11761000", "costofGoodsAndServicesSold": "11761000", "operatingIncome": "45889000", "sellingGeneralAndAdministrative": "10789000", "researchAndDevelopment": "0", "operatingExpenses": "53918000", "investmentIncomeNet": "None", "netInterestIncome": "None", "interestIncome": "None", "interestExpense": "33528000", "nonInterestIncome": "None", "otherNonOperatingIncome": "None", "depreciation": "None", "depreciationAndAmortization": "41375000", "incomeBeforeTax": "46657000", "incomeTaxExpense": "-153000", "interestAndDebtExpense": "None", "netIncomeFromContinuingOperations": "0", "comprehensiveIncomeNetOfTax": "None", "ebit": "83255000", "ebitda": "124630000", "netIncome": "53589000"}, {"fiscalDateEnding": "2008-06-30", "reportedCurrency": "USD", "grossProfit": "124513000", "totalRevenue": "135888000", "costOfRevenue": "11375000", "costofGoodsAndServicesSold": "11375000", "operatingIncome": "41762000", "sellingGeneralAndAdministrative": "10575000", "researchAndDevelopment": "0", "operatingExpenses": "50803000", "investmentIncomeNet": "None", "netInterestIncome": "None", "interestIncome": "None", "interestExpense": "31948000", "nonInterestIncome": "None", "otherNonOperatingIncome": "None", "depreciation": "None", "depreciationAndAmortization": "43112000", "incomeBeforeTax": "41762000", "incomeTaxExpense": "44000", "interestAndDebtExpense": "None", "netIncomeFromContinuingOperations": "0", "comprehensiveIncomeNetOfTax": "None", "ebit": "71357000", "ebitda": "114469000", "netIncome": "155410000"}, {"fiscalDateEnding": "2008-03-31", "reportedCurrency": "USD", "grossProfit": "125140000", "totalRevenue": "135852000", "costOfRevenue": "10712000", "costofGoodsAndServicesSold": "10712000", "operatingIncome": "70830000", "sellingGeneralAndAdministrative": "12328000", "researchAndDevelopment": "0", "operatingExpenses": "65022000", "investmentIncomeNet": "None", "netInterestIncome": "None", "interestIncome": "None", "interestExpense": "34329000", "nonInterestIncome": "None", "otherNonOperatingIncome": "None", "depreciation": "None", "depreciationAndAmortization": "39574000", "incomeBeforeTax": "37827000", "incomeTaxExpense": "1279000", "interestAndDebtExpense": "None", "netIncomeFromContinuingOperations": "0", "comprehensiveIncomeNetOfTax": "None", "ebit": "69504000", "ebitda": "109078000", "netIncome": "29249000"}, {"fiscalDateEnding": "2007-12-31", "reportedCurrency": "USD", "grossProfit": "474043000", "totalRevenue": "131507000", "costOfRevenue": "-342536000", "costofGoodsAndServicesSold": "-342536000", "operatingIncome": "71504000", "sellingGeneralAndAdministrative": "9349000", "researchAndDevelopment": "0", "operatingExpenses": "60003000", "investmentIncomeNet": "None", "netInterestIncome": "None", "interestIncome": "None", "interestExpense": "134680000", "nonInterestIncome": "None", "otherNonOperatingIncome": "None", "depreciation": "None", "depreciationAndAmortization": "40081000", "incomeBeforeTax": "1778000", "incomeTaxExpense": "92456000", "interestAndDebtExpense": "None", "netIncomeFromContinuingOperations": "0", "comprehensiveIncomeNetOfTax": "None", "ebit": "71504000", "ebitda": "111585000", "netIncome": "42768000"}, {"fiscalDateEnding": "2007-09-30", "reportedCurrency": "USD", "grossProfit": "124310000", "totalRevenue": "125076000", "costOfRevenue": "766000", "costofGoodsAndServicesSold": "766000", "operatingIncome": "64587000", "sellingGeneralAndAdministrative": "8626000", "researchAndDevelopment": "0", "operatingExpenses": "60489000", "investmentIncomeNet": "None", "netInterestIncome": "None", "interestIncome": "None", "interestExpense": "34869000", "nonInterestIncome": "None", "otherNonOperatingIncome": "None", "depreciation": "None", "depreciationAndAmortization": "40137000", "incomeBeforeTax": "483000", "incomeTaxExpense": "4627000", "interestAndDebtExpense": "None", "netIncomeFromContinuingOperations": "0", "comprehensiveIncomeNetOfTax": "None", "ebit": "64587000", "ebitda": "104724000", "netIncome": "24529000"}, {"fiscalDateEnding": "2007-06-30", "reportedCurrency": "USD", "grossProfit": "118219000", "totalRevenue": "119252000", "costOfRevenue": "1033000", "costofGoodsAndServicesSold": "1033000", "operatingIncome": "64130000", "sellingGeneralAndAdministrative": "9888000", "researchAndDevelopment": "0", "operatingExpenses": "55122000", "investmentIncomeNet": "None", "netInterestIncome": "None", "interestIncome": "None", "interestExpense": "33457000", "nonInterestIncome": "None", "otherNonOperatingIncome": "None", "depreciation": "None", "depreciationAndAmortization": "35548000", "incomeBeforeTax": "392000", "incomeTaxExpense": "2073000", "interestAndDebtExpense": "None", "netIncomeFromContinuingOperations": "0", "comprehensiveIncomeNetOfTax": "None", "ebit": "64130000", "ebitda": "99678000", "netIncome": "25620000"}, {"fiscalDateEnding": "2007-03-31", "reportedCurrency": "USD", "grossProfit": "111668000", "totalRevenue": "112645000", "costOfRevenue": "977000", "costofGoodsAndServicesSold": "977000", "operatingIncome": "60557000", "sellingGeneralAndAdministrative": "9793000", "researchAndDevelopment": "0", "operatingExpenses": "52088000", "investmentIncomeNet": "None", "netInterestIncome": "None", "interestIncome": "None", "interestExpense": "31922000", "nonInterestIncome": "None", "otherNonOperatingIncome": "None", "depreciation": "None", "depreciationAndAmortization": "33860000", "incomeBeforeTax": "187000", "incomeTaxExpense": "2562000", "interestAndDebtExpense": "None", "netIncomeFromContinuingOperations": "0", "comprehensiveIncomeNetOfTax": "None", "ebit": "60557000", "ebitda": "94417000", "netIncome": "23356000"}, {"fiscalDateEnding": "2006-12-31", "reportedCurrency": "USD", "grossProfit": "323662000", "totalRevenue": "86595000", "costOfRevenue": "-237067000", "costofGoodsAndServicesSold": "-237067000", "operatingIncome": "51812000", "sellingGeneralAndAdministrative": "9487000", "researchAndDevelopment": "0", "operatingExpenses": "34783000", "investmentIncomeNet": "None", "netInterestIncome": "None", "interestIncome": "None", "interestExpense": "94802000", "nonInterestIncome": "None", "otherNonOperatingIncome": "None", "depreciation": "None", "depreciationAndAmortization": "23447000", "incomeBeforeTax": "-2021000", "incomeTaxExpense": "79792000", "interestAndDebtExpense": "None", "netIncomeFromContinuingOperations": "0", "comprehensiveIncomeNetOfTax": "None", "ebit": "51812000", "ebitda": "75259000", "netIncome": "17494000"}, {"fiscalDateEnding": "2006-09-30", "reportedCurrency": "USD", "grossProfit": "80637000", "totalRevenue": "80745000", "costOfRevenue": "108000", "costofGoodsAndServicesSold": "108000", "operatingIncome": "50396000", "sellingGeneralAndAdministrative": "5223000", "researchAndDevelopment": "0", "operatingExpenses": "30349000", "investmentIncomeNet": "None", "netInterestIncome": "None", "interestIncome": "None", "interestExpense": "24007000", "nonInterestIncome": "None", "otherNonOperatingIncome": "None", "depreciation": "None", "depreciationAndAmortization": "25307000", "incomeBeforeTax": "316000", "incomeTaxExpense": "-2490000", "interestAndDebtExpense": "None", "netIncomeFromContinuingOperations": "0", "comprehensiveIncomeNetOfTax": "None", "ebit": "50396000", "ebitda": "75703000", "netIncome": "21480000"}, {"fiscalDateEnding": "2006-06-30", "reportedCurrency": "USD", "grossProfit": "79247000", "totalRevenue": "80176000", "costOfRevenue": "929000", "costofGoodsAndServicesSold": "929000", "operatingIncome": "49999000", "sellingGeneralAndAdministrative": "5089000", "researchAndDevelopment": "0", "operatingExpenses": "30177000", "investmentIncomeNet": "None", "netInterestIncome": "None", "interestIncome": "None", "interestExpense": "23058000", "nonInterestIncome": "None", "otherNonOperatingIncome": "None", "depreciation": "None", "depreciationAndAmortization": "22341000", "incomeBeforeTax": "131000", "incomeTaxExpense": "-3022000", "interestAndDebtExpense": "None", "netIncomeFromContinuingOperations": "0", "comprehensiveIncomeNetOfTax": "None", "ebit": "51148000", "ebitda": "73489000", "netIncome": "22668000"}, {"fiscalDateEnding": "2006-03-31", "reportedCurrency": "USD", "grossProfit": "75860000", "totalRevenue": "77413000", "costOfRevenue": "1553000", "costofGoodsAndServicesSold": "1553000", "operatingIncome": "47198000", "sellingGeneralAndAdministrative": "6201000", "researchAndDevelopment": "0", "operatingExpenses": "30215000", "investmentIncomeNet": "None", "netInterestIncome": "None", "interestIncome": "None", "interestExpense": "24043000", "nonInterestIncome": "None", "otherNonOperatingIncome": "None", "depreciation": "None", "depreciationAndAmortization": "26469000", "incomeBeforeTax": "270000", "incomeTaxExpense": "-665000", "interestAndDebtExpense": "None", "netIncomeFromContinuingOperations": "0", "comprehensiveIncomeNetOfTax": "None", "ebit": "47198000", "ebitda": "73667000", "netIncome": "19645000"}, {"fiscalDateEnding": "2005-12-31", "reportedCurrency": "USD", "grossProfit": "281391000", "totalRevenue": "74567000", "costOfRevenue": "-206824000", "costofGoodsAndServicesSold": "-206824000", "operatingIncome": "68623000", "sellingGeneralAndAdministrative": "4256000", "researchAndDevelopment": "0", "operatingExpenses": "5944000", "investmentIncomeNet": "None", "netInterestIncome": "None", "interestIncome": "None", "interestExpense": "80050000", "nonInterestIncome": "None", "otherNonOperatingIncome": "None", "depreciation": "None", "depreciationAndAmortization": "22063000", "incomeBeforeTax": "1905000", "incomeTaxExpense": "52366000", "interestAndDebtExpense": "None", "netIncomeFromContinuingOperations": "0", "comprehensiveIncomeNetOfTax": "None", "ebit": "68623000", "ebitda": "90686000", "netIncome": "26587000"}, {"fiscalDateEnding": "2005-09-30", "reportedCurrency": "USD", "grossProfit": "73065000", "totalRevenue": "73065000", "costOfRevenue": "22241000", "costofGoodsAndServicesSold": "22241000", "operatingIncome": "46276000", "sellingGeneralAndAdministrative": "4640000", "researchAndDevelopment": "0", "operatingExpenses": "26789000", "investmentIncomeNet": "None", "netInterestIncome": "None", "interestIncome": "None", "interestExpense": "21205000", "nonInterestIncome": "None", "otherNonOperatingIncome": "None", "depreciation": "None", "depreciationAndAmortization": "22979000", "incomeBeforeTax": "226000", "incomeTaxExpense": "-3866000", "interestAndDebtExpense": "None", "netIncomeFromContinuingOperations": "0", "comprehensiveIncomeNetOfTax": "None", "ebit": "46276000", "ebitda": "69255000", "netIncome": "19908000"}, {"fiscalDateEnding": "2005-06-30", "reportedCurrency": "USD", "grossProfit": "68583000", "totalRevenue": "68607000", "costOfRevenue": "24000", "costofGoodsAndServicesSold": "24000", "operatingIncome": "23849000", "sellingGeneralAndAdministrative": "4337000", "researchAndDevelopment": "0", "operatingExpenses": "44758000", "investmentIncomeNet": "None", "netInterestIncome": "None", "interestIncome": "None", "interestExpense": "19984000", "nonInterestIncome": "None", "otherNonOperatingIncome": "None", "depreciation": "None", "depreciationAndAmortization": "23323000", "incomeBeforeTax": "-11000", "incomeTaxExpense": "16143000", "interestAndDebtExpense": "None", "netIncomeFromContinuingOperations": "0", "comprehensiveIncomeNetOfTax": "None", "ebit": "23849000", "ebitda": "47172000", "netIncome": "3830000"}, {"fiscalDateEnding": "2005-03-31", "reportedCurrency": "USD", "grossProfit": "68269000", "totalRevenue": "68379000", "costOfRevenue": "110000", "costofGoodsAndServicesSold": "110000", "operatingIncome": "42901000", "sellingGeneralAndAdministrative": "4017000", "researchAndDevelopment": "0", "operatingExpenses": "25478000", "investmentIncomeNet": "None", "netInterestIncome": "None", "interestIncome": "None", "interestExpense": "19601000", "nonInterestIncome": "None", "otherNonOperatingIncome": "None", "depreciation": "None", "depreciationAndAmortization": "21438000", "incomeBeforeTax": "49000", "incomeTaxExpense": "-3589000", "interestAndDebtExpense": "None", "netIncomeFromContinuingOperations": "0", "comprehensiveIncomeNetOfTax": "None", "ebit": "42901000", "ebitda": "64339000", "netIncome": "17803000"}, {"fiscalDateEnding": "2004-12-31", "reportedCurrency": "USD", "grossProfit": "226827000", "totalRevenue": "43046000", "costOfRevenue": "-183781000", "costofGoodsAndServicesSold": "-183781000", "operatingIncome": "15772000", "sellingGeneralAndAdministrative": "6246000", "researchAndDevelopment": "0", "operatingExpenses": "27274000", "investmentIncomeNet": "None", "netInterestIncome": "None", "interestIncome": "None", "interestExpense": "71994000", "nonInterestIncome": "None", "otherNonOperatingIncome": "None", "depreciation": "None", "depreciationAndAmortization": "99588000", "incomeBeforeTax": "641000", "incomeTaxExpense": "64161000", "interestAndDebtExpense": "None", "netIncomeFromContinuingOperations": "0", "comprehensiveIncomeNetOfTax": "None", "ebit": "15772000", "ebitda": "115360000", "netIncome": "21210000"}]}