{"symbol": "BIIB", "annualReports": [{"fiscalDateEnding": "2024-12-31", "reportedCurrency": "USD", "grossProfit": "9675900000", "totalRevenue": "9675900000", "costOfRevenue": "2310400000", "costofGoodsAndServicesSold": "2310400000", "operatingIncome": "5230400000", "sellingGeneralAndAdministrative": "2403700000", "researchAndDevelopment": "2041800000", "operatingExpenses": "4445500000", "investmentIncomeNet": "None", "netInterestIncome": "-182700000", "interestIncome": "67600000", "interestExpense": "250300000", "nonInterestIncome": "None", "otherNonOperatingIncome": "None", "depreciation": "None", "depreciationAndAmortization": "None", "incomeBeforeTax": "1906000000", "incomeTaxExpense": "273800000", "interestAndDebtExpense": "None", "netIncomeFromContinuingOperations": "1632200000", "comprehensiveIncomeNetOfTax": "None", "ebit": "None", "ebitda": "None", "netIncome": "1632200000"}, {"fiscalDateEnding": "2023-12-31", "reportedCurrency": "USD", "grossProfit": "7302200000", "totalRevenue": "9835600000", "costOfRevenue": "2533400000", "costofGoodsAndServicesSold": "2533400000", "operatingIncome": "2097300000", "sellingGeneralAndAdministrative": "2430900000", "researchAndDevelopment": "2702600000", "operatingExpenses": "6005399999", "investmentIncomeNet": "None", "netInterestIncome": "29600000", "interestIncome": "276500000", "interestExpense": "246900000", "nonInterestIncome": "None", "otherNonOperatingIncome": "None", "depreciation": "None", "depreciationAndAmortization": "494800000", "incomeBeforeTax": "1296800000", "incomeTaxExpense": "135300000", "interestAndDebtExpense": "None", "netIncomeFromContinuingOperations": "1161500000", "comprehensiveIncomeNetOfTax": "None", "ebit": "1882200000", "ebitda": "2377000000", "netIncome": "1161100000"}, {"fiscalDateEnding": "2022-12-31", "reportedCurrency": "USD", "grossProfit": "7895100000", "totalRevenue": "10173400000", "costOfRevenue": "2278300000", "costofGoodsAndServicesSold": "2278300000", "operatingIncome": "2320200000", "sellingGeneralAndAdministrative": "2349500000", "researchAndDevelopment": "2231100000", "operatingExpenses": "4993200000", "investmentIncomeNet": "None", "netInterestIncome": "-157300000", "interestIncome": "89300000", "interestExpense": "246600000", "nonInterestIncome": "None", "otherNonOperatingIncome": "614500000", "depreciation": "None", "depreciationAndAmortization": "518700000", "incomeBeforeTax": "3591800000", "incomeTaxExpense": "632800000", "interestAndDebtExpense": "None", "netIncomeFromContinuingOperations": "2961600000", "comprehensiveIncomeNetOfTax": "None", "ebit": "3838400000", "ebitda": "4357100000", "netIncome": "3046900000"}, {"fiscalDateEnding": "2021-12-31", "reportedCurrency": "USD", "grossProfit": "8872000000", "totalRevenue": "10981700000", "costOfRevenue": "2109700000", "costofGoodsAndServicesSold": "2109700000", "operatingIncome": "2840700000", "sellingGeneralAndAdministrative": "2575600000", "researchAndDevelopment": "2501200000", "operatingExpenses": "6064000000", "investmentIncomeNet": "None", "netInterestIncome": "-242600000", "interestIncome": "11000000", "interestExpense": "253600000", "nonInterestIncome": "None", "otherNonOperatingIncome": "-1060600000", "depreciation": "None", "depreciationAndAmortization": "487300000", "incomeBeforeTax": "1745200000", "incomeTaxExpense": "52500000", "interestAndDebtExpense": "None", "netIncomeFromContinuingOperations": "1692700000", "comprehensiveIncomeNetOfTax": "None", "ebit": "1998800000", "ebitda": "2486100000", "netIncome": "1556100000"}, {"fiscalDateEnding": "2020-12-31", "reportedCurrency": "USD", "grossProfit": "11639400000", "totalRevenue": "13444600000", "costOfRevenue": "1805200000", "costofGoodsAndServicesSold": "1805200000", "operatingIncome": "4550100000", "sellingGeneralAndAdministrative": "2392700000", "researchAndDevelopment": "3990900000", "operatingExpenses": "7193100000", "investmentIncomeNet": "None", "netInterestIncome": "-180500000", "interestIncome": "42000000", "interestExpense": "222500000", "nonInterestIncome": "None", "otherNonOperatingIncome": "502700000", "depreciation": "None", "depreciationAndAmortization": "457000000", "incomeBeforeTax": "5047500000", "incomeTaxExpense": "992300000", "interestAndDebtExpense": "None", "netIncomeFromContinuingOperations": "4055200000", "comprehensiveIncomeNetOfTax": "None", "ebit": "5273300000", "ebitda": "5730300000", "netIncome": "4000600000"}, {"fiscalDateEnding": "2019-12-31", "reportedCurrency": "USD", "grossProfit": "12422500000", "totalRevenue": "14377900000", "costOfRevenue": "1955400000", "costofGoodsAndServicesSold": "1955400000", "operatingIncome": "7042600000", "sellingGeneralAndAdministrative": "2295500000", "researchAndDevelopment": "2280600000", "operatingExpenses": "5386800000", "investmentIncomeNet": "None", "netInterestIncome": "-67400000", "interestIncome": "120000000", "interestExpense": "187400000", "nonInterestIncome": "None", "otherNonOperatingIncome": "3900000", "depreciation": "None", "depreciationAndAmortization": "464600000", "incomeBeforeTax": "7125900000", "incomeTaxExpense": "1158000000", "interestAndDebtExpense": "None", "netIncomeFromContinuingOperations": "5967900000", "comprehensiveIncomeNetOfTax": "None", "ebit": "7313300000", "ebitda": "7777900000", "netIncome": "5888500000"}, {"fiscalDateEnding": "2018-12-31", "reportedCurrency": "USD", "grossProfit": "11636600000", "totalRevenue": "13452900000", "costOfRevenue": "1816300000", "costofGoodsAndServicesSold": "1816300000", "operatingIncome": "5888600000", "sellingGeneralAndAdministrative": "2016100000", "researchAndDevelopment": "2597200000", "operatingExpenses": "5635800000", "investmentIncomeNet": "None", "netInterestIncome": "-88100000", "interestIncome": "112500000", "interestExpense": "200600000", "nonInterestIncome": "None", "otherNonOperatingIncome": "11000000", "depreciation": "None", "depreciationAndAmortization": "650600000", "incomeBeforeTax": "5899600000", "incomeTaxExpense": "1425600000", "interestAndDebtExpense": "None", "netIncomeFromContinuingOperations": "4474000000", "comprehensiveIncomeNetOfTax": "None", "ebit": "6100200000", "ebitda": "6750800000", "netIncome": "4430700000"}, {"fiscalDateEnding": "2017-12-31", "reportedCurrency": "USD", "grossProfit": "10643900000", "totalRevenue": "12273900000", "costOfRevenue": "1630000000", "costofGoodsAndServicesSold": "1630000000", "operatingIncome": "5344200000", "sellingGeneralAndAdministrative": "1860300000", "researchAndDevelopment": "2253600000", "operatingExpenses": "5116100000", "investmentIncomeNet": "None", "netInterestIncome": "-172300000", "interestIncome": "78500000", "interestExpense": "250800000", "nonInterestIncome": "None", "otherNonOperatingIncome": "-215400000", "depreciation": "None", "depreciationAndAmortization": "721600000", "incomeBeforeTax": "5128800000", "incomeTaxExpense": "2458700000", "interestAndDebtExpense": "None", "netIncomeFromContinuingOperations": "2670100000", "comprehensiveIncomeNetOfTax": "None", "ebit": "5374400000", "ebitda": "6096000000", "netIncome": "2539100000"}, {"fiscalDateEnding": "2016-12-31", "reportedCurrency": "USD", "grossProfit": "9970100000", "totalRevenue": "11448800000", "costOfRevenue": "1478700000", "costofGoodsAndServicesSold": "1478700000", "operatingIncome": "5150400000", "sellingGeneralAndAdministrative": "1841600000", "researchAndDevelopment": "1973300000", "operatingExpenses": "4317000000", "investmentIncomeNet": "None", "netInterestIncome": "-196600000", "interestIncome": "63400000", "interestExpense": "260000000", "nonInterestIncome": "None", "otherNonOperatingIncome": "-217400000", "depreciation": "None", "depreciationAndAmortization": "682700000", "incomeBeforeTax": "4933000000", "incomeTaxExpense": "1237300000", "interestAndDebtExpense": "None", "netIncomeFromContinuingOperations": "3695700000", "comprehensiveIncomeNetOfTax": "None", "ebit": "5193000000", "ebitda": "5875700000", "netIncome": "3702800000"}, {"fiscalDateEnding": "2015-12-31", "reportedCurrency": "USD", "grossProfit": "9523400000", "totalRevenue": "10763800000", "costOfRevenue": "1240400000", "costofGoodsAndServicesSold": "1240400000", "operatingIncome": "4891000000", "sellingGeneralAndAdministrative": "2004500000", "researchAndDevelopment": "2012800000", "operatingExpenses": "4508500000", "investmentIncomeNet": "None", "netInterestIncome": "None", "interestIncome": "105000000", "interestExpense": "95500000", "nonInterestIncome": "None", "otherNonOperatingIncome": "-136200000", "depreciation": "None", "depreciationAndAmortization": "382600000", "incomeBeforeTax": "4767300000", "incomeTaxExpense": "1161600000", "interestAndDebtExpense": "None", "netIncomeFromContinuingOperations": "3605700000", "comprehensiveIncomeNetOfTax": "None", "ebit": "5232700000", "ebitda": "5615300000", "netIncome": "3547000000"}, {"fiscalDateEnding": "2014-12-31", "reportedCurrency": "USD", "grossProfit": "8532288000", "totalRevenue": "9703324000", "costOfRevenue": "1171036000", "costofGoodsAndServicesSold": "1171036000", "operatingIncome": "3972414000", "sellingGeneralAndAdministrative": "2139442000", "researchAndDevelopment": "1893422000", "operatingExpenses": "4615525000", "investmentIncomeNet": "None", "netInterestIncome": "None", "interestIncome": "None", "interestExpense": "29500000", "nonInterestIncome": "None", "otherNonOperatingIncome": "-40907000", "depreciation": "None", "depreciationAndAmortization": "489761000", "incomeBeforeTax": "3946633000", "incomeTaxExpense": "989942000", "interestAndDebtExpense": "None", "netIncomeFromContinuingOperations": "2956691000", "comprehensiveIncomeNetOfTax": "None", "ebit": "4174439000", "ebitda": "4664200000", "netIncome": "2934784000"}, {"fiscalDateEnding": "2013-12-31", "reportedCurrency": "USD", "grossProfit": "6074473000", "totalRevenue": "6932199000", "costOfRevenue": "857726000", "costofGoodsAndServicesSold": "857726000", "operatingIncome": "2515509000", "sellingGeneralAndAdministrative": "1639351000", "researchAndDevelopment": "1444053000", "operatingExpenses": "3584409000", "investmentIncomeNet": "None", "netInterestIncome": "None", "interestIncome": "None", "interestExpense": "31900000", "nonInterestIncome": "None", "otherNonOperatingIncome": "-52154000", "depreciation": "None", "depreciationAndAmortization": "342948000", "incomeBeforeTax": "2480579000", "incomeTaxExpense": "601014000", "interestAndDebtExpense": "None", "netIncomeFromContinuingOperations": "1879565000", "comprehensiveIncomeNetOfTax": "None", "ebit": "2678752000", "ebitda": "3021700000", "netIncome": "1862341000"}, {"fiscalDateEnding": "2012-12-31", "reportedCurrency": "USD", "grossProfit": "4970967000", "totalRevenue": "5516461000", "costOfRevenue": "545494000", "costofGoodsAndServicesSold": "545494000", "operatingIncome": "1855849000", "sellingGeneralAndAdministrative": "1223165000", "researchAndDevelopment": "1334919000", "operatingExpenses": "3132483000", "investmentIncomeNet": "None", "netInterestIncome": "None", "interestIncome": "None", "interestExpense": "36500000", "nonInterestIncome": "None", "otherNonOperatingIncome": "-5262000", "depreciation": "None", "depreciationAndAmortization": "202204000", "incomeBeforeTax": "1855105000", "incomeTaxExpense": "470554000", "interestAndDebtExpense": "None", "netIncomeFromContinuingOperations": "1384551000", "comprehensiveIncomeNetOfTax": "None", "ebit": "2055049000", "ebitda": "2257253000", "netIncome": "1380033000"}, {"fiscalDateEnding": "2011-12-31", "reportedCurrency": "USD", "grossProfit": "4581854000", "totalRevenue": "5048634000", "costOfRevenue": "466780000", "costofGoodsAndServicesSold": "466780000", "operatingIncome": "1724691000", "sellingGeneralAndAdministrative": "1373904000", "researchAndDevelopment": "1219602000", "operatingExpenses": "2838137000", "investmentIncomeNet": "None", "netInterestIncome": "None", "interestIncome": "None", "interestExpense": "33000000", "nonInterestIncome": "None", "otherNonOperatingIncome": "-13477000", "depreciation": "None", "depreciationAndAmortization": "208566000", "incomeBeforeTax": "1711214000", "incomeTaxExpense": "444528000", "interestAndDebtExpense": "None", "netIncomeFromContinuingOperations": "1266686000", "comprehensiveIncomeNetOfTax": "None", "ebit": "1894581000", "ebitda": "2103147000", "netIncome": "1234428000"}, {"fiscalDateEnding": "2010-12-31", "reportedCurrency": "USD", "grossProfit": "4316161000", "totalRevenue": "4716423000", "costOfRevenue": "400262000", "costofGoodsAndServicesSold": "400262000", "operatingIncome": "1248889000", "sellingGeneralAndAdministrative": "1289611000", "researchAndDevelopment": "1248604000", "operatingExpenses": "2747143000", "investmentIncomeNet": "None", "netInterestIncome": "None", "interestIncome": "None", "interestExpense": "36100000", "nonInterestIncome": "None", "otherNonOperatingIncome": "-18983000", "depreciation": "None", "depreciationAndAmortization": "354101000", "incomeBeforeTax": "1229906000", "incomeTaxExpense": "331333000", "interestAndDebtExpense": "None", "netIncomeFromContinuingOperations": "898573000", "comprehensiveIncomeNetOfTax": "None", "ebit": "1266006000", "ebitda": "1620107000", "netIncome": "1005273000"}, {"fiscalDateEnding": "2009-12-31", "reportedCurrency": "USD", "grossProfit": "3995244000", "totalRevenue": "4377348000", "costOfRevenue": "382104000", "costofGoodsAndServicesSold": "382104000", "operatingIncome": "1295427000", "sellingGeneralAndAdministrative": "1126938000", "researchAndDevelopment": "1283068000", "operatingExpenses": "2699817000", "investmentIncomeNet": "None", "netInterestIncome": "None", "interestIncome": "None", "interestExpense": "35800000", "nonInterestIncome": "None", "otherNonOperatingIncome": "37252000", "depreciation": "None", "depreciationAndAmortization": "427961000", "incomeBeforeTax": "1332679000", "incomeTaxExpense": "355617000", "interestAndDebtExpense": "None", "netIncomeFromContinuingOperations": "977062000", "comprehensiveIncomeNetOfTax": "None", "ebit": "1373879000", "ebitda": "1801840000", "netIncome": "970132000"}, {"fiscalDateEnding": "2008-12-31", "reportedCurrency": "USD", "grossProfit": "3695518000", "totalRevenue": "4097507000", "costOfRevenue": "401989000", "costofGoodsAndServicesSold": "401989000", "operatingIncome": "1213611000", "sellingGeneralAndAdministrative": "925305000", "researchAndDevelopment": "1072058000", "operatingExpenses": "2456907000", "investmentIncomeNet": "None", "netInterestIncome": "None", "interestIncome": "None", "interestExpense": "52000000", "nonInterestIncome": "None", "otherNonOperatingIncome": "None", "depreciation": "None", "depreciationAndAmortization": "462059000", "incomeBeforeTax": "1148943000", "incomeTaxExpense": "365776000", "interestAndDebtExpense": "None", "netIncomeFromContinuingOperations": "None", "comprehensiveIncomeNetOfTax": "None", "ebit": "1207843000", "ebitda": "1669902000", "netIncome": "783167000"}, {"fiscalDateEnding": "2007-12-31", "reportedCurrency": "USD", "grossProfit": "2836425000", "totalRevenue": "3171617000", "costOfRevenue": "335192000", "costofGoodsAndServicesSold": "335192000", "operatingIncome": "779772000", "sellingGeneralAndAdministrative": "776103000", "researchAndDevelopment": "925164000", "operatingExpenses": "1972841000", "investmentIncomeNet": "None", "netInterestIncome": "None", "interestIncome": "None", "interestExpense": "40500000", "nonInterestIncome": "None", "otherNonOperatingIncome": "None", "depreciation": "None", "depreciationAndAmortization": "380293000", "incomeBeforeTax": "910595000", "incomeTaxExpense": "272423000", "interestAndDebtExpense": "None", "netIncomeFromContinuingOperations": "None", "comprehensiveIncomeNetOfTax": "None", "ebit": "892695000", "ebitda": "1272988000", "netIncome": "638172000"}, {"fiscalDateEnding": "2006-12-31", "reportedCurrency": "USD", "grossProfit": "1597802000", "totalRevenue": "1872185000", "costOfRevenue": "274383000", "costofGoodsAndServicesSold": "274383000", "operatingIncome": "440020000", "sellingGeneralAndAdministrative": "685067000", "researchAndDevelopment": "1048910000", "operatingExpenses": "1991293000", "investmentIncomeNet": "None", "netInterestIncome": "None", "interestIncome": "None", "interestExpense": "871000", "nonInterestIncome": "None", "otherNonOperatingIncome": "None", "depreciation": "None", "depreciationAndAmortization": "375870000", "incomeBeforeTax": "492163000", "incomeTaxExpense": "278431000", "interestAndDebtExpense": "None", "netIncomeFromContinuingOperations": "None", "comprehensiveIncomeNetOfTax": "None", "ebit": "499804000", "ebitda": "875674000", "netIncome": "217511000"}, {"fiscalDateEnding": "2005-12-31", "reportedCurrency": "USD", "grossProfit": "1340005000", "totalRevenue": "1713619000", "costOfRevenue": "373614000", "costofGoodsAndServicesSold": "373614000", "operatingIncome": "236040000", "sellingGeneralAndAdministrative": "644758000", "researchAndDevelopment": "747671000", "operatingExpenses": "1694734000", "investmentIncomeNet": "None", "netInterestIncome": "None", "interestIncome": "None", "interestExpense": "9647000", "nonInterestIncome": "None", "otherNonOperatingIncome": "None", "depreciation": "None", "depreciationAndAmortization": "402208000", "incomeBeforeTax": "256195000", "incomeTaxExpense": "95484000", "interestAndDebtExpense": "None", "netIncomeFromContinuingOperations": "None", "comprehensiveIncomeNetOfTax": "None", "ebit": "265842000", "ebitda": "668050000", "netIncome": "160711000"}], "quarterlyReports": [{"fiscalDateEnding": "2024-12-31", "reportedCurrency": "USD", "grossProfit": "2454700000", "totalRevenue": "2454700000", "costOfRevenue": "583500000", "costofGoodsAndServicesSold": "583500000", "operatingIncome": "1242400000", "sellingGeneralAndAdministrative": "680000000", "researchAndDevelopment": "532299999", "operatingExpenses": "1212300000", "investmentIncomeNet": "None", "netInterestIncome": "-41500000", "interestIncome": "18500000", "interestExpense": "60000000", "nonInterestIncome": "None", "otherNonOperatingIncome": "None", "depreciation": "None", "depreciationAndAmortization": "None", "incomeBeforeTax": "291500000", "incomeTaxExpense": "24700000", "interestAndDebtExpense": "None", "netIncomeFromContinuingOperations": "266700000", "comprehensiveIncomeNetOfTax": "None", "ebit": "None", "ebitda": "None", "netIncome": "266800000"}, {"fiscalDateEnding": "2024-09-30", "reportedCurrency": "USD", "grossProfit": "1827100000", "totalRevenue": "2465800000", "costOfRevenue": "638700000", "costofGoodsAndServicesSold": "638700000", "operatingIncome": "496400000", "sellingGeneralAndAdministrative": "588400000", "researchAndDevelopment": "542700000", "operatingExpenses": "1376100000", "investmentIncomeNet": "None", "netInterestIncome": "-48200000", "interestIncome": "11600000", "interestExpense": "59800000", "nonInterestIncome": "None", "otherNonOperatingIncome": "None", "depreciation": "None", "depreciationAndAmortization": "182800000", "incomeBeforeTax": "451000000", "incomeTaxExpense": "62500000", "interestAndDebtExpense": "None", "netIncomeFromContinuingOperations": "388500000", "comprehensiveIncomeNetOfTax": "None", "ebit": "510800000", "ebitda": "693600000", "netIncome": "388500000"}, {"fiscalDateEnding": "2024-06-30", "reportedCurrency": "USD", "grossProfit": "1648200000", "totalRevenue": "2353000000", "costOfRevenue": "704800000", "costofGoodsAndServicesSold": "704800000", "operatingIncome": "652400000", "sellingGeneralAndAdministrative": "553800000", "researchAndDevelopment": "442000000", "operatingExpenses": "995800000", "investmentIncomeNet": "None", "netInterestIncome": "-41200000", "interestIncome": "20100000", "interestExpense": "61300000", "nonInterestIncome": "None", "otherNonOperatingIncome": "None", "depreciation": "None", "depreciationAndAmortization": "158800000", "incomeBeforeTax": "698700000", "incomeTaxExpense": "115100000", "interestAndDebtExpense": "None", "netIncomeFromContinuingOperations": "583600000", "comprehensiveIncomeNetOfTax": "None", "ebit": "760000000", "ebitda": "918800000", "netIncome": "583600000"}, {"fiscalDateEnding": "2024-03-31", "reportedCurrency": "USD", "grossProfit": "1510500000", "totalRevenue": "2200300000", "costOfRevenue": "689800000", "costofGoodsAndServicesSold": "689800000", "operatingIncome": "545400000", "sellingGeneralAndAdministrative": "581500000", "researchAndDevelopment": "383600000", "operatingExpenses": "965100000", "investmentIncomeNet": "None", "netInterestIncome": "-51800000", "interestIncome": "17400000", "interestExpense": "69200000", "nonInterestIncome": "None", "otherNonOperatingIncome": "None", "depreciation": "None", "depreciationAndAmortization": "147600000", "incomeBeforeTax": "464800000", "incomeTaxExpense": "71400000", "interestAndDebtExpense": "None", "netIncomeFromContinuingOperations": "393400000", "comprehensiveIncomeNetOfTax": "None", "ebit": "534000000", "ebitda": "681600000", "netIncome": "393400000"}, {"fiscalDateEnding": "2023-12-31", "reportedCurrency": "USD", "grossProfit": "1768000000", "totalRevenue": "2386300000", "costOfRevenue": "618300000", "costofGoodsAndServicesSold": "618300000", "operatingIncome": "291600000", "sellingGeneralAndAdministrative": "537100000", "researchAndDevelopment": "570900000", "operatingExpenses": "1310300000", "investmentIncomeNet": "None", "netInterestIncome": "-47700000", "interestIncome": "23800000", "interestExpense": "71500000", "nonInterestIncome": "None", "otherNonOperatingIncome": "None", "depreciation": "None", "depreciationAndAmortization": "140100000", "incomeBeforeTax": "291600000", "incomeTaxExpense": "42700000", "interestAndDebtExpense": "None", "netIncomeFromContinuingOperations": "248900000", "comprehensiveIncomeNetOfTax": "None", "ebit": "461100000", "ebitda": "601200000", "netIncome": "249700000"}, {"fiscalDateEnding": "2023-09-30", "reportedCurrency": "USD", "grossProfit": "1870700000", "totalRevenue": "2530300000", "costOfRevenue": "659600000", "costofGoodsAndServicesSold": "659600000", "operatingIncome": "-141200000", "sellingGeneralAndAdministrative": "788200000", "researchAndDevelopment": "736300000", "operatingExpenses": "1635900000", "investmentIncomeNet": "None", "netInterestIncome": "32100000", "interestIncome": "95900000", "interestExpense": "63800000", "nonInterestIncome": "None", "otherNonOperatingIncome": "None", "depreciation": "None", "depreciationAndAmortization": "125000000", "incomeBeforeTax": "-141200000", "incomeTaxExpense": "-72900000", "interestAndDebtExpense": "None", "netIncomeFromContinuingOperations": "-68300000", "comprehensiveIncomeNetOfTax": "None", "ebit": "-77400000", "ebitda": "47600000", "netIncome": "-68100000"}, {"fiscalDateEnding": "2023-06-30", "reportedCurrency": "USD", "grossProfit": "1863300000", "totalRevenue": "2456000000", "costOfRevenue": "592700000", "costofGoodsAndServicesSold": "592700000", "operatingIncome": "655700000", "sellingGeneralAndAdministrative": "548000000", "researchAndDevelopment": "584200000", "operatingExpenses": "1242000000", "investmentIncomeNet": "None", "netInterestIncome": "26800000", "interestIncome": "75900000", "interestExpense": "49100000", "nonInterestIncome": "None", "otherNonOperatingIncome": "None", "depreciation": "None", "depreciationAndAmortization": "117400000", "incomeBeforeTax": "708100000", "incomeTaxExpense": "114800000", "interestAndDebtExpense": "None", "netIncomeFromContinuingOperations": "593300000", "comprehensiveIncomeNetOfTax": "None", "ebit": "633300000", "ebitda": "750700000", "netIncome": "591600000"}, {"fiscalDateEnding": "2023-03-31", "reportedCurrency": "USD", "grossProfit": "1800200000", "totalRevenue": "2463000000", "costOfRevenue": "662800000", "costofGoodsAndServicesSold": "662800000", "operatingIncome": "526900000", "sellingGeneralAndAdministrative": "605000000", "researchAndDevelopment": "570600000", "operatingExpenses": "1282900000", "investmentIncomeNet": "None", "netInterestIncome": "18400000", "interestIncome": "80900000", "interestExpense": "62500000", "nonInterestIncome": "None", "otherNonOperatingIncome": "None", "depreciation": "None", "depreciationAndAmortization": "112300000", "incomeBeforeTax": "438300000", "incomeTaxExpense": "50700000", "interestAndDebtExpense": "None", "netIncomeFromContinuingOperations": "387600000", "comprehensiveIncomeNetOfTax": "None", "ebit": "500800000", "ebitda": "613100000", "netIncome": "387900000"}, {"fiscalDateEnding": "2022-12-31", "reportedCurrency": "USD", "grossProfit": "1973100000", "totalRevenue": "2544000000", "costOfRevenue": "570900000", "costofGoodsAndServicesSold": "570900000", "operatingIncome": "340100000", "sellingGeneralAndAdministrative": "578700000", "researchAndDevelopment": "601600000", "operatingExpenses": "1444600000", "investmentIncomeNet": "None", "netInterestIncome": "-4900000", "interestIncome": "49900000", "interestExpense": "54800000", "nonInterestIncome": "None", "otherNonOperatingIncome": "371500000", "depreciation": "None", "depreciationAndAmortization": "239700000", "incomeBeforeTax": "603800000", "incomeTaxExpense": "54300000", "interestAndDebtExpense": "None", "netIncomeFromContinuingOperations": "549500000", "comprehensiveIncomeNetOfTax": "None", "ebit": "658600000", "ebitda": "898300000", "netIncome": "550400000"}, {"fiscalDateEnding": "2022-09-30", "reportedCurrency": "USD", "grossProfit": "2039000000", "totalRevenue": "2508500000", "costOfRevenue": "469500000", "costofGoodsAndServicesSold": "469500000", "operatingIncome": "850300000", "sellingGeneralAndAdministrative": "561200000", "researchAndDevelopment": "549200000", "operatingExpenses": "1214300000", "investmentIncomeNet": "None", "netInterestIncome": "-36000000", "interestIncome": "23900000", "interestExpense": "59900000", "nonInterestIncome": "None", "otherNonOperatingIncome": "503700000", "depreciation": "None", "depreciationAndAmortization": "120700000", "incomeBeforeTax": "1371100000", "incomeTaxExpense": "236200000", "interestAndDebtExpense": "None", "netIncomeFromContinuingOperations": "1134900000", "comprehensiveIncomeNetOfTax": "None", "ebit": "824700000", "ebitda": "945400000", "netIncome": "1134700000"}, {"fiscalDateEnding": "2022-06-30", "reportedCurrency": "USD", "grossProfit": "2105100000", "totalRevenue": "2589100000", "costOfRevenue": "484000000", "costofGoodsAndServicesSold": "484000000", "operatingIncome": "973100000", "sellingGeneralAndAdministrative": "572600000", "researchAndDevelopment": "528600000", "operatingExpenses": "1198100000", "investmentIncomeNet": "None", "netInterestIncome": "-53200000", "interestIncome": "12600000", "interestExpense": "65800000", "nonInterestIncome": "None", "otherNonOperatingIncome": "5900000", "depreciation": "None", "depreciationAndAmortization": "134700000", "incomeBeforeTax": "1269500000", "incomeTaxExpense": "216700000", "interestAndDebtExpense": "None", "netIncomeFromContinuingOperations": "1052800000", "comprehensiveIncomeNetOfTax": "None", "ebit": "1335300000", "ebitda": "1470000000", "netIncome": "1058000000"}, {"fiscalDateEnding": "2022-03-31", "reportedCurrency": "USD", "grossProfit": "1777900000", "totalRevenue": "2531800000", "costOfRevenue": "753900000", "costofGoodsAndServicesSold": "753900000", "operatingIncome": "610700000", "sellingGeneralAndAdministrative": "627800000", "researchAndDevelopment": "551700000", "operatingExpenses": "1136200000", "investmentIncomeNet": "None", "netInterestIncome": "-63200000", "interestIncome": "2900000", "interestExpense": "66100000", "nonInterestIncome": "None", "otherNonOperatingIncome": "-266600000", "depreciation": "None", "depreciationAndAmortization": "143200000", "incomeBeforeTax": "347400000", "incomeTaxExpense": "125600000", "interestAndDebtExpense": "None", "netIncomeFromContinuingOperations": "221800000", "comprehensiveIncomeNetOfTax": "None", "ebit": "413500000", "ebitda": "556700000", "netIncome": "221800000"}, {"fiscalDateEnding": "2021-12-31", "reportedCurrency": "USD", "grossProfit": "2073700000", "totalRevenue": "2733800000", "costOfRevenue": "660100000", "costofGoodsAndServicesSold": "660100000", "operatingIncome": "587100000", "sellingGeneralAndAdministrative": "689200000", "researchAndDevelopment": "699500000", "operatingExpenses": "1488200000", "investmentIncomeNet": "None", "netInterestIncome": "-63500000", "interestIncome": "2800000", "interestExpense": "66300000", "nonInterestIncome": "None", "otherNonOperatingIncome": "-164400000", "depreciation": "None", "depreciationAndAmortization": "127100000", "incomeBeforeTax": "405000000", "incomeTaxExpense": "443200000", "interestAndDebtExpense": "None", "netIncomeFromContinuingOperations": "-38300000", "comprehensiveIncomeNetOfTax": "None", "ebit": "471300000", "ebitda": "598400000", "netIncome": "368200000"}, {"fiscalDateEnding": "2021-09-30", "reportedCurrency": "USD", "grossProfit": "2267100000", "totalRevenue": "2778900000", "costOfRevenue": "511800000", "costofGoodsAndServicesSold": "511800000", "operatingIncome": "794000000", "sellingGeneralAndAdministrative": "654100000", "researchAndDevelopment": "702400000", "operatingExpenses": "1488700000", "investmentIncomeNet": "None", "netInterestIncome": "-63700000", "interestIncome": "2600000", "interestExpense": "66300000", "nonInterestIncome": "None", "otherNonOperatingIncome": "-501800000", "depreciation": "None", "depreciationAndAmortization": "132699999", "incomeBeforeTax": "291100000", "incomeTaxExpense": "-25900000", "interestAndDebtExpense": "None", "netIncomeFromContinuingOperations": "318100000", "comprehensiveIncomeNetOfTax": "None", "ebit": "822300001", "ebitda": "955000000", "netIncome": "329200000"}, {"fiscalDateEnding": "2021-06-30", "reportedCurrency": "USD", "grossProfit": "2315300000", "totalRevenue": "2775000000", "costOfRevenue": "459700000", "costofGoodsAndServicesSold": "459700000", "operatingIncome": "485700000", "sellingGeneralAndAdministrative": "637300000", "researchAndDevelopment": "585100000", "operatingExpenses": "1811300000", "investmentIncomeNet": "None", "netInterestIncome": "-53700000", "interestIncome": "2700000", "interestExpense": "56400000", "nonInterestIncome": "None", "otherNonOperatingIncome": "130700000", "depreciation": "None", "depreciationAndAmortization": "72900000", "incomeBeforeTax": "582100000", "incomeTaxExpense": "-409100000", "interestAndDebtExpense": "None", "netIncomeFromContinuingOperations": "1025500000", "comprehensiveIncomeNetOfTax": "None", "ebit": "638500000", "ebitda": "711400000", "netIncome": "448500000"}, {"fiscalDateEnding": "2021-03-31", "reportedCurrency": "USD", "grossProfit": "2215900000", "totalRevenue": "2694000000", "costOfRevenue": "478100000", "costofGoodsAndServicesSold": "478100000", "operatingIncome": "973900000", "sellingGeneralAndAdministrative": "561200000", "researchAndDevelopment": "514200000", "operatingExpenses": "1275800000", "investmentIncomeNet": "None", "netInterestIncome": "-61800000", "interestIncome": "2900000", "interestExpense": "64700000", "nonInterestIncome": "None", "otherNonOperatingIncome": "-525100000", "depreciation": "None", "depreciationAndAmortization": "146900000", "incomeBeforeTax": "467000000", "incomeTaxExpense": "44200000", "interestAndDebtExpense": "None", "netIncomeFromContinuingOperations": "422800000", "comprehensiveIncomeNetOfTax": "None", "ebit": "531700000", "ebitda": "678600000", "netIncome": "410200000"}, {"fiscalDateEnding": "2020-12-31", "reportedCurrency": "USD", "grossProfit": "2362000000", "totalRevenue": "2852600000", "costOfRevenue": "490600000", "costofGoodsAndServicesSold": "490600000", "operatingIncome": "-330600000", "sellingGeneralAndAdministrative": "694500000", "researchAndDevelopment": "1726000000", "operatingExpenses": "2847900000", "investmentIncomeNet": "None", "netInterestIncome": "-52000000", "interestIncome": "4000000", "interestExpense": "56000000", "nonInterestIncome": "None", "otherNonOperatingIncome": "701600000", "depreciation": "None", "depreciationAndAmortization": "90400000", "incomeBeforeTax": "352900000", "incomeTaxExpense": "13300000", "interestAndDebtExpense": "None", "netIncomeFromContinuingOperations": "339400000", "comprehensiveIncomeNetOfTax": "None", "ebit": "427999999", "ebitda": "518399999", "netIncome": "357900000"}, {"fiscalDateEnding": "2020-09-30", "reportedCurrency": "USD", "grossProfit": "2927000000", "totalRevenue": "3376100000", "costOfRevenue": "449100000", "costofGoodsAndServicesSold": "449100000", "operatingIncome": "1086400000", "sellingGeneralAndAdministrative": "573100000", "researchAndDevelopment": "1140900000", "operatingExpenses": "1869600000", "investmentIncomeNet": "None", "netInterestIncome": "-50300000", "interestIncome": "6000000", "interestExpense": "56300000", "nonInterestIncome": "None", "otherNonOperatingIncome": "-141700000", "depreciation": "None", "depreciationAndAmortization": "114700000", "incomeBeforeTax": "957800000", "incomeTaxExpense": "240800000", "interestAndDebtExpense": "None", "netIncomeFromContinuingOperations": "717000000", "comprehensiveIncomeNetOfTax": "None", "ebit": "1057400000", "ebitda": "1172100000", "netIncome": "701500000"}, {"fiscalDateEnding": "2020-06-30", "reportedCurrency": "USD", "grossProfit": "3270500000", "totalRevenue": "3681600000", "costOfRevenue": "411100000", "costofGoodsAndServicesSold": "411100000", "operatingIncome": "1974500000", "sellingGeneralAndAdministrative": "555100000", "researchAndDevelopment": "647600000", "operatingExpenses": "1286000000", "investmentIncomeNet": "None", "netInterestIncome": "-58400000", "interestIncome": "7600000", "interestExpense": "66000000", "nonInterestIncome": "None", "otherNonOperatingIncome": "78100000", "depreciation": "None", "depreciationAndAmortization": "112900000", "incomeBeforeTax": "2037500000", "incomeTaxExpense": "446100000", "interestAndDebtExpense": "None", "netIncomeFromContinuingOperations": "1591400000", "comprehensiveIncomeNetOfTax": "None", "ebit": "1984500000", "ebitda": "2097400000", "netIncome": "1542100000"}, {"fiscalDateEnding": "2020-03-31", "reportedCurrency": "USD", "grossProfit": "3080000000", "totalRevenue": "3534300000", "costOfRevenue": "454300000", "costofGoodsAndServicesSold": "454300000", "operatingIncome": "1819900000", "sellingGeneralAndAdministrative": "570100000", "researchAndDevelopment": "476300000", "operatingExpenses": "1189700000", "investmentIncomeNet": "None", "netInterestIncome": "-19900000", "interestIncome": "24400000", "interestExpense": "44300000", "nonInterestIncome": "None", "otherNonOperatingIncome": "-135300000", "depreciation": "None", "depreciationAndAmortization": "119900000", "incomeBeforeTax": "1699400000", "incomeTaxExpense": "292000000", "interestAndDebtExpense": "None", "netIncomeFromContinuingOperations": "1407400000", "comprehensiveIncomeNetOfTax": "None", "ebit": "1890300000", "ebitda": "2010200000", "netIncome": "1399100000"}, {"fiscalDateEnding": "2019-12-31", "reportedCurrency": "USD", "grossProfit": "3224200000", "totalRevenue": "3671300000", "costOfRevenue": "447100000", "costofGoodsAndServicesSold": "447100000", "operatingIncome": "1777700000", "sellingGeneralAndAdministrative": "585700000", "researchAndDevelopment": "691700000", "operatingExpenses": "1484100000", "investmentIncomeNet": "None", "netInterestIncome": "-16800000", "interestIncome": "29200000", "interestExpense": "46000000", "nonInterestIncome": "None", "otherNonOperatingIncome": "-61900000", "depreciation": "None", "depreciationAndAmortization": "113000000", "incomeBeforeTax": "1728400000", "incomeTaxExpense": "276100000", "interestAndDebtExpense": "None", "netIncomeFromContinuingOperations": "1452300000", "comprehensiveIncomeNetOfTax": "None", "ebit": "1741400000", "ebitda": "1854400000", "netIncome": "1439700000"}, {"fiscalDateEnding": "2019-09-30", "reportedCurrency": "USD", "grossProfit": "3170100000", "totalRevenue": "3600100000", "costOfRevenue": "430000000", "costofGoodsAndServicesSold": "430000000", "operatingIncome": "1806300000", "sellingGeneralAndAdministrative": "554500000", "researchAndDevelopment": "540400000", "operatingExpenses": "1439000000", "investmentIncomeNet": "None", "netInterestIncome": "-15300000", "interestIncome": "30500000", "interestExpense": "45800000", "nonInterestIncome": "None", "otherNonOperatingIncome": "-49100000", "depreciation": "None", "depreciationAndAmortization": "329500000", "incomeBeforeTax": "1779000000", "incomeTaxExpense": "211300000", "interestAndDebtExpense": "None", "netIncomeFromContinuingOperations": "1567700000", "comprehensiveIncomeNetOfTax": "None", "ebit": "1608800000", "ebitda": "1938300000", "netIncome": "1545900000"}, {"fiscalDateEnding": "2019-06-30", "reportedCurrency": "USD", "grossProfit": "3140400000", "totalRevenue": "3616700000", "costOfRevenue": "476300000", "costofGoodsAndServicesSold": "476300000", "operatingIncome": "1955900000", "sellingGeneralAndAdministrative": "587600000", "researchAndDevelopment": "484800000", "operatingExpenses": "1206000000", "investmentIncomeNet": "None", "netInterestIncome": "-18600000", "interestIncome": "29100000", "interestExpense": "47700000", "nonInterestIncome": "None", "otherNonOperatingIncome": "-213700000", "depreciation": "None", "depreciationAndAmortization": "117000000", "incomeBeforeTax": "1758500000", "incomeTaxExpense": "248100000", "interestAndDebtExpense": "None", "netIncomeFromContinuingOperations": "1510400000", "comprehensiveIncomeNetOfTax": "None", "ebit": "1960600000", "ebitda": "2077600000", "netIncome": "1494100000"}, {"fiscalDateEnding": "2019-03-31", "reportedCurrency": "USD", "grossProfit": "2887800000", "totalRevenue": "3489800000", "costOfRevenue": "602000000", "costofGoodsAndServicesSold": "602000000", "operatingIncome": "1502700000", "sellingGeneralAndAdministrative": "567700000", "researchAndDevelopment": "563700000", "operatingExpenses": "1257700000", "investmentIncomeNet": "None", "netInterestIncome": "-16700000", "interestIncome": "31200000", "interestExpense": "47900000", "nonInterestIncome": "None", "otherNonOperatingIncome": "328600000", "depreciation": "None", "depreciationAndAmortization": "121100000", "incomeBeforeTax": "1860000000", "incomeTaxExpense": "422500000", "interestAndDebtExpense": "None", "netIncomeFromContinuingOperations": "1437500000", "comprehensiveIncomeNetOfTax": "None", "ebit": "1630100000", "ebitda": "1751200000", "netIncome": "1408800000"}, {"fiscalDateEnding": "2018-12-31", "reportedCurrency": "USD", "grossProfit": "3037800000", "totalRevenue": "3526300000", "costOfRevenue": "488500000", "costofGoodsAndServicesSold": "488500000", "operatingIncome": "1443100000", "sellingGeneralAndAdministrative": "500900000", "researchAndDevelopment": "611600000", "operatingExpenses": "1512600000", "investmentIncomeNet": "None", "netInterestIncome": "None", "interestIncome": "None", "interestExpense": "49400000", "nonInterestIncome": "None", "otherNonOperatingIncome": "-28600000", "depreciation": "None", "depreciationAndAmortization": "254100000", "incomeBeforeTax": "1414500000", "incomeTaxExpense": "469600000", "interestAndDebtExpense": "None", "netIncomeFromContinuingOperations": "944900000", "comprehensiveIncomeNetOfTax": "None", "ebit": "1362800000", "ebitda": "1616900000", "netIncome": "946800000"}, {"fiscalDateEnding": "2018-09-30", "reportedCurrency": "USD", "grossProfit": "2978200000", "totalRevenue": "3439000000", "costOfRevenue": "460800000", "costofGoodsAndServicesSold": "460800000", "operatingIncome": "1697600000", "sellingGeneralAndAdministrative": "497700000", "researchAndDevelopment": "507900000", "operatingExpenses": "1335000000", "investmentIncomeNet": "None", "netInterestIncome": "None", "interestIncome": "None", "interestExpense": "49000000", "nonInterestIncome": "None", "otherNonOperatingIncome": "115100000", "depreciation": "None", "depreciationAndAmortization": "346500000", "incomeBeforeTax": "1812700000", "incomeTaxExpense": "369800000", "interestAndDebtExpense": "None", "netIncomeFromContinuingOperations": "1442900000", "comprehensiveIncomeNetOfTax": "None", "ebit": "1672400000", "ebitda": "2018900000", "netIncome": "1444400000"}, {"fiscalDateEnding": "2018-06-30", "reportedCurrency": "USD", "grossProfit": "2935500000", "totalRevenue": "3356500000", "costOfRevenue": "421000000", "costofGoodsAndServicesSold": "421000000", "operatingIncome": "1213200000", "sellingGeneralAndAdministrative": "516200000", "researchAndDevelopment": "981000000", "operatingExpenses": "1643800000", "investmentIncomeNet": "None", "netInterestIncome": "None", "interestIncome": "None", "interestExpense": "51700000", "nonInterestIncome": "None", "otherNonOperatingIncome": "-34500000", "depreciation": "None", "depreciationAndAmortization": "171500000", "incomeBeforeTax": "1178700000", "incomeTaxExpense": "263700000", "interestAndDebtExpense": "None", "netIncomeFromContinuingOperations": "915000000", "comprehensiveIncomeNetOfTax": "None", "ebit": "1291700000", "ebitda": "1463200000", "netIncome": "866600000"}, {"fiscalDateEnding": "2018-03-31", "reportedCurrency": "USD", "grossProfit": "2685100000", "totalRevenue": "3131100000", "costOfRevenue": "446000000", "costofGoodsAndServicesSold": "446000000", "operatingIncome": "1534700000", "sellingGeneralAndAdministrative": "501300000", "researchAndDevelopment": "496700000", "operatingExpenses": "1144400000", "investmentIncomeNet": "None", "netInterestIncome": "None", "interestIncome": "None", "interestExpense": "50500000", "nonInterestIncome": "None", "otherNonOperatingIncome": "-41000000", "depreciation": "None", "depreciationAndAmortization": "103900000", "incomeBeforeTax": "1493700000", "incomeTaxExpense": "322500000", "interestAndDebtExpense": "None", "netIncomeFromContinuingOperations": "1171200000", "comprehensiveIncomeNetOfTax": "None", "ebit": "1605700000", "ebitda": "1709600000", "netIncome": "1172900000"}, {"fiscalDateEnding": "2017-12-31", "reportedCurrency": "USD", "grossProfit": "2797800000", "totalRevenue": "3307000000", "costOfRevenue": "509200000", "costofGoodsAndServicesSold": "509200000", "operatingIncome": "1465800000", "sellingGeneralAndAdministrative": "497200000", "researchAndDevelopment": "587600000", "operatingExpenses": "1329600000", "investmentIncomeNet": "None", "netInterestIncome": "None", "interestIncome": "None", "interestExpense": "62000000", "nonInterestIncome": "None", "otherNonOperatingIncome": "-66000000", "depreciation": "None", "depreciationAndAmortization": "139800000", "incomeBeforeTax": "1399800000", "incomeTaxExpense": "1566100000", "interestAndDebtExpense": "None", "netIncomeFromContinuingOperations": "-166300000", "comprehensiveIncomeNetOfTax": "None", "ebit": "1461800000", "ebitda": "1601600000", "netIncome": "-297400000"}, {"fiscalDateEnding": "2017-09-30", "reportedCurrency": "USD", "grossProfit": "2707800000", "totalRevenue": "3077800000", "costOfRevenue": "370000000", "costofGoodsAndServicesSold": "370000000", "operatingIncome": "1653500000", "sellingGeneralAndAdministrative": "433800000", "researchAndDevelopment": "446400000", "operatingExpenses": "1024300000", "investmentIncomeNet": "None", "netInterestIncome": "None", "interestIncome": "None", "interestExpense": "61800000", "nonInterestIncome": "None", "otherNonOperatingIncome": "-43600000", "depreciation": "None", "depreciationAndAmortization": "108900000", "incomeBeforeTax": "1609900000", "incomeTaxExpense": "383800000", "interestAndDebtExpense": "None", "netIncomeFromContinuingOperations": "1226100000", "comprehensiveIncomeNetOfTax": "None", "ebit": "1752000000", "ebitda": "1860900000", "netIncome": "1226100000"}, {"fiscalDateEnding": "2017-06-30", "reportedCurrency": "USD", "grossProfit": "2712200000", "totalRevenue": "3078400000", "costOfRevenue": "366200000", "costofGoodsAndServicesSold": "366200000", "operatingIncome": "1200600000", "sellingGeneralAndAdministrative": "430200000", "researchAndDevelopment": "796200000", "operatingExpenses": "1370400000", "investmentIncomeNet": "None", "netInterestIncome": "None", "interestIncome": "None", "interestExpense": "63600000", "nonInterestIncome": "None", "otherNonOperatingIncome": "-68200000", "depreciation": "None", "depreciationAndAmortization": "302600000", "incomeBeforeTax": "1132400000", "incomeTaxExpense": "269600000", "interestAndDebtExpense": "None", "netIncomeFromContinuingOperations": "862800000", "comprehensiveIncomeNetOfTax": "None", "ebit": "1222200000", "ebitda": "1524800000", "netIncome": "862800000"}, {"fiscalDateEnding": "2017-03-31", "reportedCurrency": "USD", "grossProfit": "2426100000", "totalRevenue": "2810700000", "costOfRevenue": "384600000", "costofGoodsAndServicesSold": "384600000", "operatingIncome": "1024300000", "sellingGeneralAndAdministrative": "499100000", "researchAndDevelopment": "423400000", "operatingExpenses": "1391800000", "investmentIncomeNet": "None", "netInterestIncome": "None", "interestIncome": "None", "interestExpense": "63400000", "nonInterestIncome": "None", "otherNonOperatingIncome": "-37600000", "depreciation": "None", "depreciationAndAmortization": "512000000", "incomeBeforeTax": "986700000", "incomeTaxExpense": "239200000", "interestAndDebtExpense": "None", "netIncomeFromContinuingOperations": "747500000", "comprehensiveIncomeNetOfTax": "None", "ebit": "1034700000", "ebitda": "1546700000", "netIncome": "747600000"}, {"fiscalDateEnding": "2016-12-31", "reportedCurrency": "USD", "grossProfit": "2493500000", "totalRevenue": "2872000000", "costOfRevenue": "378500000", "costofGoodsAndServicesSold": "378500000", "operatingIncome": "886200000", "sellingGeneralAndAdministrative": "389200000", "researchAndDevelopment": "533900000", "operatingExpenses": "1144700000", "investmentIncomeNet": "None", "netInterestIncome": "None", "interestIncome": "None", "interestExpense": "64800000", "nonInterestIncome": "None", "otherNonOperatingIncome": "-48000000", "depreciation": "None", "depreciationAndAmortization": "104200000", "incomeBeforeTax": "838200000", "incomeTaxExpense": "190300000", "interestAndDebtExpense": "None", "netIncomeFromContinuingOperations": "647900000", "comprehensiveIncomeNetOfTax": "None", "ebit": "976200000", "ebitda": "1080400000", "netIncome": "649200000"}, {"fiscalDateEnding": "2016-09-30", "reportedCurrency": "USD", "grossProfit": "2538900000", "totalRevenue": "2955800000", "costOfRevenue": "416900000", "costofGoodsAndServicesSold": "416900000", "operatingIncome": "1425300000", "sellingGeneralAndAdministrative": "462700000", "researchAndDevelopment": "529000000", "operatingExpenses": "1096100000", "investmentIncomeNet": "None", "netInterestIncome": "None", "interestIncome": "None", "interestExpense": "66000000", "nonInterestIncome": "None", "otherNonOperatingIncome": "-58100000", "depreciation": "None", "depreciationAndAmortization": "99700000", "incomeBeforeTax": "1367200000", "incomeTaxExpense": "337000000", "interestAndDebtExpense": "None", "netIncomeFromContinuingOperations": "1030200000", "comprehensiveIncomeNetOfTax": "None", "ebit": "1523300000", "ebitda": "1623000000", "netIncome": "1032900000"}, {"fiscalDateEnding": "2016-06-30", "reportedCurrency": "USD", "grossProfit": "2523900000", "totalRevenue": "2894200000", "costOfRevenue": "370300000", "costofGoodsAndServicesSold": "370300000", "operatingIncome": "1460500000", "sellingGeneralAndAdministrative": "492400000", "researchAndDevelopment": "473100000", "operatingExpenses": "1052800000", "investmentIncomeNet": "None", "netInterestIncome": "None", "interestIncome": "None", "interestExpense": "65900000", "nonInterestIncome": "None", "otherNonOperatingIncome": "-58500000", "depreciation": "None", "depreciationAndAmortization": "175400000", "incomeBeforeTax": "1402000000", "incomeTaxExpense": "353600000", "interestAndDebtExpense": "None", "netIncomeFromContinuingOperations": "1048400000", "comprehensiveIncomeNetOfTax": "None", "ebit": "1471100000", "ebitda": "1646500000", "netIncome": "1049800000"}, {"fiscalDateEnding": "2016-03-31", "reportedCurrency": "USD", "grossProfit": "2413800000", "totalRevenue": "2726800000", "costOfRevenue": "313000000", "costofGoodsAndServicesSold": "313000000", "operatingIncome": "1378400000", "sellingGeneralAndAdministrative": "497300000", "researchAndDevelopment": "437300000", "operatingExpenses": "1023400000", "investmentIncomeNet": "None", "netInterestIncome": "None", "interestIncome": "None", "interestExpense": "63300000", "nonInterestIncome": "None", "otherNonOperatingIncome": "-52800000", "depreciation": "None", "depreciationAndAmortization": "149700000", "incomeBeforeTax": "1325600000", "incomeTaxExpense": "356400000", "interestAndDebtExpense": "None", "netIncomeFromContinuingOperations": "969200000", "comprehensiveIncomeNetOfTax": "None", "ebit": "1390400000", "ebitda": "1540100000", "netIncome": "970900000"}, {"fiscalDateEnding": "2015-12-31", "reportedCurrency": "USD", "grossProfit": "2507500000", "totalRevenue": "2839300000", "costOfRevenue": "331800000", "costofGoodsAndServicesSold": "331800000", "operatingIncome": "1168200000", "sellingGeneralAndAdministrative": "474400000", "researchAndDevelopment": "541700000", "operatingExpenses": "1221300000", "investmentIncomeNet": "None", "netInterestIncome": "None", "interestIncome": "None", "interestExpense": "67400000", "nonInterestIncome": "None", "otherNonOperatingIncome": "-82364000", "depreciation": "None", "depreciationAndAmortization": "96600000", "incomeBeforeTax": "1085800000", "incomeTaxExpense": "257100000", "interestAndDebtExpense": "None", "netIncomeFromContinuingOperations": "828660000", "comprehensiveIncomeNetOfTax": "None", "ebit": "1345900000", "ebitda": "1442500000", "netIncome": "831561000"}, {"fiscalDateEnding": "2015-09-30", "reportedCurrency": "USD", "grossProfit": "2467831000", "totalRevenue": "2777859000", "costOfRevenue": "310028000", "costofGoodsAndServicesSold": "310028000", "operatingIncome": "1371832000", "sellingGeneralAndAdministrative": "477827000", "researchAndDevelopment": "519863000", "operatingExpenses": "1095755000", "investmentIncomeNet": "None", "netInterestIncome": "None", "interestIncome": "None", "interestExpense": "15600000", "nonInterestIncome": "None", "otherNonOperatingIncome": "-22246000", "depreciation": "None", "depreciationAndAmortization": "151577000", "incomeBeforeTax": "1356419000", "incomeTaxExpense": "330093000", "interestAndDebtExpense": "None", "netIncomeFromContinuingOperations": "1026326000", "comprehensiveIncomeNetOfTax": "None", "ebit": "1372123000", "ebitda": "1523700000", "netIncome": "965600000"}, {"fiscalDateEnding": "2015-06-30", "reportedCurrency": "USD", "grossProfit": "2305522000", "totalRevenue": "2591642000", "costOfRevenue": "286120000", "costofGoodsAndServicesSold": "286120000", "operatingIncome": "1233096000", "sellingGeneralAndAdministrative": "491895000", "researchAndDevelopment": "490728000", "operatingExpenses": "1074627000", "investmentIncomeNet": "None", "netInterestIncome": "None", "interestIncome": "None", "interestExpense": "5800000", "nonInterestIncome": "None", "otherNonOperatingIncome": "-15770000", "depreciation": "None", "depreciationAndAmortization": "144586000", "incomeBeforeTax": "1222207000", "incomeTaxExpense": "292501000", "interestAndDebtExpense": "None", "netIncomeFromContinuingOperations": "929706000", "comprehensiveIncomeNetOfTax": "None", "ebit": "1230914000", "ebitda": "1375500000", "netIncome": "927300000"}, {"fiscalDateEnding": "2015-03-31", "reportedCurrency": "USD", "grossProfit": "2242532000", "totalRevenue": "2554963000", "costOfRevenue": "312431000", "costofGoodsAndServicesSold": "312431000", "operatingIncome": "1117875000", "sellingGeneralAndAdministrative": "560361000", "researchAndDevelopment": "460549000", "operatingExpenses": "1116813000", "investmentIncomeNet": "None", "netInterestIncome": "None", "interestIncome": "None", "interestExpense": "6700000", "nonInterestIncome": "None", "otherNonOperatingIncome": "-15820000", "depreciation": "None", "depreciationAndAmortization": "95903000", "incomeBeforeTax": "1102889000", "incomeTaxExpense": "281881000", "interestAndDebtExpense": "None", "netIncomeFromContinuingOperations": "821008000", "comprehensiveIncomeNetOfTax": "None", "ebit": "1177697000", "ebitda": "1273600000", "netIncome": "822500000"}, {"fiscalDateEnding": "2014-12-31", "reportedCurrency": "USD", "grossProfit": "2343410000", "totalRevenue": "2640675000", "costOfRevenue": "297265000", "costofGoodsAndServicesSold": "297265000", "operatingIncome": "1159763000", "sellingGeneralAndAdministrative": "480710000", "researchAndDevelopment": "500091000", "operatingExpenses": "1180947000", "investmentIncomeNet": "None", "netInterestIncome": "None", "interestIncome": "None", "interestExpense": "7400000", "nonInterestIncome": "None", "otherNonOperatingIncome": "-8945000", "depreciation": "None", "depreciationAndAmortization": "107246000", "incomeBeforeTax": "1151012000", "incomeTaxExpense": "268233000", "interestAndDebtExpense": "None", "netIncomeFromContinuingOperations": "882779000", "comprehensiveIncomeNetOfTax": "None", "ebit": "1208808000", "ebitda": "1316054000", "netIncome": "883464000"}, {"fiscalDateEnding": "2014-09-30", "reportedCurrency": "USD", "grossProfit": "2208807000", "totalRevenue": "2511446000", "costOfRevenue": "302639000", "costofGoodsAndServicesSold": "302639000", "operatingIncome": "1152578000", "sellingGeneralAndAdministrative": "570436000", "researchAndDevelopment": "417174000", "operatingExpenses": "1110041000", "investmentIncomeNet": "None", "netInterestIncome": "None", "interestIncome": "None", "interestExpense": "7400000", "nonInterestIncome": "None", "otherNonOperatingIncome": "-21684000", "depreciation": "None", "depreciationAndAmortization": "175406000", "incomeBeforeTax": "1136288000", "incomeTaxExpense": "274774000", "interestAndDebtExpense": "None", "netIncomeFromContinuingOperations": "861514000", "comprehensiveIncomeNetOfTax": "None", "ebit": "1143688000", "ebitda": "1319094000", "netIncome": "856858000"}, {"fiscalDateEnding": "2014-06-30", "reportedCurrency": "USD", "grossProfit": "2129565000", "totalRevenue": "2421452000", "costOfRevenue": "291887000", "costofGoodsAndServicesSold": "291887000", "operatingIncome": "988725000", "sellingGeneralAndAdministrative": "576622000", "researchAndDevelopment": "447273000", "operatingExpenses": "1140721000", "investmentIncomeNet": "None", "netInterestIncome": "None", "interestIncome": "None", "interestExpense": "7100000", "nonInterestIncome": "None", "otherNonOperatingIncome": "2928000", "depreciation": "None", "depreciationAndAmortization": "164139000", "incomeBeforeTax": "993586000", "incomeTaxExpense": "268521000", "interestAndDebtExpense": "None", "netIncomeFromContinuingOperations": "725065000", "comprehensiveIncomeNetOfTax": "None", "ebit": "988844000", "ebitda": "1152983000", "netIncome": "714506000"}, {"fiscalDateEnding": "2014-03-31", "reportedCurrency": "USD", "grossProfit": "1850506000", "totalRevenue": "2129751000", "costOfRevenue": "279245000", "costofGoodsAndServicesSold": "279245000", "operatingIncome": "671348000", "sellingGeneralAndAdministrative": "511674000", "researchAndDevelopment": "528884000", "operatingExpenses": "1183816000", "investmentIncomeNet": "None", "netInterestIncome": "None", "interestIncome": "None", "interestExpense": "7600000", "nonInterestIncome": "None", "otherNonOperatingIncome": "-13206000", "depreciation": "None", "depreciationAndAmortization": "190963000", "incomeBeforeTax": "665747000", "incomeTaxExpense": "178414000", "interestAndDebtExpense": "None", "netIncomeFromContinuingOperations": "487333000", "comprehensiveIncomeNetOfTax": "None", "ebit": "673347000", "ebitda": "864310000", "netIncome": "479956000"}, {"fiscalDateEnding": "2013-12-31", "reportedCurrency": "USD", "grossProfit": "1707297000", "totalRevenue": "1965850000", "costOfRevenue": "258553000", "costofGoodsAndServicesSold": "258553000", "operatingIncome": "657926000", "sellingGeneralAndAdministrative": "450157000", "researchAndDevelopment": "422233000", "operatingExpenses": "1054514000", "investmentIncomeNet": "None", "netInterestIncome": "None", "interestIncome": "None", "interestExpense": "6400000", "nonInterestIncome": "None", "otherNonOperatingIncome": "-10359000", "depreciation": "None", "depreciationAndAmortization": "109424000", "incomeBeforeTax": "652521000", "incomeTaxExpense": "190261000", "interestAndDebtExpense": "None", "netIncomeFromContinuingOperations": "462260000", "comprehensiveIncomeNetOfTax": "None", "ebit": "728942000", "ebitda": "838366000", "netIncome": "457306000"}, {"fiscalDateEnding": "2013-09-30", "reportedCurrency": "USD", "grossProfit": "1593084000", "totalRevenue": "1827780000", "costOfRevenue": "234696000", "costofGoodsAndServicesSold": "234696000", "operatingIncome": "684531000", "sellingGeneralAndAdministrative": "405584000", "researchAndDevelopment": "410017000", "operatingExpenses": "915599000", "investmentIncomeNet": "None", "netInterestIncome": "None", "interestIncome": "None", "interestExpense": "6600000", "nonInterestIncome": "None", "otherNonOperatingIncome": "-10810000", "depreciation": "None", "depreciationAndAmortization": "147477000", "incomeBeforeTax": "679891000", "incomeTaxExpense": "186105000", "interestAndDebtExpense": "None", "netIncomeFromContinuingOperations": "493786000", "comprehensiveIncomeNetOfTax": "None", "ebit": "677485000", "ebitda": "824962000", "netIncome": "487616000"}, {"fiscalDateEnding": "2013-06-30", "reportedCurrency": "USD", "grossProfit": "1492745000", "totalRevenue": "1723473000", "costOfRevenue": "230728000", "costofGoodsAndServicesSold": "230728000", "operatingIncome": "662527000", "sellingGeneralAndAdministrative": "431012000", "researchAndDevelopment": "327463000", "operatingExpenses": "840700000", "investmentIncomeNet": "None", "netInterestIncome": "None", "interestIncome": "None", "interestExpense": "7300000", "nonInterestIncome": "None", "otherNonOperatingIncome": "-12717000", "depreciation": "None", "depreciationAndAmortization": "128427000", "incomeBeforeTax": "652099000", "incomeTaxExpense": "159140000", "interestAndDebtExpense": "None", "netIncomeFromContinuingOperations": "492959000", "comprehensiveIncomeNetOfTax": "None", "ebit": "659399000", "ebitda": "787826000", "netIncome": "490670000"}, {"fiscalDateEnding": "2013-03-31", "reportedCurrency": "USD", "grossProfit": "1281347000", "totalRevenue": "1415096000", "costOfRevenue": "133749000", "costofGoodsAndServicesSold": "133749000", "operatingIncome": "510525000", "sellingGeneralAndAdministrative": "352598000", "researchAndDevelopment": "284340000", "operatingExpenses": "773596000", "investmentIncomeNet": "None", "netInterestIncome": "None", "interestIncome": "None", "interestExpense": "11500000", "nonInterestIncome": "None", "otherNonOperatingIncome": "-18268000", "depreciation": "None", "depreciationAndAmortization": "97453000", "incomeBeforeTax": "496068000", "incomeTaxExpense": "65508000", "interestAndDebtExpense": "None", "netIncomeFromContinuingOperations": "430560000", "comprehensiveIncomeNetOfTax": "None", "ebit": "507568000", "ebitda": "605021000", "netIncome": "426749000"}, {"fiscalDateEnding": "2012-12-31", "reportedCurrency": "USD", "grossProfit": "1284113000", "totalRevenue": "1417941000", "costOfRevenue": "133828000", "costofGoodsAndServicesSold": "133828000", "operatingIncome": "445507000", "sellingGeneralAndAdministrative": "321677000", "researchAndDevelopment": "345180000", "operatingExpenses": "850049000", "investmentIncomeNet": "None", "netInterestIncome": "None", "interestIncome": "None", "interestExpense": "13400000", "nonInterestIncome": "None", "otherNonOperatingIncome": "-17039000", "depreciation": "None", "depreciationAndAmortization": "50948000", "incomeBeforeTax": "431217000", "incomeTaxExpense": "136341000", "interestAndDebtExpense": "None", "netIncomeFromContinuingOperations": "294875000", "comprehensiveIncomeNetOfTax": "None", "ebit": "490545000", "ebitda": "541493000", "netIncome": "292127000"}, {"fiscalDateEnding": "2012-09-30", "reportedCurrency": "USD", "grossProfit": "958404000", "totalRevenue": "1097762000", "costOfRevenue": "139358000", "costofGoodsAndServicesSold": "139358000", "operatingIncome": "535250000", "sellingGeneralAndAdministrative": "375176000", "researchAndDevelopment": "304217000", "operatingExpenses": "732406000", "investmentIncomeNet": "None", "netInterestIncome": "None", "interestIncome": "None", "interestExpense": "8700000", "nonInterestIncome": "None", "otherNonOperatingIncome": "-5806000", "depreciation": "None", "depreciationAndAmortization": "94203000", "incomeBeforeTax": "530702000", "incomeTaxExpense": "131044000", "interestAndDebtExpense": "None", "netIncomeFromContinuingOperations": "399658000", "comprehensiveIncomeNetOfTax": "None", "ebit": "539402000", "ebitda": "633605000", "netIncome": "398400000"}, {"fiscalDateEnding": "2012-06-30", "reportedCurrency": "USD", "grossProfit": "1281839000", "totalRevenue": "1420951000", "costOfRevenue": "139112000", "costofGoodsAndServicesSold": "139112000", "operatingIncome": "505723000", "sellingGeneralAndAdministrative": "380278000", "researchAndDevelopment": "329559000", "operatingExpenses": "762119000", "investmentIncomeNet": "None", "netInterestIncome": "None", "interestIncome": "None", "interestExpense": "7000000", "nonInterestIncome": "None", "otherNonOperatingIncome": "2439000", "depreciation": "None", "depreciationAndAmortization": "90624000", "incomeBeforeTax": "508673000", "incomeTaxExpense": "121021000", "interestAndDebtExpense": "None", "netIncomeFromContinuingOperations": "387652000", "comprehensiveIncomeNetOfTax": "None", "ebit": "515673000", "ebitda": "606297000", "netIncome": "386846000"}, {"fiscalDateEnding": "2012-03-31", "reportedCurrency": "USD", "grossProfit": "1158817000", "totalRevenue": "1292014000", "costOfRevenue": "133197000", "costofGoodsAndServicesSold": "133197000", "operatingIncome": "369370000", "sellingGeneralAndAdministrative": "385983000", "researchAndDevelopment": "355962000", "operatingExpenses": "789164000", "investmentIncomeNet": "None", "netInterestIncome": "None", "interestIncome": "None", "interestExpense": "74000000", "nonInterestIncome": "None", "otherNonOperatingIncome": "15144000", "depreciation": "None", "depreciationAndAmortization": "83945000", "incomeBeforeTax": "384514000", "incomeTaxExpense": "82148000", "interestAndDebtExpense": "None", "netIncomeFromContinuingOperations": "302366000", "comprehensiveIncomeNetOfTax": "None", "ebit": "391914000", "ebitda": "475859000", "netIncome": "302661000"}, {"fiscalDateEnding": "2011-12-31", "reportedCurrency": "USD", "grossProfit": "1187072000", "totalRevenue": "1326710000", "costOfRevenue": "139638000", "costofGoodsAndServicesSold": "139638000", "operatingIncome": "409103000", "sellingGeneralAndAdministrative": "357368000", "researchAndDevelopment": "338933000", "operatingExpenses": "777333000", "investmentIncomeNet": "None", "netInterestIncome": "None", "interestIncome": "None", "interestExpense": "7496000", "nonInterestIncome": "None", "otherNonOperatingIncome": "-3973000", "depreciation": "None", "depreciationAndAmortization": "50866000", "incomeBeforeTax": "405130000", "incomeTaxExpense": "104919000", "interestAndDebtExpense": "None", "netIncomeFromContinuingOperations": "300209000", "comprehensiveIncomeNetOfTax": "None", "ebit": "450481000", "ebitda": "501347000", "netIncome": "300238000"}, {"fiscalDateEnding": "2011-09-30", "reportedCurrency": "USD", "grossProfit": "1186407000", "totalRevenue": "1309934000", "costOfRevenue": "123527000", "costofGoodsAndServicesSold": "123527000", "operatingIncome": "488493000", "sellingGeneralAndAdministrative": "342873000", "researchAndDevelopment": "301391000", "operatingExpenses": "696111000", "investmentIncomeNet": "None", "netInterestIncome": "None", "interestIncome": "None", "interestExpense": "7927000", "nonInterestIncome": "None", "otherNonOperatingIncome": "-7727000", "depreciation": "None", "depreciationAndAmortization": "87367000", "incomeBeforeTax": "480766000", "incomeTaxExpense": "127104000", "interestAndDebtExpense": "None", "netIncomeFromContinuingOperations": "353662000", "comprehensiveIncomeNetOfTax": "None", "ebit": "488666000", "ebitda": "576033000", "netIncome": "351826000"}, {"fiscalDateEnding": "2011-06-30", "reportedCurrency": "USD", "grossProfit": "1108144000", "totalRevenue": "1208647000", "costOfRevenue": "100503000", "costofGoodsAndServicesSold": "100503000", "operatingIncome": "410813000", "sellingGeneralAndAdministrative": "354351000", "researchAndDevelopment": "285644000", "operatingExpenses": "695131000", "investmentIncomeNet": "None", "netInterestIncome": "None", "interestIncome": "None", "interestExpense": "8400000", "nonInterestIncome": "None", "otherNonOperatingIncome": "-11728000", "depreciation": "None", "depreciationAndAmortization": "90300000", "incomeBeforeTax": "399085000", "incomeTaxExpense": "95036000", "interestAndDebtExpense": "None", "netIncomeFromContinuingOperations": "304049000", "comprehensiveIncomeNetOfTax": "None", "ebit": "407485000", "ebitda": "497785000", "netIncome": "288034000"}, {"fiscalDateEnding": "2011-03-31", "reportedCurrency": "USD", "grossProfit": "1100229000", "totalRevenue": "1203342000", "costOfRevenue": "103113000", "costofGoodsAndServicesSold": "103113000", "operatingIncome": "416283000", "sellingGeneralAndAdministrative": "319310000", "researchAndDevelopment": "293633000", "operatingExpenses": "666159000", "investmentIncomeNet": "None", "netInterestIncome": "None", "interestIncome": "None", "interestExpense": "9200000", "nonInterestIncome": "None", "otherNonOperatingIncome": "9951000", "depreciation": "None", "depreciationAndAmortization": "92545000", "incomeBeforeTax": "426234000", "incomeTaxExpense": "117468000", "interestAndDebtExpense": "None", "netIncomeFromContinuingOperations": "308766000", "comprehensiveIncomeNetOfTax": "None", "ebit": "518234000", "ebitda": "610779000", "netIncome": "293800000"}, {"fiscalDateEnding": "2010-12-31", "reportedCurrency": "USD", "grossProfit": "1118768000", "totalRevenue": "1219072000", "costOfRevenue": "100304000", "costofGoodsAndServicesSold": "100304000", "operatingIncome": "355186000", "sellingGeneralAndAdministrative": "344224000", "researchAndDevelopment": "45869000", "operatingExpenses": "443453000", "investmentIncomeNet": "None", "netInterestIncome": "None", "interestIncome": "None", "interestExpense": "9500000", "nonInterestIncome": "None", "otherNonOperatingIncome": "-4664000", "depreciation": "None", "depreciationAndAmortization": "94012000", "incomeBeforeTax": "350521000", "incomeTaxExpense": "78769000", "interestAndDebtExpense": "None", "netIncomeFromContinuingOperations": "271752000", "comprehensiveIncomeNetOfTax": "None", "ebit": "360021000", "ebitda": "454033000", "netIncome": "240278000"}, {"fiscalDateEnding": "2010-09-30", "reportedCurrency": "USD", "grossProfit": "1079871000", "totalRevenue": "1175789000", "costOfRevenue": "95918000", "costofGoodsAndServicesSold": "95918000", "operatingIncome": "194135000", "sellingGeneralAndAdministrative": "308151000", "researchAndDevelopment": "524054000", "operatingExpenses": "885736000", "investmentIncomeNet": "None", "netInterestIncome": "None", "interestIncome": "None", "interestExpense": "9300000", "nonInterestIncome": "None", "otherNonOperatingIncome": "-6945000", "depreciation": "None", "depreciationAndAmortization": "90128000", "incomeBeforeTax": "187190000", "incomeTaxExpense": "75011000", "interestAndDebtExpense": "None", "netIncomeFromContinuingOperations": "112179000", "comprehensiveIncomeNetOfTax": "None", "ebit": "196535000", "ebitda": "286663000", "netIncome": "254115000"}, {"fiscalDateEnding": "2010-06-30", "reportedCurrency": "USD", "grossProfit": "1105717000", "totalRevenue": "1212702000", "costOfRevenue": "106985000", "costofGoodsAndServicesSold": "106985000", "operatingIncome": "395880000", "sellingGeneralAndAdministrative": "325014000", "researchAndDevelopment": "331675000", "operatingExpenses": "709837000", "investmentIncomeNet": "None", "netInterestIncome": "None", "interestIncome": "None", "interestExpense": "900000", "nonInterestIncome": "None", "otherNonOperatingIncome": "1012000", "depreciation": "None", "depreciationAndAmortization": "87451000", "incomeBeforeTax": "396892000", "incomeTaxExpense": "102243000", "interestAndDebtExpense": "None", "netIncomeFromContinuingOperations": "294649000", "comprehensiveIncomeNetOfTax": "None", "ebit": "405892000", "ebitda": "493343000", "netIncome": "293438000"}, {"fiscalDateEnding": "2010-03-31", "reportedCurrency": "USD", "grossProfit": "1011805000", "totalRevenue": "1108860000", "costOfRevenue": "97055000", "costofGoodsAndServicesSold": "97055000", "operatingIncome": "303689000", "sellingGeneralAndAdministrative": "312221000", "researchAndDevelopment": "347006000", "operatingExpenses": "708116000", "investmentIncomeNet": "None", "netInterestIncome": "None", "interestIncome": "None", "interestExpense": "8300000", "nonInterestIncome": "None", "otherNonOperatingIncome": "-8386000", "depreciation": "None", "depreciationAndAmortization": "82510000", "incomeBeforeTax": "295303000", "incomeTaxExpense": "75310000", "interestAndDebtExpense": "None", "netIncomeFromContinuingOperations": "219993000", "comprehensiveIncomeNetOfTax": "None", "ebit": "303603000", "ebitda": "386113000", "netIncome": "217000000"}, {"fiscalDateEnding": "2009-12-31", "reportedCurrency": "USD", "grossProfit": "1027356000", "totalRevenue": "1127056000", "costOfRevenue": "99700000", "costofGoodsAndServicesSold": "99700000", "operatingIncome": "383378000", "sellingGeneralAndAdministrative": "304915000", "researchAndDevelopment": "283082000", "operatingExpenses": "643978000", "investmentIncomeNet": "None", "netInterestIncome": "None", "interestIncome": "None", "interestExpense": "8200000", "nonInterestIncome": "None", "otherNonOperatingIncome": "None", "depreciation": "None", "depreciationAndAmortization": "93200000", "incomeBeforeTax": "389744000", "incomeTaxExpense": "83748000", "interestAndDebtExpense": "None", "netIncomeFromContinuingOperations": "0", "comprehensiveIncomeNetOfTax": "None", "ebit": "397944000", "ebitda": "491144000", "netIncome": "305637000"}, {"fiscalDateEnding": "2009-09-30", "reportedCurrency": "USD", "grossProfit": "1027032000", "totalRevenue": "1120518000", "costOfRevenue": "93486000", "costofGoodsAndServicesSold": "93486000", "operatingIncome": "384178000", "sellingGeneralAndAdministrative": "287452000", "researchAndDevelopment": "304055000", "operatingExpenses": "642854000", "investmentIncomeNet": "None", "netInterestIncome": "None", "interestIncome": "None", "interestExpense": "8500000", "nonInterestIncome": "None", "otherNonOperatingIncome": "9360000", "depreciation": "None", "depreciationAndAmortization": "85884000", "incomeBeforeTax": "393538000", "incomeTaxExpense": "113936000", "interestAndDebtExpense": "None", "netIncomeFromContinuingOperations": "279602000", "comprehensiveIncomeNetOfTax": "None", "ebit": "402038000", "ebitda": "487922000", "netIncome": "277663000"}, {"fiscalDateEnding": "2009-06-30", "reportedCurrency": "USD", "grossProfit": "1002568000", "totalRevenue": "1093289000", "costOfRevenue": "90721000", "costofGoodsAndServicesSold": "90721000", "operatingIncome": "222914000", "sellingGeneralAndAdministrative": "269967000", "researchAndDevelopment": "416453000", "operatingExpenses": "779654000", "investmentIncomeNet": "None", "netInterestIncome": "None", "interestIncome": "None", "interestExpense": "9300000", "nonInterestIncome": "None", "otherNonOperatingIncome": "14680000", "depreciation": "None", "depreciationAndAmortization": "126731000", "incomeBeforeTax": "237594000", "incomeTaxExpense": "92709000", "interestAndDebtExpense": "None", "netIncomeFromContinuingOperations": "144885000", "comprehensiveIncomeNetOfTax": "None", "ebit": "246894000", "ebitda": "373625000", "netIncome": "142845000"}, {"fiscalDateEnding": "2009-03-31", "reportedCurrency": "USD", "grossProfit": "938287000", "totalRevenue": "1036484000", "costOfRevenue": "98197000", "costofGoodsAndServicesSold": "98197000", "operatingIncome": "304958000", "sellingGeneralAndAdministrative": "264603000", "researchAndDevelopment": "279478000", "operatingExpenses": "633329000", "investmentIncomeNet": "None", "netInterestIncome": "None", "interestIncome": "None", "interestExpense": "9900000", "nonInterestIncome": "None", "otherNonOperatingIncome": "None", "depreciation": "None", "depreciationAndAmortization": "122146000", "incomeBeforeTax": "311804000", "incomeTaxExpense": "65225000", "interestAndDebtExpense": "None", "netIncomeFromContinuingOperations": "0", "comprehensiveIncomeNetOfTax": "None", "ebit": "321704000", "ebitda": "443850000", "netIncome": "243987000"}, {"fiscalDateEnding": "2008-12-31", "reportedCurrency": "USD", "grossProfit": "967752000", "totalRevenue": "1068913000", "costOfRevenue": "101161000", "costofGoodsAndServicesSold": "101161000", "operatingIncome": "324960000", "sellingGeneralAndAdministrative": "230963000", "researchAndDevelopment": "292767000", "operatingExpenses": "741160000", "investmentIncomeNet": "None", "netInterestIncome": "None", "interestIncome": "None", "interestExpense": "51962400", "nonInterestIncome": "None", "otherNonOperatingIncome": "None", "depreciation": "None", "depreciationAndAmortization": "122017000", "incomeBeforeTax": "290110000", "incomeTaxExpense": "83456000", "interestAndDebtExpense": "None", "netIncomeFromContinuingOperations": "0", "comprehensiveIncomeNetOfTax": "None", "ebit": "342072400", "ebitda": "464089400", "netIncome": "206654000"}, {"fiscalDateEnding": "2008-09-30", "reportedCurrency": "USD", "grossProfit": "985471000", "totalRevenue": "1092964000", "costOfRevenue": "107493000", "costofGoodsAndServicesSold": "107493000", "operatingIncome": "345850000", "sellingGeneralAndAdministrative": "232824000", "researchAndDevelopment": "268800000", "operatingExpenses": "596088000", "investmentIncomeNet": "None", "netInterestIncome": "None", "interestIncome": "None", "interestExpense": "8100", "nonInterestIncome": "None", "otherNonOperatingIncome": "None", "depreciation": "None", "depreciationAndAmortization": "127571000", "incomeBeforeTax": "321125000", "incomeTaxExpense": "114337000", "interestAndDebtExpense": "None", "netIncomeFromContinuingOperations": "0", "comprehensiveIncomeNetOfTax": "None", "ebit": "330237000", "ebitda": "457808000", "netIncome": "206788000"}, {"fiscalDateEnding": "2008-06-30", "reportedCurrency": "USD", "grossProfit": "901043000", "totalRevenue": "993444000", "costOfRevenue": "92401000", "costofGoodsAndServicesSold": "92401000", "operatingIncome": "296797000", "sellingGeneralAndAdministrative": "245689000", "researchAndDevelopment": "252259000", "operatingExpenses": "570817000", "investmentIncomeNet": "None", "netInterestIncome": "None", "interestIncome": "None", "interestExpense": "13900000", "nonInterestIncome": "None", "otherNonOperatingIncome": "None", "depreciation": "None", "depreciationAndAmortization": "105539000", "incomeBeforeTax": "291334000", "incomeTaxExpense": "84706000", "interestAndDebtExpense": "None", "netIncomeFromContinuingOperations": "0", "comprehensiveIncomeNetOfTax": "None", "ebit": "306679000", "ebitda": "412218000", "netIncome": "206328000"}, {"fiscalDateEnding": "2008-03-31", "reportedCurrency": "USD", "grossProfit": "841252000", "totalRevenue": "942186000", "costOfRevenue": "100934000", "costofGoodsAndServicesSold": "100934000", "operatingIncome": "246004000", "sellingGeneralAndAdministrative": "215829000", "researchAndDevelopment": "258232000", "operatingExpenses": "548842000", "investmentIncomeNet": "None", "netInterestIncome": "None", "interestIncome": "None", "interestExpense": "15730000", "nonInterestIncome": "None", "otherNonOperatingIncome": "None", "depreciation": "None", "depreciationAndAmortization": "106932000", "incomeBeforeTax": "246374000", "incomeTaxExpense": "83277000", "interestAndDebtExpense": "None", "netIncomeFromContinuingOperations": "0", "comprehensiveIncomeNetOfTax": "None", "ebit": "264784000", "ebitda": "371716000", "netIncome": "163397000"}, {"fiscalDateEnding": "2007-12-31", "reportedCurrency": "USD", "grossProfit": "805734000", "totalRevenue": "893300000", "costOfRevenue": "87566000", "costofGoodsAndServicesSold": "87566000", "operatingIncome": "262430000", "sellingGeneralAndAdministrative": "193730000", "researchAndDevelopment": "229292000", "operatingExpenses": "507686000", "investmentIncomeNet": "None", "netInterestIncome": "None", "interestIncome": "None", "interestExpense": "18600000", "nonInterestIncome": "None", "otherNonOperatingIncome": "None", "depreciation": "None", "depreciationAndAmortization": "102263000", "incomeBeforeTax": "295061000", "incomeTaxExpense": "93911000", "interestAndDebtExpense": "None", "netIncomeFromContinuingOperations": "0", "comprehensiveIncomeNetOfTax": "None", "ebit": "313661000", "ebitda": "415924000", "netIncome": "201150000"}, {"fiscalDateEnding": "2007-09-30", "reportedCurrency": "USD", "grossProfit": "707618000", "totalRevenue": "789231000", "costOfRevenue": "81613000", "costofGoodsAndServicesSold": "81613000", "operatingIncome": "129210000", "sellingGeneralAndAdministrative": "190644000", "researchAndDevelopment": "286274000", "operatingExpenses": "554291000", "investmentIncomeNet": "None", "netInterestIncome": "None", "interestIncome": "None", "interestExpense": "19600000", "nonInterestIncome": "None", "otherNonOperatingIncome": "None", "depreciation": "None", "depreciationAndAmortization": "96755000", "incomeBeforeTax": "174114000", "incomeTaxExpense": "54733000", "interestAndDebtExpense": "None", "netIncomeFromContinuingOperations": "0", "comprehensiveIncomeNetOfTax": "None", "ebit": "174133600", "ebitda": "270888600", "netIncome": "119581000"}, {"fiscalDateEnding": "2007-06-30", "reportedCurrency": "USD", "grossProfit": "689113000", "totalRevenue": "773176000", "costOfRevenue": "84063000", "costofGoodsAndServicesSold": "84063000", "operatingIncome": "206440000", "sellingGeneralAndAdministrative": "203668000", "researchAndDevelopment": "218149000", "operatingExpenses": "482778000", "investmentIncomeNet": "None", "netInterestIncome": "None", "interestIncome": "None", "interestExpense": "1900000", "nonInterestIncome": "None", "otherNonOperatingIncome": "None", "depreciation": "None", "depreciationAndAmortization": "92460000", "incomeBeforeTax": "238026000", "incomeTaxExpense": "51886000", "interestAndDebtExpense": "None", "netIncomeFromContinuingOperations": "0", "comprehensiveIncomeNetOfTax": "None", "ebit": "239926000", "ebitda": "332386000", "netIncome": "185940000"}, {"fiscalDateEnding": "2007-03-31", "reportedCurrency": "USD", "grossProfit": "633960000", "totalRevenue": "715910000", "costOfRevenue": "81950000", "costofGoodsAndServicesSold": "81950000", "operatingIncome": "181692000", "sellingGeneralAndAdministrative": "188061000", "researchAndDevelopment": "191449000", "operatingExpenses": "439430000", "investmentIncomeNet": "None", "netInterestIncome": "None", "interestIncome": "None", "interestExpense": "406000", "nonInterestIncome": "None", "otherNonOperatingIncome": "None", "depreciation": "None", "depreciationAndAmortization": "88815000", "incomeBeforeTax": "203394000", "incomeTaxExpense": "71893000", "interestAndDebtExpense": "None", "netIncomeFromContinuingOperations": "0", "comprehensiveIncomeNetOfTax": "None", "ebit": "203794000", "ebitda": "292609000", "netIncome": "131701000"}, {"fiscalDateEnding": "2006-12-31", "reportedCurrency": "USD", "grossProfit": "-164626000", "totalRevenue": "-102523000", "costOfRevenue": "62103000", "costofGoodsAndServicesSold": "62103000", "operatingIncome": "191718000", "sellingGeneralAndAdministrative": "192234000", "researchAndDevelopment": "530000000", "operatingExpenses": "772572000", "investmentIncomeNet": "None", "netInterestIncome": "None", "interestIncome": "None", "interestExpense": "318000", "nonInterestIncome": "None", "otherNonOperatingIncome": "None", "depreciation": "None", "depreciationAndAmortization": "87217000", "incomeBeforeTax": "181071000", "incomeTaxExpense": "72515000", "interestAndDebtExpense": "None", "netIncomeFromContinuingOperations": "0", "comprehensiveIncomeNetOfTax": "None", "ebit": "181389000", "ebitda": "268606000", "netIncome": "108556000"}, {"fiscalDateEnding": "2006-09-30", "reportedCurrency": "USD", "grossProfit": "636700000", "totalRevenue": "703492000", "costOfRevenue": "66792000", "costofGoodsAndServicesSold": "66792000", "operatingIncome": "197328000", "sellingGeneralAndAdministrative": "168153000", "researchAndDevelopment": "211033000", "operatingExpenses": "439197000", "investmentIncomeNet": "None", "netInterestIncome": "None", "interestIncome": "None", "interestExpense": "74000", "nonInterestIncome": "None", "otherNonOperatingIncome": "None", "depreciation": "None", "depreciationAndAmortization": "89731000", "incomeBeforeTax": "219647000", "incomeTaxExpense": "63048000", "interestAndDebtExpense": "None", "netIncomeFromContinuingOperations": "0", "comprehensiveIncomeNetOfTax": "None", "ebit": "219747000", "ebitda": "309478000", "netIncome": "156799000"}, {"fiscalDateEnding": "2006-06-30", "reportedCurrency": "USD", "grossProfit": "582048000", "totalRevenue": "660041000", "costOfRevenue": "77993000", "costofGoodsAndServicesSold": "77993000", "operatingIncome": "-122015000", "sellingGeneralAndAdministrative": "170289000", "researchAndDevelopment": "161985000", "operatingExpenses": "408534000", "investmentIncomeNet": "None", "netInterestIncome": "None", "interestIncome": "None", "interestExpense": "186000", "nonInterestIncome": "None", "otherNonOperatingIncome": "None", "depreciation": "None", "depreciationAndAmortization": "75692000", "incomeBeforeTax": "-100209000", "incomeTaxExpense": "70404000", "interestAndDebtExpense": "None", "netIncomeFromContinuingOperations": "0", "comprehensiveIncomeNetOfTax": "None", "ebit": "-99441000", "ebitda": "-23749000", "netIncome": "-170613000"}, {"fiscalDateEnding": "2006-03-31", "reportedCurrency": "USD", "grossProfit": "543681000", "totalRevenue": "611175000", "costOfRevenue": "67494000", "costofGoodsAndServicesSold": "67494000", "operatingIncome": "172989000", "sellingGeneralAndAdministrative": "154391000", "researchAndDevelopment": "145892000", "operatingExpenses": "370990000", "investmentIncomeNet": "None", "netInterestIncome": "None", "interestIncome": "None", "interestExpense": "293000", "nonInterestIncome": "None", "otherNonOperatingIncome": "None", "depreciation": "None", "depreciationAndAmortization": "123230000", "incomeBeforeTax": "191654000", "incomeTaxExpense": "72464000", "interestAndDebtExpense": "None", "netIncomeFromContinuingOperations": "0", "comprehensiveIncomeNetOfTax": "None", "ebit": "191947000", "ebitda": "315177000", "netIncome": "122790000"}, {"fiscalDateEnding": "2005-12-31", "reportedCurrency": "USD", "grossProfit": "-189380000", "totalRevenue": "-76028000", "costOfRevenue": "113352000", "costofGoodsAndServicesSold": "113352000", "operatingIncome": "93299000", "sellingGeneralAndAdministrative": "169121000", "researchAndDevelopment": "168314000", "operatingExpenses": "410994000", "investmentIncomeNet": "None", "netInterestIncome": "None", "interestIncome": "None", "interestExpense": "684000", "nonInterestIncome": "None", "otherNonOperatingIncome": "None", "depreciation": "None", "depreciationAndAmortization": "97524000", "incomeBeforeTax": "105136000", "incomeTaxExpense": "49574000", "interestAndDebtExpense": "None", "netIncomeFromContinuingOperations": "0", "comprehensiveIncomeNetOfTax": "None", "ebit": "104452000", "ebitda": "201976000", "netIncome": "55562000"}, {"fiscalDateEnding": "2005-09-30", "reportedCurrency": "USD", "grossProfit": "506650000", "totalRevenue": "596211000", "costOfRevenue": "89561000", "costofGoodsAndServicesSold": "89561000", "operatingIncome": "21165000", "sellingGeneralAndAdministrative": "161410000", "researchAndDevelopment": "227039000", "operatingExpenses": "464439000", "investmentIncomeNet": "None", "netInterestIncome": "None", "interestIncome": "None", "interestExpense": "571000", "nonInterestIncome": "None", "otherNonOperatingIncome": "None", "depreciation": "None", "depreciationAndAmortization": "109751000", "incomeBeforeTax": "32357000", "incomeTaxExpense": "5172000", "interestAndDebtExpense": "None", "netIncomeFromContinuingOperations": "0", "comprehensiveIncomeNetOfTax": "None", "ebit": "32928000", "ebitda": "142679000", "netIncome": "27145000"}, {"fiscalDateEnding": "2005-06-30", "reportedCurrency": "USD", "grossProfit": "534541000", "totalRevenue": "605634000", "costOfRevenue": "71093000", "costofGoodsAndServicesSold": "71093000", "operatingIncome": "46301000", "sellingGeneralAndAdministrative": "155754000", "researchAndDevelopment": "179843000", "operatingExpenses": "412675000", "investmentIncomeNet": "None", "netInterestIncome": "None", "interestIncome": "None", "interestExpense": "2849000", "nonInterestIncome": "None", "otherNonOperatingIncome": "None", "depreciation": "None", "depreciationAndAmortization": "98822000", "incomeBeforeTax": "52352000", "incomeTaxExpense": "17848000", "interestAndDebtExpense": "None", "netIncomeFromContinuingOperations": "0", "comprehensiveIncomeNetOfTax": "None", "ebit": "55201000", "ebitda": "154023000", "netIncome": "34453000"}, {"fiscalDateEnding": "2005-03-31", "reportedCurrency": "USD", "grossProfit": "488193000", "totalRevenue": "587802000", "costOfRevenue": "99609000", "costofGoodsAndServicesSold": "99609000", "operatingIncome": "75274000", "sellingGeneralAndAdministrative": "158458000", "researchAndDevelopment": "178784000", "operatingExpenses": "412919000", "investmentIncomeNet": "None", "netInterestIncome": "None", "interestIncome": "None", "interestExpense": "6911000", "nonInterestIncome": "None", "otherNonOperatingIncome": "None", "depreciation": "None", "depreciationAndAmortization": "96111000", "incomeBeforeTax": "66348000", "incomeTaxExpense": "22890000", "interestAndDebtExpense": "None", "netIncomeFromContinuingOperations": "0", "comprehensiveIncomeNetOfTax": "None", "ebit": "73259000", "ebitda": "169370000", "netIncome": "43394000"}, {"fiscalDateEnding": "2004-12-31", "reportedCurrency": "USD", "grossProfit": "-111327000", "totalRevenue": "-27963000", "costOfRevenue": "83364000", "costofGoodsAndServicesSold": "83364000", "operatingIncome": "57917000", "sellingGeneralAndAdministrative": "176600000", "researchAndDevelopment": "189444000", "operatingExpenses": "446499000", "investmentIncomeNet": "None", "netInterestIncome": "None", "interestIncome": "None", "interestExpense": "8652000", "nonInterestIncome": "None", "otherNonOperatingIncome": "None", "depreciation": "None", "depreciationAndAmortization": "106459000", "incomeBeforeTax": "62028000", "incomeTaxExpense": "33339000", "interestAndDebtExpense": "None", "netIncomeFromContinuingOperations": "0", "comprehensiveIncomeNetOfTax": "None", "ebit": "70680000", "ebitda": "177139000", "netIncome": "28689000"}]}