{"symbol": "AXP", "annualReports": [{"fiscalDateEnding": "2024-12-31", "reportedCurrency": "USD", "grossProfit": "42208000000", "totalRevenue": "50406000000", "costOfRevenue": "8198000000", "costofGoodsAndServicesSold": "8198000000", "operatingIncome": "36168000000", "sellingGeneralAndAdministrative": "8264000000", "researchAndDevelopment": "None", "operatingExpenses": "6040000000", "investmentIncomeNet": "None", "netInterestIncome": "15543000000", "interestIncome": "23795000000", "interestExpense": "8252000000", "nonInterestIncome": "None", "otherNonOperatingIncome": "None", "depreciation": "None", "depreciationAndAmortization": "1676000000", "incomeBeforeTax": "12895000000", "incomeTaxExpense": "2766000000", "interestAndDebtExpense": "None", "netIncomeFromContinuingOperations": "10129000000", "comprehensiveIncomeNetOfTax": "None", "ebit": "34492000000", "ebitda": "36168000000", "netIncome": "10129000000"}, {"fiscalDateEnding": "2023-12-31", "reportedCurrency": "USD", "grossProfit": "34512000000", "totalRevenue": "60363000000", "costOfRevenue": "25851000000", "costofGoodsAndServicesSold": "25851000000", "operatingIncome": "10762000000", "sellingGeneralAndAdministrative": "8067000000", "researchAndDevelopment": "0.16", "operatingExpenses": "60363000000", "investmentIncomeNet": "None", "netInterestIncome": "13134000000", "interestIncome": "19983000000", "interestExpense": "6849000000", "nonInterestIncome": "None", "otherNonOperatingIncome": "None", "depreciation": "None", "depreciationAndAmortization": "1651000000", "incomeBeforeTax": "10513000000", "incomeTaxExpense": "2139000000", "interestAndDebtExpense": "None", "netIncomeFromContinuingOperations": "8374000000", "comprehensiveIncomeNetOfTax": "None", "ebit": "12677000000", "ebitda": "14328000000", "netIncome": "8374000000"}, {"fiscalDateEnding": "2022-12-31", "reportedCurrency": "USD", "grossProfit": "32748000000", "totalRevenue": "52862000000", "costOfRevenue": "20114000000", "costofGoodsAndServicesSold": "20114000000", "operatingIncome": "12348000000", "sellingGeneralAndAdministrative": "7252000000", "researchAndDevelopment": "0.17", "operatingExpenses": "12710000000", "investmentIncomeNet": "None", "netInterestIncome": "9895000000", "interestIncome": "12658000000", "interestExpense": "2763000000", "nonInterestIncome": "None", "otherNonOperatingIncome": "None", "depreciation": "None", "depreciationAndAmortization": "44661000000", "incomeBeforeTax": "9585000000", "incomeTaxExpense": "2071000000", "interestAndDebtExpense": "None", "netIncomeFromContinuingOperations": "7514000000", "comprehensiveIncomeNetOfTax": "None", "ebit": "-32075000000", "ebitda": "12586000000", "netIncome": "7514000000"}, {"fiscalDateEnding": "2021-12-31", "reportedCurrency": "USD", "grossProfit": "27227000000", "totalRevenue": "42380000000", "costOfRevenue": "15153000000", "costofGoodsAndServicesSold": "15153000000", "operatingIncome": "10689000000", "sellingGeneralAndAdministrative": "6240000000", "researchAndDevelopment": "0.24", "operatingExpenses": "-31691000000", "investmentIncomeNet": "None", "netInterestIncome": "7750000000", "interestIncome": "9033000000", "interestExpense": "1283000000", "nonInterestIncome": "None", "otherNonOperatingIncome": "None", "depreciation": "None", "depreciationAndAmortization": "32159000000", "incomeBeforeTax": "10689000000", "incomeTaxExpense": "2629000000", "interestAndDebtExpense": "None", "netIncomeFromContinuingOperations": "8060000000", "comprehensiveIncomeNetOfTax": "None", "ebit": "-18960000000", "ebitda": "13199000000", "netIncome": "8060000000"}, {"fiscalDateEnding": "2020-12-31", "reportedCurrency": "USD", "grossProfit": "24330000000", "totalRevenue": "36087000000", "costOfRevenue": "11757000000", "costofGoodsAndServicesSold": "11757000000", "operatingIncome": "4296000000", "sellingGeneralAndAdministrative": "5718000000", "researchAndDevelopment": "0.11", "operatingExpenses": "-31791000000", "investmentIncomeNet": "None", "netInterestIncome": "7985000000", "interestIncome": "10083000000", "interestExpense": "2098000000", "nonInterestIncome": "None", "otherNonOperatingIncome": "None", "depreciation": "None", "depreciationAndAmortization": "32477000000", "incomeBeforeTax": "4296000000", "incomeTaxExpense": "1161000000", "interestAndDebtExpense": "None", "netIncomeFromContinuingOperations": "3135000000", "comprehensiveIncomeNetOfTax": "None", "ebit": "-26638000000", "ebitda": "5839000000", "netIncome": "3135000000"}, {"fiscalDateEnding": "2019-12-31", "reportedCurrency": "USD", "grossProfit": "28148000000", "totalRevenue": "43556000000", "costOfRevenue": "15408000000", "costofGoodsAndServicesSold": "15408000000", "operatingIncome": "8429000000", "sellingGeneralAndAdministrative": "5911000000", "researchAndDevelopment": "0.18", "operatingExpenses": "-35127000000", "investmentIncomeNet": "None", "netInterestIncome": "8620000000", "interestIncome": "12084000000", "interestExpense": "3464000000", "nonInterestIncome": "None", "otherNonOperatingIncome": "None", "depreciation": "None", "depreciationAndAmortization": "36456000000", "incomeBeforeTax": "8429000000", "incomeTaxExpense": "1670000000", "interestAndDebtExpense": "None", "netIncomeFromContinuingOperations": "10099000000", "comprehensiveIncomeNetOfTax": "None", "ebit": "-24704000000", "ebitda": "11752000000", "netIncome": "6759000000"}, {"fiscalDateEnding": "2018-12-31", "reportedCurrency": "USD", "grossProfit": "26296000000", "totalRevenue": "40338000000", "costOfRevenue": "14042000000", "costofGoodsAndServicesSold": "14042000000", "operatingIncome": "11065000000", "sellingGeneralAndAdministrative": "5250000000", "researchAndDevelopment": "0.19", "operatingExpenses": "11720000000", "investmentIncomeNet": "None", "netInterestIncome": "7663000000", "interestIncome": "10606000000", "interestExpense": "2943000000", "nonInterestIncome": "None", "otherNonOperatingIncome": "None", "depreciation": "None", "depreciationAndAmortization": "32806000000", "incomeBeforeTax": "8122000000", "incomeTaxExpense": "1201000000", "interestAndDebtExpense": "None", "netIncomeFromContinuingOperations": "6921000000", "comprehensiveIncomeNetOfTax": "None", "ebit": "-21039000000", "ebitda": "11767000000", "netIncome": "6921000000"}, {"fiscalDateEnding": "2017-12-31", "reportedCurrency": "USD", "grossProfit": "21292000000", "totalRevenue": "33471000000", "costOfRevenue": "12179000000", "costofGoodsAndServicesSold": "12179000000", "operatingIncome": "9526000000", "sellingGeneralAndAdministrative": "5258000000", "researchAndDevelopment": "0.19", "operatingExpenses": "8475000000", "investmentIncomeNet": "None", "netInterestIncome": "6441000000", "interestIncome": "8553000000", "interestExpense": "2112000000", "nonInterestIncome": "None", "otherNonOperatingIncome": "None", "depreciation": "None", "depreciationAndAmortization": "30109000000", "incomeBeforeTax": "7414000000", "incomeTaxExpense": "4678000000", "interestAndDebtExpense": "None", "netIncomeFromContinuingOperations": "2736000000", "comprehensiveIncomeNetOfTax": "None", "ebit": "-19876000000", "ebitda": "10233000000", "netIncome": "2736000000"}, {"fiscalDateEnding": "2016-12-31", "reportedCurrency": "USD", "grossProfit": "22500000000", "totalRevenue": "32119000000", "costOfRevenue": "9619000000", "costofGoodsAndServicesSold": "9619000000", "operatingIncome": "9800000000", "sellingGeneralAndAdministrative": "5259000000", "researchAndDevelopment": "0.23", "operatingExpenses": "8909000000", "investmentIncomeNet": "None", "netInterestIncome": "5771000000", "interestIncome": "7475000000", "interestExpense": "1704000000", "nonInterestIncome": "None", "otherNonOperatingIncome": "None", "depreciation": "None", "depreciationAndAmortization": "25249000000", "incomeBeforeTax": "8096000000", "incomeTaxExpense": "2688000000", "interestAndDebtExpense": "None", "netIncomeFromContinuingOperations": "5408000000", "comprehensiveIncomeNetOfTax": "None", "ebit": "-14357000000", "ebitda": "10892000000", "netIncome": "5408000000"}, {"fiscalDateEnding": "2015-12-31", "reportedCurrency": "USD", "grossProfit": "32818000000", "totalRevenue": "32818000000", "costOfRevenue": "8484000000", "costofGoodsAndServicesSold": "8484000000", "operatingIncome": "9561000000", "sellingGeneralAndAdministrative": "4976000000", "researchAndDevelopment": "0", "operatingExpenses": "8085000000", "investmentIncomeNet": "None", "netInterestIncome": "None", "interestIncome": "None", "interestExpense": "1623000000", "nonInterestIncome": "None", "otherNonOperatingIncome": "None", "depreciation": "None", "depreciationAndAmortization": "1043000000", "incomeBeforeTax": "7938000000", "incomeTaxExpense": "2775000000", "interestAndDebtExpense": "None", "netIncomeFromContinuingOperations": "5163000000", "comprehensiveIncomeNetOfTax": "None", "ebit": "8706000000", "ebitda": "9749000000", "netIncome": "5163000000"}, {"fiscalDateEnding": "2014-12-31", "reportedCurrency": "USD", "grossProfit": "34292000000", "totalRevenue": "34292000000", "costOfRevenue": "25305000000", "costofGoodsAndServicesSold": "25305000000", "operatingIncome": "10698000000", "sellingGeneralAndAdministrative": "6095000000", "researchAndDevelopment": "0", "operatingExpenses": "17168000000", "investmentIncomeNet": "None", "netInterestIncome": "None", "interestIncome": "None", "interestExpense": "1707000000", "nonInterestIncome": "None", "otherNonOperatingIncome": "None", "depreciation": "None", "depreciationAndAmortization": "1012000000", "incomeBeforeTax": "8991000000", "incomeTaxExpense": "3106000000", "interestAndDebtExpense": "None", "netIncomeFromContinuingOperations": "5885000000", "comprehensiveIncomeNetOfTax": "None", "ebit": "9141000000", "ebitda": "10153000000", "netIncome": "5885000000"}, {"fiscalDateEnding": "2013-12-31", "reportedCurrency": "USD", "grossProfit": "32974000000", "totalRevenue": "32974000000", "costOfRevenue": "25051000000", "costofGoodsAndServicesSold": "25051000000", "operatingIncome": "9846000000", "sellingGeneralAndAdministrative": "6191000000", "researchAndDevelopment": "0", "operatingExpenses": "16458000000", "investmentIncomeNet": "None", "netInterestIncome": "None", "interestIncome": "None", "interestExpense": "1958000000", "nonInterestIncome": "None", "otherNonOperatingIncome": "None", "depreciation": "None", "depreciationAndAmortization": "1020000000", "incomeBeforeTax": "7888000000", "incomeTaxExpense": "2529000000", "interestAndDebtExpense": "None", "netIncomeFromContinuingOperations": "5359000000", "comprehensiveIncomeNetOfTax": "None", "ebit": "7884000000", "ebitda": "8904000000", "netIncome": "5359000000"}, {"fiscalDateEnding": "2012-12-31", "reportedCurrency": "USD", "grossProfit": "31582000000", "totalRevenue": "31582000000", "costOfRevenue": "24423000000", "costofGoodsAndServicesSold": "24423000000", "operatingIncome": "8677000000", "sellingGeneralAndAdministrative": "6597000000", "researchAndDevelopment": "0", "operatingExpenses": "16568000000", "investmentIncomeNet": "None", "netInterestIncome": "None", "interestIncome": "None", "interestExpense": "2226000000", "nonInterestIncome": "None", "otherNonOperatingIncome": "None", "depreciation": "None", "depreciationAndAmortization": "991000000", "incomeBeforeTax": "6451000000", "incomeTaxExpense": "1969000000", "interestAndDebtExpense": "None", "netIncomeFromContinuingOperations": "4482000000", "comprehensiveIncomeNetOfTax": "None", "ebit": "6854000000", "ebitda": "7845000000", "netIncome": "4482000000"}, {"fiscalDateEnding": "2011-12-31", "reportedCurrency": "USD", "grossProfit": "29962000000", "totalRevenue": "29962000000", "costOfRevenue": "23770000000", "costofGoodsAndServicesSold": "23770000000", "operatingIncome": "9312000000", "sellingGeneralAndAdministrative": "6252000000", "researchAndDevelopment": "0", "operatingExpenses": "16182000000", "investmentIncomeNet": "None", "netInterestIncome": "None", "interestIncome": "None", "interestExpense": "2320000000", "nonInterestIncome": "None", "otherNonOperatingIncome": "None", "depreciation": "None", "depreciationAndAmortization": "918000000", "incomeBeforeTax": "6956000000", "incomeTaxExpense": "2057000000", "interestAndDebtExpense": "None", "netIncomeFromContinuingOperations": "4899000000", "comprehensiveIncomeNetOfTax": "None", "ebit": "6513000000", "ebitda": "7431000000", "netIncome": "4935000000"}, {"fiscalDateEnding": "2010-12-31", "reportedCurrency": "USD", "grossProfit": "27819000000", "totalRevenue": "27819000000", "costOfRevenue": "22930000000", "costofGoodsAndServicesSold": "22930000000", "operatingIncome": "8387000000", "sellingGeneralAndAdministrative": "5566000000", "researchAndDevelopment": "0", "operatingExpenses": "14210000000", "investmentIncomeNet": "None", "netInterestIncome": "None", "interestIncome": "None", "interestExpense": "2423000000", "nonInterestIncome": "None", "otherNonOperatingIncome": "None", "depreciation": "None", "depreciationAndAmortization": "917000000", "incomeBeforeTax": "5964000000", "incomeTaxExpense": "1907000000", "interestAndDebtExpense": "None", "netIncomeFromContinuingOperations": "4057000000", "comprehensiveIncomeNetOfTax": "None", "ebit": "5208000000", "ebitda": "6125000000", "netIncome": "4057000000"}, {"fiscalDateEnding": "2009-12-31", "reportedCurrency": "USD", "grossProfit": "24523000000", "totalRevenue": "24523000000", "costOfRevenue": "22842000000", "costofGoodsAndServicesSold": "22842000000", "operatingIncome": "5041000000", "sellingGeneralAndAdministrative": "5080000000", "researchAndDevelopment": "0", "operatingExpenses": "11547000000", "investmentIncomeNet": "None", "netInterestIncome": "None", "interestIncome": "None", "interestExpense": "2207000000", "nonInterestIncome": "None", "otherNonOperatingIncome": "None", "depreciation": "None", "depreciationAndAmortization": "1070000000", "incomeBeforeTax": "2841000000", "incomeTaxExpense": "704000000", "interestAndDebtExpense": "None", "netIncomeFromContinuingOperations": "2137000000", "comprehensiveIncomeNetOfTax": "None", "ebit": "2174000000", "ebitda": "3244000000", "netIncome": "2130000000"}, {"fiscalDateEnding": "2008-12-31", "reportedCurrency": "USD", "grossProfit": "28365000000", "totalRevenue": "28365000000", "costOfRevenue": "27517000000", "costofGoodsAndServicesSold": "27517000000", "operatingIncome": "6964000000", "sellingGeneralAndAdministrative": "6090000000", "researchAndDevelopment": "None", "operatingExpenses": "13451000000", "investmentIncomeNet": "None", "netInterestIncome": "None", "interestIncome": "None", "interestExpense": "3555000000", "nonInterestIncome": "None", "otherNonOperatingIncome": "None", "depreciation": "None", "depreciationAndAmortization": "712000000", "incomeBeforeTax": "3581000000", "incomeTaxExpense": "710000000", "interestAndDebtExpense": "None", "netIncomeFromContinuingOperations": "None", "comprehensiveIncomeNetOfTax": "None", "ebit": "6066000000", "ebitda": "6778000000", "netIncome": "2699000000"}, {"fiscalDateEnding": "2007-12-31", "reportedCurrency": "USD", "grossProfit": "27731000000", "totalRevenue": "27731000000", "costOfRevenue": "25188000000", "costofGoodsAndServicesSold": "25188000000", "operatingIncome": "4048", "sellingGeneralAndAdministrative": "5389000000", "researchAndDevelopment": "None", "operatingExpenses": "13206000000", "investmentIncomeNet": "None", "netInterestIncome": "None", "interestIncome": "None", "interestExpense": "3826000000", "nonInterestIncome": "None", "otherNonOperatingIncome": "None", "depreciation": "None", "depreciationAndAmortization": "648000000", "incomeBeforeTax": "5566000000", "incomeTaxExpense": "1518000000", "interestAndDebtExpense": "None", "netIncomeFromContinuingOperations": "None", "comprehensiveIncomeNetOfTax": "None", "ebit": "9356000000", "ebitda": "10004000000", "netIncome": "4012000000"}, {"fiscalDateEnding": "2006-12-31", "reportedCurrency": "USD", "grossProfit": "25900000000", "totalRevenue": "25900000000", "costOfRevenue": "22622000000", "costofGoodsAndServicesSold": "22622000000", "operatingIncome": "3729", "sellingGeneralAndAdministrative": "4954000000", "researchAndDevelopment": "None", "operatingExpenses": "11470000000", "investmentIncomeNet": "None", "netInterestIncome": "None", "interestIncome": "None", "interestExpense": "2878000000", "nonInterestIncome": "None", "otherNonOperatingIncome": "None", "depreciation": "None", "depreciationAndAmortization": "645000000", "incomeBeforeTax": "5328000000", "incomeTaxExpense": "1599000000", "interestAndDebtExpense": "None", "netIncomeFromContinuingOperations": "None", "comprehensiveIncomeNetOfTax": "None", "ebit": "8184000000", "ebitda": "8829000000", "netIncome": "3707000000"}, {"fiscalDateEnding": "2005-12-31", "reportedCurrency": "USD", "grossProfit": "23347000000", "totalRevenue": "23347000000", "costOfRevenue": "20195000000", "costofGoodsAndServicesSold": "20195000000", "operatingIncome": "3221", "sellingGeneralAndAdministrative": "7602000000", "researchAndDevelopment": "None", "operatingExpenses": "13443000000", "investmentIncomeNet": "None", "netInterestIncome": "None", "interestIncome": "None", "interestExpense": "920000000", "nonInterestIncome": "None", "otherNonOperatingIncome": "None", "depreciation": "None", "depreciationAndAmortization": "602000000", "incomeBeforeTax": "4248000000", "incomeTaxExpense": "1027000000", "interestAndDebtExpense": "None", "netIncomeFromContinuingOperations": "None", "comprehensiveIncomeNetOfTax": "None", "ebit": "5681000000", "ebitda": "6283000000", "netIncome": "3734000000"}], "quarterlyReports": [{"fiscalDateEnding": "2025-03-31", "reportedCurrency": "USD", "grossProfit": "16967000000", "totalRevenue": "16967000000", "costOfRevenue": "None", "costofGoodsAndServicesSold": "None", "operatingIncome": "None", "sellingGeneralAndAdministrative": "3606000000", "researchAndDevelopment": "None", "operatingExpenses": "None", "investmentIncomeNet": "None", "netInterestIncome": "4169000000", "interestIncome": "6135000000", "interestExpense": "1966000000", "nonInterestIncome": "None", "otherNonOperatingIncome": "None", "depreciation": "None", "depreciationAndAmortization": "None", "incomeBeforeTax": "3330000000", "incomeTaxExpense": "746000000", "interestAndDebtExpense": "None", "netIncomeFromContinuingOperations": "2584000000", "comprehensiveIncomeNetOfTax": "None", "ebit": "None", "ebitda": "None", "netIncome": "2584000000"}, {"fiscalDateEnding": "2024-12-31", "reportedCurrency": "USD", "grossProfit": "15887000000", "totalRevenue": "15887000000", "costOfRevenue": "1292000000", "costofGoodsAndServicesSold": "1292000000", "operatingIncome": "None", "sellingGeneralAndAdministrative": "2168000000", "researchAndDevelopment": "None", "operatingExpenses": "17179000000", "investmentIncomeNet": "None", "netInterestIncome": "4038000000", "interestIncome": "6077000000", "interestExpense": "2039000000", "nonInterestIncome": "None", "otherNonOperatingIncome": "None", "depreciation": "None", "depreciationAndAmortization": "428000000", "incomeBeforeTax": "2756000000", "incomeTaxExpense": "586000000", "interestAndDebtExpense": "None", "netIncomeFromContinuingOperations": "2170000000", "comprehensiveIncomeNetOfTax": "None", "ebit": "None", "ebitda": "None", "netIncome": "2170000000"}, {"fiscalDateEnding": "2024-09-30", "reportedCurrency": "USD", "grossProfit": "9406000000", "totalRevenue": "16636000000", "costOfRevenue": "7230000000", "costofGoodsAndServicesSold": "7230000000", "operatingIncome": "4334000000", "sellingGeneralAndAdministrative": "2049000000", "researchAndDevelopment": "None", "operatingExpenses": "16636000000", "investmentIncomeNet": "None", "netInterestIncome": "4006000000", "interestIncome": "6149000000", "interestExpense": "2143000000", "nonInterestIncome": "None", "otherNonOperatingIncome": "None", "depreciation": "None", "depreciationAndAmortization": "437000000", "incomeBeforeTax": "3204000000", "incomeTaxExpense": "697000000", "interestAndDebtExpense": "None", "netIncomeFromContinuingOperations": "2507000000", "comprehensiveIncomeNetOfTax": "None", "ebit": "3897000000", "ebitda": "4334000000", "netIncome": "2507000000"}, {"fiscalDateEnding": "2024-06-30", "reportedCurrency": "USD", "grossProfit": "11173000000", "totalRevenue": "18400000000", "costOfRevenue": "7227000000", "costofGoodsAndServicesSold": "7227000000", "operatingIncome": "5166000000", "sellingGeneralAndAdministrative": "1949000000", "researchAndDevelopment": "None", "operatingExpenses": "11275000000", "investmentIncomeNet": "None", "netInterestIncome": "3730000000", "interestIncome": "5794000000", "interestExpense": "2064000000", "nonInterestIncome": "None", "otherNonOperatingIncome": "None", "depreciation": "None", "depreciationAndAmortization": "421000000", "incomeBeforeTax": "3790000000", "incomeTaxExpense": "775000000", "interestAndDebtExpense": "None", "netIncomeFromContinuingOperations": "3015000000", "comprehensiveIncomeNetOfTax": "None", "ebit": "3898000000", "ebitda": "4319000000", "netIncome": "3015000000"}, {"fiscalDateEnding": "2024-03-31", "reportedCurrency": "USD", "grossProfit": "11049000000", "totalRevenue": "17811000000", "costOfRevenue": "6762000000", "costofGoodsAndServicesSold": "6762000000", "operatingIncome": "4992000000", "sellingGeneralAndAdministrative": "2098000000", "researchAndDevelopment": "None", "operatingExpenses": "6057000000", "investmentIncomeNet": "None", "netInterestIncome": "3769000000", "interestIncome": "5775000000", "interestExpense": "2006000000", "nonInterestIncome": "None", "otherNonOperatingIncome": "None", "depreciation": "None", "depreciationAndAmortization": "390000000", "incomeBeforeTax": "3145000000", "incomeTaxExpense": "708000000", "interestAndDebtExpense": "None", "netIncomeFromContinuingOperations": "2437000000", "comprehensiveIncomeNetOfTax": "None", "ebit": "3723000000", "ebitda": "4113000000", "netIncome": "2437000000"}, {"fiscalDateEnding": "2023-12-31", "reportedCurrency": "USD", "grossProfit": "9071000000", "totalRevenue": "15792000000", "costOfRevenue": "6721000000", "costofGoodsAndServicesSold": "6721000000", "operatingIncome": "2512000000", "sellingGeneralAndAdministrative": "2131000000", "researchAndDevelopment": "None", "operatingExpenses": "-13280000000", "investmentIncomeNet": "None", "netInterestIncome": "3604000000", "interestIncome": "5552000000", "interestExpense": "1948000000", "nonInterestIncome": "None", "otherNonOperatingIncome": "None", "depreciation": "None", "depreciationAndAmortization": "422000000", "incomeBeforeTax": "2512000000", "incomeTaxExpense": "579000000", "interestAndDebtExpense": "None", "netIncomeFromContinuingOperations": "1933000000", "comprehensiveIncomeNetOfTax": "None", "ebit": "3077000000", "ebitda": "3499000000", "netIncome": "1933000000"}, {"fiscalDateEnding": "2023-09-30", "reportedCurrency": "USD", "grossProfit": "8856000000", "totalRevenue": "15342000000", "costOfRevenue": "6486000000", "costofGoodsAndServicesSold": "6486000000", "operatingIncome": "3100000000", "sellingGeneralAndAdministrative": "2047000000", "researchAndDevelopment": "None", "operatingExpenses": "-12281000000", "investmentIncomeNet": "None", "netInterestIncome": "3442000000", "interestIncome": "5240000000", "interestExpense": "1798000000", "nonInterestIncome": "None", "otherNonOperatingIncome": "None", "depreciation": "None", "depreciationAndAmortization": "429000000", "incomeBeforeTax": "3100000000", "incomeTaxExpense": "649000000", "interestAndDebtExpense": "None", "netIncomeFromContinuingOperations": "2451000000", "comprehensiveIncomeNetOfTax": "None", "ebit": "3608000000", "ebitda": "4037000000", "netIncome": "2451000000"}, {"fiscalDateEnding": "2023-06-30", "reportedCurrency": "USD", "grossProfit": "8553000000", "totalRevenue": "15054000000", "costOfRevenue": "6501000000", "costofGoodsAndServicesSold": "6501000000", "operatingIncome": "2734000000", "sellingGeneralAndAdministrative": "1875000000", "researchAndDevelopment": "None", "operatingExpenses": "-12320000000", "investmentIncomeNet": "None", "netInterestIncome": "3105000000", "interestIncome": "4775000000", "interestExpense": "1670000000", "nonInterestIncome": "None", "otherNonOperatingIncome": "None", "depreciation": "None", "depreciationAndAmortization": "400000000", "incomeBeforeTax": "2734000000", "incomeTaxExpense": "560000000", "interestAndDebtExpense": "None", "netIncomeFromContinuingOperations": "2174000000", "comprehensiveIncomeNetOfTax": "None", "ebit": "3207000000", "ebitda": "3607000000", "netIncome": "2174000000"}, {"fiscalDateEnding": "2023-03-31", "reportedCurrency": "USD", "grossProfit": "8138000000", "totalRevenue": "14281000000", "costOfRevenue": "6143000000", "costofGoodsAndServicesSold": "6143000000", "operatingIncome": "3200000000", "sellingGeneralAndAdministrative": "2014000000", "researchAndDevelopment": "None", "operatingExpenses": "-11081000000", "investmentIncomeNet": "None", "netInterestIncome": "2983000000", "interestIncome": "4416000000", "interestExpense": "1433000000", "nonInterestIncome": "None", "otherNonOperatingIncome": "None", "depreciation": "None", "depreciationAndAmortization": "400000000", "incomeBeforeTax": "2167000000", "incomeTaxExpense": "351000000", "interestAndDebtExpense": "None", "netIncomeFromContinuingOperations": "1816000000", "comprehensiveIncomeNetOfTax": "None", "ebit": "2606000000", "ebitda": "3006000000", "netIncome": "1816000000"}, {"fiscalDateEnding": "2022-12-31", "reportedCurrency": "USD", "grossProfit": "14176000000", "totalRevenue": "14176000000", "costOfRevenue": "5388000000", "costofGoodsAndServicesSold": "5388000000", "operatingIncome": "2660000000", "sellingGeneralAndAdministrative": "2034000000", "researchAndDevelopment": "None", "operatingExpenses": "12305000000", "investmentIncomeNet": "None", "netInterestIncome": "2758000000", "interestIncome": "3965000000", "interestExpense": "1207000000", "nonInterestIncome": "None", "otherNonOperatingIncome": "None", "depreciation": "None", "depreciationAndAmortization": "418000000", "incomeBeforeTax": "1871000000", "incomeTaxExpense": "299000000", "interestAndDebtExpense": "None", "netIncomeFromContinuingOperations": "1572000000", "comprehensiveIncomeNetOfTax": "None", "ebit": "2660000000", "ebitda": "3078000000", "netIncome": "1572000000"}, {"fiscalDateEnding": "2022-09-30", "reportedCurrency": "USD", "grossProfit": "47000000", "totalRevenue": "13556000000", "costOfRevenue": "4785000000", "costofGoodsAndServicesSold": "4785000000", "operatingIncome": "3255000000", "sellingGeneralAndAdministrative": "1748000000", "researchAndDevelopment": "None", "operatingExpenses": "11097000000", "investmentIncomeNet": "None", "netInterestIncome": "2578000000", "interestIncome": "3374000000", "interestExpense": "796000000", "nonInterestIncome": "None", "otherNonOperatingIncome": "None", "depreciation": "None", "depreciationAndAmortization": "413000000", "incomeBeforeTax": "2459000000", "incomeTaxExpense": "580000000", "interestAndDebtExpense": "None", "netIncomeFromContinuingOperations": "1879000000", "comprehensiveIncomeNetOfTax": "None", "ebit": "3255000000", "ebitda": "3668000000", "netIncome": "1879000000"}, {"fiscalDateEnding": "2022-06-30", "reportedCurrency": "USD", "grossProfit": "10000000", "totalRevenue": "13395000000", "costOfRevenue": "4456000000", "costofGoodsAndServicesSold": "4456000000", "operatingIncome": "2982000000", "sellingGeneralAndAdministrative": "1816000000", "researchAndDevelopment": "None", "operatingExpenses": "10852000000", "investmentIncomeNet": "None", "netInterestIncome": "2360000000", "interestIncome": "2799000000", "interestExpense": "439000000", "nonInterestIncome": "None", "otherNonOperatingIncome": "None", "depreciation": "None", "depreciationAndAmortization": "397000000", "incomeBeforeTax": "2543000000", "incomeTaxExpense": "579000000", "interestAndDebtExpense": "None", "netIncomeFromContinuingOperations": "1964000000", "comprehensiveIncomeNetOfTax": "None", "ebit": "2982000000", "ebitda": "3379000000", "netIncome": "1964000000"}, {"fiscalDateEnding": "2022-03-31", "reportedCurrency": "USD", "grossProfit": "11000000", "totalRevenue": "11735000000", "costOfRevenue": "3859000000", "costofGoodsAndServicesSold": "3859000000", "operatingIncome": "3033000000", "sellingGeneralAndAdministrative": "1654000000", "researchAndDevelopment": "None", "operatingExpenses": "1224000000", "investmentIncomeNet": "None", "netInterestIncome": "2199000000", "interestIncome": "2520000000", "interestExpense": "321000000", "nonInterestIncome": "None", "otherNonOperatingIncome": "None", "depreciation": "None", "depreciationAndAmortization": "398000000", "incomeBeforeTax": "2712000000", "incomeTaxExpense": "613000000", "interestAndDebtExpense": "None", "netIncomeFromContinuingOperations": "2099000000", "comprehensiveIncomeNetOfTax": "None", "ebit": "3033000000", "ebitda": "3431000000", "netIncome": "2099000000"}, {"fiscalDateEnding": "2021-12-31", "reportedCurrency": "USD", "grossProfit": "7927000000", "totalRevenue": "12145000000", "costOfRevenue": "4218000000", "costofGoodsAndServicesSold": "4218000000", "operatingIncome": "2598000000", "sellingGeneralAndAdministrative": "1654000000", "researchAndDevelopment": "None", "operatingExpenses": "-9547000000", "investmentIncomeNet": "None", "netInterestIncome": "2108000000", "interestIncome": "2400000000", "interestExpense": "292000000", "nonInterestIncome": "None", "otherNonOperatingIncome": "None", "depreciation": "None", "depreciationAndAmortization": "419000000", "incomeBeforeTax": "2306000000", "incomeTaxExpense": "587000000", "interestAndDebtExpense": "None", "netIncomeFromContinuingOperations": "1719000000", "comprehensiveIncomeNetOfTax": "None", "ebit": "2496000000", "ebitda": "2915000000", "netIncome": "1679000000"}, {"fiscalDateEnding": "2021-09-30", "reportedCurrency": "USD", "grossProfit": "6778000000", "totalRevenue": "10928000000", "costOfRevenue": "4150000000", "costofGoodsAndServicesSold": "4150000000", "operatingIncome": "2757000000", "sellingGeneralAndAdministrative": "1497000000", "researchAndDevelopment": "None", "operatingExpenses": "-8171000000", "investmentIncomeNet": "None", "netInterestIncome": "1994000000", "interestIncome": "2301000000", "interestExpense": "307000000", "nonInterestIncome": "None", "otherNonOperatingIncome": "None", "depreciation": "None", "depreciationAndAmortization": "442000000", "incomeBeforeTax": "2450000000", "incomeTaxExpense": "624000000", "interestAndDebtExpense": "None", "netIncomeFromContinuingOperations": "1826000000", "comprehensiveIncomeNetOfTax": "None", "ebit": "2649000000", "ebitda": "3091000000", "netIncome": "1783000000"}, {"fiscalDateEnding": "2021-06-30", "reportedCurrency": "USD", "grossProfit": "6602000000", "totalRevenue": "10271000000", "costOfRevenue": "3669000000", "costofGoodsAndServicesSold": "3669000000", "operatingIncome": "3262000000", "sellingGeneralAndAdministrative": "1539000000", "researchAndDevelopment": "None", "operatingExpenses": "-7009000000", "investmentIncomeNet": "None", "netInterestIncome": "1818000000", "interestIncome": "2140000000", "interestExpense": "322000000", "nonInterestIncome": "None", "otherNonOperatingIncome": "None", "depreciation": "None", "depreciationAndAmortization": "412000000", "incomeBeforeTax": "2940000000", "incomeTaxExpense": "660000000", "interestAndDebtExpense": "None", "netIncomeFromContinuingOperations": "2280000000", "comprehensiveIncomeNetOfTax": "None", "ebit": "3150000000", "ebitda": "3562000000", "netIncome": "2249000000"}, {"fiscalDateEnding": "2021-03-31", "reportedCurrency": "USD", "grossProfit": "7234000000", "totalRevenue": "9739000000", "costOfRevenue": "2694000000", "costofGoodsAndServicesSold": "2694000000", "operatingIncome": "2235000000", "sellingGeneralAndAdministrative": "1550000000", "researchAndDevelopment": "None", "operatingExpenses": "6071000000", "investmentIncomeNet": "None", "netInterestIncome": "1830000000", "interestIncome": "2192000000", "interestExpense": "362000000", "nonInterestIncome": "None", "otherNonOperatingIncome": "None", "depreciation": "None", "depreciationAndAmortization": "422000000", "incomeBeforeTax": "2993000000", "incomeTaxExpense": "758000000", "interestAndDebtExpense": "None", "netIncomeFromContinuingOperations": "2235000000", "comprehensiveIncomeNetOfTax": "None", "ebit": "3355000000", "ebitda": "3777000000", "netIncome": "2235000000"}, {"fiscalDateEnding": "2020-12-31", "reportedCurrency": "USD", "grossProfit": "9351000000", "totalRevenue": "9351000000", "costOfRevenue": "2758000000", "costofGoodsAndServicesSold": "2758000000", "operatingIncome": "2248000000", "sellingGeneralAndAdministrative": "1566000000", "researchAndDevelopment": "None", "operatingExpenses": "-7103000000", "investmentIncomeNet": "None", "netInterestIncome": "1897000000", "interestIncome": "2287000000", "interestExpense": "390000000", "nonInterestIncome": "None", "otherNonOperatingIncome": "None", "depreciation": "None", "depreciationAndAmortization": "428000000", "incomeBeforeTax": "1858000000", "incomeTaxExpense": "420000000", "interestAndDebtExpense": "None", "netIncomeFromContinuingOperations": "1438000000", "comprehensiveIncomeNetOfTax": "None", "ebit": "2090000000", "ebitda": "2518000000", "netIncome": "1414000000"}, {"fiscalDateEnding": "2020-09-30", "reportedCurrency": "USD", "grossProfit": "8751000000", "totalRevenue": "8751000000", "costOfRevenue": "2465000000", "costofGoodsAndServicesSold": "2465000000", "operatingIncome": "1814000000", "sellingGeneralAndAdministrative": "1408000000", "researchAndDevelopment": "None", "operatingExpenses": "-6937000000", "investmentIncomeNet": "None", "netInterestIncome": "1874000000", "interestIncome": "2324000000", "interestExpense": "450000000", "nonInterestIncome": "None", "otherNonOperatingIncome": "None", "depreciation": "None", "depreciationAndAmortization": "404000000", "incomeBeforeTax": "1364000000", "incomeTaxExpense": "291000000", "interestAndDebtExpense": "None", "netIncomeFromContinuingOperations": "1073000000", "comprehensiveIncomeNetOfTax": "None", "ebit": "1611000000", "ebitda": "2015000000", "netIncome": "1050000000"}, {"fiscalDateEnding": "2020-06-30", "reportedCurrency": "USD", "grossProfit": "7675000000", "totalRevenue": "7675000000", "costOfRevenue": "1817000000", "costofGoodsAndServicesSold": "1817000000", "operatingIncome": "1164000000", "sellingGeneralAndAdministrative": "1349000000", "researchAndDevelopment": "None", "operatingExpenses": "-6511000000", "investmentIncomeNet": "None", "netInterestIncome": "1884000000", "interestIncome": "2426000000", "interestExpense": "542000000", "nonInterestIncome": "None", "otherNonOperatingIncome": "None", "depreciation": "None", "depreciationAndAmortization": "374000000", "incomeBeforeTax": "622000000", "incomeTaxExpense": "365000000", "interestAndDebtExpense": "None", "netIncomeFromContinuingOperations": "257000000", "comprehensiveIncomeNetOfTax": "None", "ebit": "898000000", "ebitda": "1272000000", "netIncome": "238000000"}, {"fiscalDateEnding": "2020-03-31", "reportedCurrency": "USD", "grossProfit": "10310000000", "totalRevenue": "10310000000", "costOfRevenue": "3174000000", "costofGoodsAndServicesSold": "3174000000", "operatingIncome": "1168000000", "sellingGeneralAndAdministrative": "1395000000", "researchAndDevelopment": "None", "operatingExpenses": "-9142000000", "investmentIncomeNet": "None", "netInterestIncome": "2330000000", "interestIncome": "3046000000", "interestExpense": "716000000", "nonInterestIncome": "None", "otherNonOperatingIncome": "None", "depreciation": "None", "depreciationAndAmortization": "337000000", "incomeBeforeTax": "452000000", "incomeTaxExpense": "85000000", "interestAndDebtExpense": "None", "netIncomeFromContinuingOperations": "367000000", "comprehensiveIncomeNetOfTax": "None", "ebit": "856000000", "ebitda": "1193000000", "netIncome": "333000000"}, {"fiscalDateEnding": "2019-12-31", "reportedCurrency": "USD", "grossProfit": "11365000000", "totalRevenue": "11365000000", "costOfRevenue": "3626000000", "costofGoodsAndServicesSold": "3626000000", "operatingIncome": "2787000000", "sellingGeneralAndAdministrative": "1623000000", "researchAndDevelopment": "None", "operatingExpenses": "-8578000000", "investmentIncomeNet": "None", "netInterestIncome": "2284000000", "interestIncome": "3085000000", "interestExpense": "801000000", "nonInterestIncome": "None", "otherNonOperatingIncome": "None", "depreciation": "None", "depreciationAndAmortization": "305000000", "incomeBeforeTax": "1986000000", "incomeTaxExpense": "293000000", "interestAndDebtExpense": "None", "netIncomeFromContinuingOperations": "5033000000", "comprehensiveIncomeNetOfTax": "None", "ebit": "2430000000", "ebitda": "2735000000", "netIncome": "1661000000"}, {"fiscalDateEnding": "2019-09-30", "reportedCurrency": "USD", "grossProfit": "10989000000", "totalRevenue": "10989000000", "costOfRevenue": "3573000000", "costofGoodsAndServicesSold": "3573000000", "operatingIncome": "3143000000", "sellingGeneralAndAdministrative": "1499000000", "researchAndDevelopment": "None", "operatingExpenses": "-7846000000", "investmentIncomeNet": "None", "netInterestIncome": "2203000000", "interestIncome": "3080000000", "interestExpense": "877000000", "nonInterestIncome": "None", "otherNonOperatingIncome": "None", "depreciation": "None", "depreciationAndAmortization": "300000000", "incomeBeforeTax": "2266000000", "incomeTaxExpense": "511000000", "interestAndDebtExpense": "None", "netIncomeFromContinuingOperations": "1755000000", "comprehensiveIncomeNetOfTax": "None", "ebit": "2746000000", "ebitda": "3046000000", "netIncome": "1723000000"}, {"fiscalDateEnding": "2019-06-30", "reportedCurrency": "USD", "grossProfit": "10838000000", "totalRevenue": "10838000000", "costOfRevenue": "3621000000", "costofGoodsAndServicesSold": "3621000000", "operatingIncome": "3110000000", "sellingGeneralAndAdministrative": "1367000000", "researchAndDevelopment": "None", "operatingExpenses": "-7728000000", "investmentIncomeNet": "None", "netInterestIncome": "2074000000", "interestIncome": "2965000000", "interestExpense": "891000000", "nonInterestIncome": "None", "otherNonOperatingIncome": "None", "depreciation": "None", "depreciationAndAmortization": "286000000", "incomeBeforeTax": "2219000000", "incomeTaxExpense": "458000000", "interestAndDebtExpense": "None", "netIncomeFromContinuingOperations": "1761000000", "comprehensiveIncomeNetOfTax": "None", "ebit": "2710000000", "ebitda": "2996000000", "netIncome": "1729000000"}, {"fiscalDateEnding": "2019-03-31", "reportedCurrency": "USD", "grossProfit": "10364000000", "totalRevenue": "10364000000", "costOfRevenue": "3001000000", "costofGoodsAndServicesSold": "3001000000", "operatingIncome": "2853000000", "sellingGeneralAndAdministrative": "1422000000", "researchAndDevelopment": "None", "operatingExpenses": "-7511000000", "investmentIncomeNet": "None", "netInterestIncome": "2059000000", "interestIncome": "2954000000", "interestExpense": "895000000", "nonInterestIncome": "None", "otherNonOperatingIncome": "None", "depreciation": "None", "depreciationAndAmortization": "297000000", "incomeBeforeTax": "1958000000", "incomeTaxExpense": "408000000", "interestAndDebtExpense": "None", "netIncomeFromContinuingOperations": "1550000000", "comprehensiveIncomeNetOfTax": "None", "ebit": "2452000000", "ebitda": "2749000000", "netIncome": "1518000000"}, {"fiscalDateEnding": "2018-12-31", "reportedCurrency": "USD", "grossProfit": "10474000000", "totalRevenue": "10474000000", "costOfRevenue": "3011000000", "costofGoodsAndServicesSold": "3011000000", "operatingIncome": "2665000000", "sellingGeneralAndAdministrative": "1294000000", "researchAndDevelopment": "0", "operatingExpenses": "-7809000000", "investmentIncomeNet": "None", "netInterestIncome": "None", "interestIncome": "None", "interestExpense": "834000000", "nonInterestIncome": "None", "otherNonOperatingIncome": "None", "depreciation": "None", "depreciationAndAmortization": "286000000", "incomeBeforeTax": "1831000000", "incomeTaxExpense": "-179000000", "interestAndDebtExpense": "None", "netIncomeFromContinuingOperations": "2010000000", "comprehensiveIncomeNetOfTax": "None", "ebit": "2296000000", "ebitda": "2582000000", "netIncome": "1975000000"}, {"fiscalDateEnding": "2018-09-30", "reportedCurrency": "USD", "grossProfit": "10144000000", "totalRevenue": "10144000000", "costOfRevenue": "2857000000", "costofGoodsAndServicesSold": "2857000000", "operatingIncome": "2895000000", "sellingGeneralAndAdministrative": "1350000000", "researchAndDevelopment": "0", "operatingExpenses": "-7249000000", "investmentIncomeNet": "None", "netInterestIncome": "None", "interestIncome": "None", "interestExpense": "777000000", "nonInterestIncome": "None", "otherNonOperatingIncome": "None", "depreciation": "None", "depreciationAndAmortization": "322000000", "incomeBeforeTax": "2118000000", "incomeTaxExpense": "464000000", "interestAndDebtExpense": "None", "netIncomeFromContinuingOperations": "1654000000", "comprehensiveIncomeNetOfTax": "None", "ebit": "2553000000", "ebitda": "2875000000", "netIncome": "1621000000"}, {"fiscalDateEnding": "2018-06-30", "reportedCurrency": "USD", "grossProfit": "10002000000", "totalRevenue": "10002000000", "costOfRevenue": "2849000000", "costofGoodsAndServicesSold": "2849000000", "operatingIncome": "2802000000", "sellingGeneralAndAdministrative": "1280000000", "researchAndDevelopment": "0", "operatingExpenses": "-7200000000", "investmentIncomeNet": "None", "netInterestIncome": "None", "interestIncome": "None", "interestExpense": "711000000", "nonInterestIncome": "None", "otherNonOperatingIncome": "None", "depreciation": "None", "depreciationAndAmortization": "337000000", "incomeBeforeTax": "2091000000", "incomeTaxExpense": "468000000", "interestAndDebtExpense": "None", "netIncomeFromContinuingOperations": "1623000000", "comprehensiveIncomeNetOfTax": "None", "ebit": "2493000000", "ebitda": "2830000000", "netIncome": "1591000000"}, {"fiscalDateEnding": "2018-03-31", "reportedCurrency": "USD", "grossProfit": "9718000000", "totalRevenue": "9718000000", "costOfRevenue": "7727000000", "costofGoodsAndServicesSold": "7727000000", "operatingIncome": "2703000000", "sellingGeneralAndAdministrative": "1326000000", "researchAndDevelopment": "0", "operatingExpenses": "-7015000000", "investmentIncomeNet": "None", "netInterestIncome": "None", "interestIncome": "None", "interestExpense": "621000000", "nonInterestIncome": "None", "otherNonOperatingIncome": "None", "depreciation": "None", "depreciationAndAmortization": "348000000", "incomeBeforeTax": "2082000000", "incomeTaxExpense": "448000000", "interestAndDebtExpense": "None", "netIncomeFromContinuingOperations": "1634000000", "comprehensiveIncomeNetOfTax": "None", "ebit": "2452000000", "ebitda": "2800000000", "netIncome": "1600000000"}, {"fiscalDateEnding": "2017-12-31", "reportedCurrency": "USD", "grossProfit": "8839000000", "totalRevenue": "8839000000", "costOfRevenue": "7878000000", "costofGoodsAndServicesSold": "7878000000", "operatingIncome": "2401000000", "sellingGeneralAndAdministrative": "1436000000", "researchAndDevelopment": "0", "operatingExpenses": "-6438000000", "investmentIncomeNet": "None", "netInterestIncome": "None", "interestIncome": "None", "interestExpense": "580000000", "nonInterestIncome": "None", "otherNonOperatingIncome": "None", "depreciation": "None", "depreciationAndAmortization": "368000000", "incomeBeforeTax": "1821000000", "incomeTaxExpense": "3018000000", "interestAndDebtExpense": "None", "netIncomeFromContinuingOperations": "-1197000000", "comprehensiveIncomeNetOfTax": "None", "ebit": "2160000000", "ebitda": "2528000000", "netIncome": "-1197000000"}, {"fiscalDateEnding": "2017-09-30", "reportedCurrency": "USD", "grossProfit": "7752000000", "totalRevenue": "8436000000", "costOfRevenue": "684000000", "costofGoodsAndServicesSold": "684000000", "operatingIncome": "1159000000", "sellingGeneralAndAdministrative": "1265000000", "researchAndDevelopment": "0", "operatingExpenses": "1440000000", "investmentIncomeNet": "None", "netInterestIncome": "None", "interestIncome": "None", "interestExpense": "567000000", "nonInterestIncome": "None", "otherNonOperatingIncome": "None", "depreciation": "None", "depreciationAndAmortization": "338000000", "incomeBeforeTax": "1827000000", "incomeTaxExpense": "471000000", "interestAndDebtExpense": "None", "netIncomeFromContinuingOperations": "1356000000", "comprehensiveIncomeNetOfTax": "None", "ebit": "2394000000", "ebitda": "2732000000", "netIncome": "1327000000"}, {"fiscalDateEnding": "2017-06-30", "reportedCurrency": "USD", "grossProfit": "7593000000", "totalRevenue": "8307000000", "costOfRevenue": "714000000", "costofGoodsAndServicesSold": "714000000", "operatingIncome": "1014000000", "sellingGeneralAndAdministrative": "1293000000", "researchAndDevelopment": "0", "operatingExpenses": "1469000000", "investmentIncomeNet": "None", "netInterestIncome": "None", "interestIncome": "None", "interestExpense": "522000000", "nonInterestIncome": "None", "otherNonOperatingIncome": "None", "depreciation": "None", "depreciationAndAmortization": "319000000", "incomeBeforeTax": "1949000000", "incomeTaxExpense": "609000000", "interestAndDebtExpense": "None", "netIncomeFromContinuingOperations": "1340000000", "comprehensiveIncomeNetOfTax": "None", "ebit": "2471000000", "ebitda": "2790000000", "netIncome": "1314000000"}, {"fiscalDateEnding": "2017-03-31", "reportedCurrency": "USD", "grossProfit": "7161000000", "totalRevenue": "7889000000", "costOfRevenue": "728000000", "costofGoodsAndServicesSold": "728000000", "operatingIncome": "994000000", "sellingGeneralAndAdministrative": "1264000000", "researchAndDevelopment": "0", "operatingExpenses": "1297000000", "investmentIncomeNet": "None", "netInterestIncome": "None", "interestIncome": "None", "interestExpense": "443000000", "nonInterestIncome": "None", "otherNonOperatingIncome": "None", "depreciation": "None", "depreciationAndAmortization": "296000000", "incomeBeforeTax": "1817000000", "incomeTaxExpense": "580000000", "interestAndDebtExpense": "None", "netIncomeFromContinuingOperations": "1237000000", "comprehensiveIncomeNetOfTax": "None", "ebit": "2260000000", "ebitda": "2556000000", "netIncome": "1220000000"}, {"fiscalDateEnding": "2016-12-31", "reportedCurrency": "USD", "grossProfit": "8022000000", "totalRevenue": "8022000000", "costOfRevenue": "7620000000", "costofGoodsAndServicesSold": "7620000000", "operatingIncome": "1574000000", "sellingGeneralAndAdministrative": "1207000000", "researchAndDevelopment": "0", "operatingExpenses": "-6448000000", "investmentIncomeNet": "None", "netInterestIncome": "None", "interestIncome": "None", "interestExpense": "413000000", "nonInterestIncome": "None", "otherNonOperatingIncome": "None", "depreciation": "None", "depreciationAndAmortization": "285000000", "incomeBeforeTax": "1161000000", "incomeTaxExpense": "336000000", "interestAndDebtExpense": "None", "netIncomeFromContinuingOperations": "825000000", "comprehensiveIncomeNetOfTax": "None", "ebit": "1426000000", "ebitda": "1711000000", "netIncome": "800000000"}, {"fiscalDateEnding": "2016-09-30", "reportedCurrency": "USD", "grossProfit": "7036000000", "totalRevenue": "7774000000", "costOfRevenue": "738000000", "costofGoodsAndServicesSold": "738000000", "operatingIncome": "890000000", "sellingGeneralAndAdministrative": "1263000000", "researchAndDevelopment": "0", "operatingExpenses": "1274000000", "investmentIncomeNet": "None", "netInterestIncome": "None", "interestIncome": "None", "interestExpense": "430000000", "nonInterestIncome": "None", "otherNonOperatingIncome": "None", "depreciation": "None", "depreciationAndAmortization": "274000000", "incomeBeforeTax": "1735000000", "incomeTaxExpense": "593000000", "interestAndDebtExpense": "None", "netIncomeFromContinuingOperations": "1142000000", "comprehensiveIncomeNetOfTax": "None", "ebit": "2165000000", "ebitda": "2439000000", "netIncome": "1112000000"}, {"fiscalDateEnding": "2016-06-30", "reportedCurrency": "USD", "grossProfit": "8139000000", "totalRevenue": "8235000000", "costOfRevenue": "96000000", "costofGoodsAndServicesSold": "96000000", "operatingIncome": "1743000000", "sellingGeneralAndAdministrative": "1451000000", "researchAndDevelopment": "0", "operatingExpenses": "1369000000", "investmentIncomeNet": "None", "netInterestIncome": "None", "interestIncome": "None", "interestExpense": "436000000", "nonInterestIncome": "None", "otherNonOperatingIncome": "None", "depreciation": "None", "depreciationAndAmortization": "275000000", "incomeBeforeTax": "3016000000", "incomeTaxExpense": "1001000000", "interestAndDebtExpense": "None", "netIncomeFromContinuingOperations": "2015000000", "comprehensiveIncomeNetOfTax": "None", "ebit": "3452000000", "ebitda": "3727000000", "netIncome": "1979000000"}, {"fiscalDateEnding": "2016-03-31", "reportedCurrency": "USD", "grossProfit": "7433000000", "totalRevenue": "8088000000", "costOfRevenue": "655000000", "costofGoodsAndServicesSold": "655000000", "operatingIncome": "1277000000", "sellingGeneralAndAdministrative": "1338000000", "researchAndDevelopment": "0", "operatingExpenses": "1348000000", "investmentIncomeNet": "None", "netInterestIncome": "None", "interestIncome": "None", "interestExpense": "425000000", "nonInterestIncome": "None", "otherNonOperatingIncome": "None", "depreciation": "None", "depreciationAndAmortization": "261000000", "incomeBeforeTax": "2184000000", "incomeTaxExpense": "758000000", "interestAndDebtExpense": "None", "netIncomeFromContinuingOperations": "1426000000", "comprehensiveIncomeNetOfTax": "None", "ebit": "2609000000", "ebitda": "2870000000", "netIncome": "1394000000"}, {"fiscalDateEnding": "2015-12-31", "reportedCurrency": "USD", "grossProfit": "8391000000", "totalRevenue": "8391000000", "costOfRevenue": "6542000000", "costofGoodsAndServicesSold": "6542000000", "operatingIncome": "1854000000", "sellingGeneralAndAdministrative": "1209000000", "researchAndDevelopment": "0", "operatingExpenses": "-6537000000", "investmentIncomeNet": "None", "netInterestIncome": "None", "interestIncome": "None", "interestExpense": "400000000", "nonInterestIncome": "None", "otherNonOperatingIncome": "None", "depreciation": "None", "depreciationAndAmortization": "263000000", "incomeBeforeTax": "1454000000", "incomeTaxExpense": "555000000", "interestAndDebtExpense": "None", "netIncomeFromContinuingOperations": "899000000", "comprehensiveIncomeNetOfTax": "None", "ebit": "1854000000", "ebitda": "2117000000", "netIncome": "873000000"}, {"fiscalDateEnding": "2015-09-30", "reportedCurrency": "USD", "grossProfit": "8193000000", "totalRevenue": "8193000000", "costOfRevenue": "6276000000", "costofGoodsAndServicesSold": "6276000000", "operatingIncome": "2337000000", "sellingGeneralAndAdministrative": "1212000000", "researchAndDevelopment": "0", "operatingExpenses": "-5856000000", "investmentIncomeNet": "None", "netInterestIncome": "None", "interestIncome": "None", "interestExpense": "399000000", "nonInterestIncome": "None", "otherNonOperatingIncome": "None", "depreciation": "None", "depreciationAndAmortization": "266000000", "incomeBeforeTax": "1938000000", "incomeTaxExpense": "672000000", "interestAndDebtExpense": "None", "netIncomeFromContinuingOperations": "1266000000", "comprehensiveIncomeNetOfTax": "None", "ebit": "2337000000", "ebitda": "2603000000", "netIncome": "1234000000"}, {"fiscalDateEnding": "2015-06-30", "reportedCurrency": "USD", "grossProfit": "7247000000", "totalRevenue": "8284000000", "costOfRevenue": "1037000000", "costofGoodsAndServicesSold": "1037000000", "operatingIncome": "1693000000", "sellingGeneralAndAdministrative": "1250000000", "researchAndDevelopment": "0", "operatingExpenses": "1996000000", "investmentIncomeNet": "None", "netInterestIncome": "None", "interestIncome": "None", "interestExpense": "414000000", "nonInterestIncome": "None", "otherNonOperatingIncome": "None", "depreciation": "None", "depreciationAndAmortization": "263000000", "incomeBeforeTax": "2230000000", "incomeTaxExpense": "757000000", "interestAndDebtExpense": "None", "netIncomeFromContinuingOperations": "1473000000", "comprehensiveIncomeNetOfTax": "None", "ebit": "2644000000", "ebitda": "2907000000", "netIncome": "1442000000"}, {"fiscalDateEnding": "2015-03-31", "reportedCurrency": "USD", "grossProfit": "6934000000", "totalRevenue": "7950000000", "costOfRevenue": "1016000000", "costofGoodsAndServicesSold": "1016000000", "operatingIncome": "1776000000", "sellingGeneralAndAdministrative": "1305000000", "researchAndDevelopment": "0", "operatingExpenses": "1733000000", "investmentIncomeNet": "None", "netInterestIncome": "None", "interestIncome": "None", "interestExpense": "410000000", "nonInterestIncome": "None", "otherNonOperatingIncome": "None", "depreciation": "None", "depreciationAndAmortization": "251000000", "incomeBeforeTax": "2316000000", "incomeTaxExpense": "791000000", "interestAndDebtExpense": "None", "netIncomeFromContinuingOperations": "1525000000", "comprehensiveIncomeNetOfTax": "None", "ebit": "2726000000", "ebitda": "2977000000", "netIncome": "1514000000"}, {"fiscalDateEnding": "2014-12-31", "reportedCurrency": "USD", "grossProfit": "9107000000", "totalRevenue": "9107000000", "costOfRevenue": "6543000000", "costofGoodsAndServicesSold": "6543000000", "operatingIncome": "2630000000", "sellingGeneralAndAdministrative": "1607000000", "researchAndDevelopment": "0", "operatingExpenses": "-6477000000", "investmentIncomeNet": "None", "netInterestIncome": "None", "interestIncome": "None", "interestExpense": "405000000", "nonInterestIncome": "None", "otherNonOperatingIncome": "None", "depreciation": "None", "depreciationAndAmortization": "248000000", "incomeBeforeTax": "2225000000", "incomeTaxExpense": "778000000", "interestAndDebtExpense": "None", "netIncomeFromContinuingOperations": "1447000000", "comprehensiveIncomeNetOfTax": "None", "ebit": "2630000000", "ebitda": "2878000000", "netIncome": "1436000000"}, {"fiscalDateEnding": "2014-09-30", "reportedCurrency": "USD", "grossProfit": "7741000000", "totalRevenue": "8329000000", "costOfRevenue": "588000000", "costofGoodsAndServicesSold": "588000000", "operatingIncome": "274000000", "sellingGeneralAndAdministrative": "1290000000", "researchAndDevelopment": "0", "operatingExpenses": "532000000", "investmentIncomeNet": "None", "netInterestIncome": "None", "interestIncome": "None", "interestExpense": "420000000", "nonInterestIncome": "None", "otherNonOperatingIncome": "None", "depreciation": "None", "depreciationAndAmortization": "249000000", "incomeBeforeTax": "2246000000", "incomeTaxExpense": "769000000", "interestAndDebtExpense": "None", "netIncomeFromContinuingOperations": "1477000000", "comprehensiveIncomeNetOfTax": "None", "ebit": "2666000000", "ebitda": "2915000000", "netIncome": "1466000000"}, {"fiscalDateEnding": "2014-06-30", "reportedCurrency": "USD", "grossProfit": "7584000000", "totalRevenue": "8657000000", "costOfRevenue": "1073000000", "costofGoodsAndServicesSold": "1073000000", "operatingIncome": "1539000000", "sellingGeneralAndAdministrative": "1658000000", "researchAndDevelopment": "0", "operatingExpenses": "1865000000", "investmentIncomeNet": "None", "netInterestIncome": "None", "interestIncome": "None", "interestExpense": "443000000", "nonInterestIncome": "None", "otherNonOperatingIncome": "None", "depreciation": "None", "depreciationAndAmortization": "266000000", "incomeBeforeTax": "2312000000", "incomeTaxExpense": "783000000", "interestAndDebtExpense": "None", "netIncomeFromContinuingOperations": "1529000000", "comprehensiveIncomeNetOfTax": "None", "ebit": "2755000000", "ebitda": "3021000000", "netIncome": "1517000000"}, {"fiscalDateEnding": "2014-03-31", "reportedCurrency": "USD", "grossProfit": "8199000000", "totalRevenue": "8199000000", "costOfRevenue": "5945000000", "costofGoodsAndServicesSold": "5945000000", "operatingIncome": "2647000000", "sellingGeneralAndAdministrative": "1540000000", "researchAndDevelopment": "0", "operatingExpenses": "-5552000000", "investmentIncomeNet": "None", "netInterestIncome": "None", "interestIncome": "None", "interestExpense": "439000000", "nonInterestIncome": "None", "otherNonOperatingIncome": "None", "depreciation": "None", "depreciationAndAmortization": "249000000", "incomeBeforeTax": "2208000000", "incomeTaxExpense": "776000000", "interestAndDebtExpense": "None", "netIncomeFromContinuingOperations": "1432000000", "comprehensiveIncomeNetOfTax": "None", "ebit": "2647000000", "ebitda": "2896000000", "netIncome": "1420000000"}, {"fiscalDateEnding": "2013-12-31", "reportedCurrency": "USD", "grossProfit": "8547000000", "totalRevenue": "8547000000", "costOfRevenue": "6496000000", "costofGoodsAndServicesSold": "6496000000", "operatingIncome": "2443000000", "sellingGeneralAndAdministrative": "1489000000", "researchAndDevelopment": "0", "operatingExpenses": "-6104000000", "investmentIncomeNet": "None", "netInterestIncome": "None", "interestIncome": "None", "interestExpense": "463000000", "nonInterestIncome": "None", "otherNonOperatingIncome": "None", "depreciation": "None", "depreciationAndAmortization": "257000000", "incomeBeforeTax": "1980000000", "incomeTaxExpense": "672000000", "interestAndDebtExpense": "None", "netIncomeFromContinuingOperations": "1308000000", "comprehensiveIncomeNetOfTax": "None", "ebit": "2443000000", "ebitda": "2700000000", "netIncome": "1297000000"}, {"fiscalDateEnding": "2013-09-30", "reportedCurrency": "USD", "grossProfit": "7359000000", "totalRevenue": "8301000000", "costOfRevenue": "942000000", "costofGoodsAndServicesSold": "942000000", "operatingIncome": "1588000000", "sellingGeneralAndAdministrative": "1544000000", "researchAndDevelopment": "0", "operatingExpenses": "1756000000", "investmentIncomeNet": "None", "netInterestIncome": "None", "interestIncome": "None", "interestExpense": "484000000", "nonInterestIncome": "None", "otherNonOperatingIncome": "None", "depreciation": "None", "depreciationAndAmortization": "266000000", "incomeBeforeTax": "2004000000", "incomeTaxExpense": "638000000", "interestAndDebtExpense": "None", "netIncomeFromContinuingOperations": "1366000000", "comprehensiveIncomeNetOfTax": "None", "ebit": "2488000000", "ebitda": "2754000000", "netIncome": "1354000000"}, {"fiscalDateEnding": "2013-06-30", "reportedCurrency": "USD", "grossProfit": "7318000000", "totalRevenue": "8245000000", "costOfRevenue": "927000000", "costofGoodsAndServicesSold": "927000000", "operatingIncome": "1577000000", "sellingGeneralAndAdministrative": "1543000000", "researchAndDevelopment": "0", "operatingExpenses": "1735000000", "investmentIncomeNet": "None", "netInterestIncome": "None", "interestIncome": "None", "interestExpense": "492000000", "nonInterestIncome": "None", "otherNonOperatingIncome": "None", "depreciation": "None", "depreciationAndAmortization": "252000000", "incomeBeforeTax": "1995000000", "incomeTaxExpense": "590000000", "interestAndDebtExpense": "None", "netIncomeFromContinuingOperations": "1405000000", "comprehensiveIncomeNetOfTax": "None", "ebit": "2487000000", "ebitda": "2739000000", "netIncome": "1392000000"}, {"fiscalDateEnding": "2013-03-31", "reportedCurrency": "USD", "grossProfit": "7881000000", "totalRevenue": "7881000000", "costOfRevenue": "6004000000", "costofGoodsAndServicesSold": "6004000000", "operatingIncome": "2428000000", "sellingGeneralAndAdministrative": "1615000000", "researchAndDevelopment": "0", "operatingExpenses": "-5453000000", "investmentIncomeNet": "None", "netInterestIncome": "None", "interestIncome": "None", "interestExpense": "519000000", "nonInterestIncome": "None", "otherNonOperatingIncome": "None", "depreciation": "None", "depreciationAndAmortization": "245000000", "incomeBeforeTax": "1909000000", "incomeTaxExpense": "629000000", "interestAndDebtExpense": "None", "netIncomeFromContinuingOperations": "1280000000", "comprehensiveIncomeNetOfTax": "None", "ebit": "2428000000", "ebitda": "2673000000", "netIncome": "1269000000"}, {"fiscalDateEnding": "2012-12-31", "reportedCurrency": "USD", "grossProfit": "8141000000", "totalRevenue": "8141000000", "costOfRevenue": "6377000000", "costofGoodsAndServicesSold": "6377000000", "operatingIncome": "1473000000", "sellingGeneralAndAdministrative": "1910000000", "researchAndDevelopment": "0", "operatingExpenses": "-6668000000", "investmentIncomeNet": "None", "netInterestIncome": "None", "interestIncome": "None", "interestExpense": "544000000", "nonInterestIncome": "None", "otherNonOperatingIncome": "None", "depreciation": "None", "depreciationAndAmortization": "240000000", "incomeBeforeTax": "929000000", "incomeTaxExpense": "292000000", "interestAndDebtExpense": "None", "netIncomeFromContinuingOperations": "637000000", "comprehensiveIncomeNetOfTax": "None", "ebit": "1473000000", "ebitda": "1713000000", "netIncome": "630000000"}, {"fiscalDateEnding": "2012-09-30", "reportedCurrency": "USD", "grossProfit": "6900000000", "totalRevenue": "7862000000", "costOfRevenue": "962000000", "costofGoodsAndServicesSold": "962000000", "operatingIncome": "1467000000", "sellingGeneralAndAdministrative": "1516000000", "researchAndDevelopment": "0", "operatingExpenses": "1626000000", "investmentIncomeNet": "None", "netInterestIncome": "None", "interestIncome": "None", "interestExpense": "558000000", "nonInterestIncome": "None", "otherNonOperatingIncome": "None", "depreciation": "None", "depreciationAndAmortization": "244000000", "incomeBeforeTax": "1870000000", "incomeTaxExpense": "620000000", "interestAndDebtExpense": "None", "netIncomeFromContinuingOperations": "1250000000", "comprehensiveIncomeNetOfTax": "None", "ebit": "2428000000", "ebitda": "2672000000", "netIncome": "1236000000"}, {"fiscalDateEnding": "2012-06-30", "reportedCurrency": "USD", "grossProfit": "6955000000", "totalRevenue": "7965000000", "costOfRevenue": "1010000000", "costofGoodsAndServicesSold": "1010000000", "operatingIncome": "1461000000", "sellingGeneralAndAdministrative": "1536000000", "researchAndDevelopment": "0", "operatingExpenses": "1566000000", "investmentIncomeNet": "None", "netInterestIncome": "None", "interestIncome": "None", "interestExpense": "550000000", "nonInterestIncome": "None", "otherNonOperatingIncome": "None", "depreciation": "None", "depreciationAndAmortization": "253000000", "incomeBeforeTax": "1879000000", "incomeTaxExpense": "540000000", "interestAndDebtExpense": "None", "netIncomeFromContinuingOperations": "1339000000", "comprehensiveIncomeNetOfTax": "None", "ebit": "2429000000", "ebitda": "2682000000", "netIncome": "1325000000"}, {"fiscalDateEnding": "2012-03-31", "reportedCurrency": "USD", "grossProfit": "7614000000", "totalRevenue": "7614000000", "costOfRevenue": "5848000000", "costofGoodsAndServicesSold": "5848000000", "operatingIncome": "2347000000", "sellingGeneralAndAdministrative": "1635000000", "researchAndDevelopment": "0", "operatingExpenses": "-5267000000", "investmentIncomeNet": "None", "netInterestIncome": "None", "interestIncome": "None", "interestExpense": "574000000", "nonInterestIncome": "None", "otherNonOperatingIncome": "None", "depreciation": "None", "depreciationAndAmortization": "254000000", "incomeBeforeTax": "1773000000", "incomeTaxExpense": "517000000", "interestAndDebtExpense": "None", "netIncomeFromContinuingOperations": "1256000000", "comprehensiveIncomeNetOfTax": "None", "ebit": "2347000000", "ebitda": "2601000000", "netIncome": "1242000000"}, {"fiscalDateEnding": "2011-12-31", "reportedCurrency": "USD", "grossProfit": "7742000000", "totalRevenue": "7742000000", "costOfRevenue": "6136000000", "costofGoodsAndServicesSold": "6136000000", "operatingIncome": "2323000000", "sellingGeneralAndAdministrative": "1537000000", "researchAndDevelopment": "0", "operatingExpenses": "-5419000000", "investmentIncomeNet": "None", "netInterestIncome": "None", "interestIncome": "None", "interestExpense": "575000000", "nonInterestIncome": "None", "otherNonOperatingIncome": "None", "depreciation": "None", "depreciationAndAmortization": "185000000", "incomeBeforeTax": "1748000000", "incomeTaxExpense": "556000000", "interestAndDebtExpense": "None", "netIncomeFromContinuingOperations": "1192000000", "comprehensiveIncomeNetOfTax": "None", "ebit": "2323000000", "ebitda": "2508000000", "netIncome": "1192000000"}, {"fiscalDateEnding": "2011-09-30", "reportedCurrency": "USD", "grossProfit": "6673000000", "totalRevenue": "7571000000", "costOfRevenue": "898000000", "costofGoodsAndServicesSold": "898000000", "operatingIncome": "1294000000", "sellingGeneralAndAdministrative": "1598000000", "researchAndDevelopment": "0", "operatingExpenses": "1646000000", "investmentIncomeNet": "None", "netInterestIncome": "None", "interestIncome": "None", "interestExpense": "575000000", "nonInterestIncome": "None", "otherNonOperatingIncome": "None", "depreciation": "None", "depreciationAndAmortization": "228000000", "incomeBeforeTax": "1711000000", "incomeTaxExpense": "476000000", "interestAndDebtExpense": "None", "netIncomeFromContinuingOperations": "1235000000", "comprehensiveIncomeNetOfTax": "None", "ebit": "2286000000", "ebitda": "2514000000", "netIncome": "1220000000"}, {"fiscalDateEnding": "2011-06-30", "reportedCurrency": "USD", "grossProfit": "6676000000", "totalRevenue": "7618000000", "costOfRevenue": "942000000", "costofGoodsAndServicesSold": "942000000", "operatingIncome": "1128000000", "sellingGeneralAndAdministrative": "1595000000", "researchAndDevelopment": "0", "operatingExpenses": "1689000000", "investmentIncomeNet": "None", "netInterestIncome": "None", "interestIncome": "None", "interestExpense": "577000000", "nonInterestIncome": "None", "otherNonOperatingIncome": "None", "depreciation": "None", "depreciationAndAmortization": "278000000", "incomeBeforeTax": "1765000000", "incomeTaxExpense": "470000000", "interestAndDebtExpense": "None", "netIncomeFromContinuingOperations": "1295000000", "comprehensiveIncomeNetOfTax": "None", "ebit": "2378000000", "ebitda": "2656000000", "netIncome": "1316000000"}, {"fiscalDateEnding": "2011-03-31", "reportedCurrency": "USD", "grossProfit": "7031000000", "totalRevenue": "7031000000", "costOfRevenue": "5593000000", "costofGoodsAndServicesSold": "5593000000", "operatingIncome": "2325000000", "sellingGeneralAndAdministrative": "1522000000", "researchAndDevelopment": "0", "operatingExpenses": "-4706000000", "investmentIncomeNet": "None", "netInterestIncome": "None", "interestIncome": "None", "interestExpense": "593000000", "nonInterestIncome": "None", "otherNonOperatingIncome": "None", "depreciation": "None", "depreciationAndAmortization": "227000000", "incomeBeforeTax": "1732000000", "incomeTaxExpense": "555000000", "interestAndDebtExpense": "None", "netIncomeFromContinuingOperations": "1177000000", "comprehensiveIncomeNetOfTax": "None", "ebit": "2325000000", "ebitda": "2552000000", "netIncome": "1163000000"}, {"fiscalDateEnding": "2010-12-31", "reportedCurrency": "USD", "grossProfit": "7142000000", "totalRevenue": "7142000000", "costOfRevenue": "5974000000", "costofGoodsAndServicesSold": "5974000000", "operatingIncome": "2082000000", "sellingGeneralAndAdministrative": "2805000000", "researchAndDevelopment": "0", "operatingExpenses": "-5060000000", "investmentIncomeNet": "None", "netInterestIncome": "None", "interestIncome": "None", "interestExpense": "605000000", "nonInterestIncome": "None", "otherNonOperatingIncome": "None", "depreciation": "None", "depreciationAndAmortization": "228000000", "incomeBeforeTax": "1477000000", "incomeTaxExpense": "415000000", "interestAndDebtExpense": "None", "netIncomeFromContinuingOperations": "1062000000", "comprehensiveIncomeNetOfTax": "None", "ebit": "2082000000", "ebitda": "2310000000", "netIncome": "1049000000"}, {"fiscalDateEnding": "2010-09-30", "reportedCurrency": "USD", "grossProfit": "6169000000", "totalRevenue": "7033000000", "costOfRevenue": "864000000", "costofGoodsAndServicesSold": "864000000", "operatingIncome": "1068000000", "sellingGeneralAndAdministrative": "2850000000", "researchAndDevelopment": "0", "operatingExpenses": "1050000000", "investmentIncomeNet": "None", "netInterestIncome": "None", "interestIncome": "None", "interestExpense": "610000000", "nonInterestIncome": "None", "otherNonOperatingIncome": "None", "depreciation": "None", "depreciationAndAmortization": "248000000", "incomeBeforeTax": "1640000000", "incomeTaxExpense": "547000000", "interestAndDebtExpense": "None", "netIncomeFromContinuingOperations": "1093000000", "comprehensiveIncomeNetOfTax": "None", "ebit": "2250000000", "ebitda": "2498000000", "netIncome": "1080000000"}, {"fiscalDateEnding": "2010-06-30", "reportedCurrency": "USD", "grossProfit": "5932000000", "totalRevenue": "6858000000", "costOfRevenue": "926000000", "costofGoodsAndServicesSold": "926000000", "operatingIncome": "934000000", "sellingGeneralAndAdministrative": "2732000000", "researchAndDevelopment": "0", "operatingExpenses": "1021000000", "investmentIncomeNet": "None", "netInterestIncome": "None", "interestIncome": "None", "interestExpense": "610000000", "nonInterestIncome": "None", "otherNonOperatingIncome": "None", "depreciation": "None", "depreciationAndAmortization": "220000000", "incomeBeforeTax": "1595000000", "incomeTaxExpense": "578000000", "interestAndDebtExpense": "None", "netIncomeFromContinuingOperations": "1017000000", "comprehensiveIncomeNetOfTax": "None", "ebit": "2205000000", "ebitda": "2425000000", "netIncome": "1004000000"}, {"fiscalDateEnding": "2010-03-31", "reportedCurrency": "USD", "grossProfit": "6606000000", "totalRevenue": "6606000000", "costOfRevenue": "5582000000", "costofGoodsAndServicesSold": "5582000000", "operatingIncome": "1850000000", "sellingGeneralAndAdministrative": "1327000000", "researchAndDevelopment": "0", "operatingExpenses": "-4756000000", "investmentIncomeNet": "None", "netInterestIncome": "None", "interestIncome": "None", "interestExpense": "598000000", "nonInterestIncome": "None", "otherNonOperatingIncome": "None", "depreciation": "None", "depreciationAndAmortization": "221000000", "incomeBeforeTax": "1252000000", "incomeTaxExpense": "367000000", "interestAndDebtExpense": "None", "netIncomeFromContinuingOperations": "885000000", "comprehensiveIncomeNetOfTax": "None", "ebit": "1850000000", "ebitda": "2071000000", "netIncome": "873000000"}, {"fiscalDateEnding": "2009-12-31", "reportedCurrency": "USD", "grossProfit": "6278000000", "totalRevenue": "6278000000", "costOfRevenue": "5634000000", "costofGoodsAndServicesSold": "5634000000", "operatingIncome": "1529000000", "sellingGeneralAndAdministrative": "1196000000", "researchAndDevelopment": "0", "operatingExpenses": "-4749000000", "investmentIncomeNet": "None", "netInterestIncome": "None", "interestIncome": "None", "interestExpense": "562000000", "nonInterestIncome": "None", "otherNonOperatingIncome": "None", "depreciation": "None", "depreciationAndAmortization": "293000000", "incomeBeforeTax": "961000000", "incomeTaxExpense": "251000000", "interestAndDebtExpense": "None", "netIncomeFromContinuingOperations": "0", "comprehensiveIncomeNetOfTax": "None", "ebit": "1529000000", "ebitda": "1822000000", "netIncome": "716000000"}, {"fiscalDateEnding": "2009-09-30", "reportedCurrency": "USD", "grossProfit": "4180000000", "totalRevenue": "6016000000", "costOfRevenue": "1836000000", "costofGoodsAndServicesSold": "1836000000", "operatingIncome": "642000000", "sellingGeneralAndAdministrative": "1261000000", "researchAndDevelopment": "0", "operatingExpenses": "1619000000", "investmentIncomeNet": "None", "netInterestIncome": "None", "interestIncome": "None", "interestExpense": "543000000", "nonInterestIncome": "None", "otherNonOperatingIncome": "None", "depreciation": "None", "depreciationAndAmortization": "209000000", "incomeBeforeTax": "918000000", "incomeTaxExpense": "276000000", "interestAndDebtExpense": "None", "netIncomeFromContinuingOperations": "642000000", "comprehensiveIncomeNetOfTax": "None", "ebit": "1459000000", "ebitda": "1668000000", "netIncome": "632000000"}, {"fiscalDateEnding": "2009-06-30", "reportedCurrency": "USD", "grossProfit": "5315000000", "totalRevenue": "6092000000", "costOfRevenue": "777000000", "costofGoodsAndServicesSold": "777000000", "operatingIncome": "152000000", "sellingGeneralAndAdministrative": "1370000000", "researchAndDevelopment": "0", "operatingExpenses": "74000000", "investmentIncomeNet": "None", "netInterestIncome": "None", "interestIncome": "None", "interestExpense": "547000000", "nonInterestIncome": "None", "otherNonOperatingIncome": "None", "depreciation": "None", "depreciationAndAmortization": "376000000", "incomeBeforeTax": "418000000", "incomeTaxExpense": "76000000", "interestAndDebtExpense": "None", "netIncomeFromContinuingOperations": "342000000", "comprehensiveIncomeNetOfTax": "None", "ebit": "960000000", "ebitda": "1336000000", "netIncome": "337000000"}, {"fiscalDateEnding": "2009-03-31", "reportedCurrency": "USD", "grossProfit": "4154000000", "totalRevenue": "5926000000", "costOfRevenue": "1772000000", "costofGoodsAndServicesSold": "1772000000", "operatingIncome": "443000000", "sellingGeneralAndAdministrative": "1253000000", "researchAndDevelopment": "0", "operatingExpenses": "1302000000", "investmentIncomeNet": "None", "netInterestIncome": "None", "interestIncome": "None", "interestExpense": "555000000", "nonInterestIncome": "None", "otherNonOperatingIncome": "None", "depreciation": "None", "depreciationAndAmortization": "192000000", "incomeBeforeTax": "544000000", "incomeTaxExpense": "101000000", "interestAndDebtExpense": "None", "netIncomeFromContinuingOperations": "0", "comprehensiveIncomeNetOfTax": "None", "ebit": "1093000000", "ebitda": "1285000000", "netIncome": "361000000"}, {"fiscalDateEnding": "2008-12-31", "reportedCurrency": "USD", "grossProfit": "6506000000", "totalRevenue": "6506000000", "costOfRevenue": "6516000000", "costofGoodsAndServicesSold": "6516000000", "operatingIncome": "1139000000", "sellingGeneralAndAdministrative": "1660000000", "researchAndDevelopment": "0", "operatingExpenses": "-5367000000", "investmentIncomeNet": "None", "netInterestIncome": "None", "interestIncome": "None", "interestExpense": "937000000", "nonInterestIncome": "None", "otherNonOperatingIncome": "None", "depreciation": "None", "depreciationAndAmortization": "174000000", "incomeBeforeTax": "268000000", "incomeTaxExpense": "-38000000", "interestAndDebtExpense": "None", "netIncomeFromContinuingOperations": "0", "comprehensiveIncomeNetOfTax": "None", "ebit": "1139000000", "ebitda": "1313000000", "netIncome": "240000000"}, {"fiscalDateEnding": "2008-09-30", "reportedCurrency": "USD", "grossProfit": "6158000000", "totalRevenue": "7164000000", "costOfRevenue": "1006000000", "costofGoodsAndServicesSold": "1006000000", "operatingIncome": "861000000", "sellingGeneralAndAdministrative": "1465000000", "researchAndDevelopment": "0", "operatingExpenses": "1929000000", "investmentIncomeNet": "None", "netInterestIncome": "None", "interestIncome": "None", "interestExpense": "843000000", "nonInterestIncome": "None", "otherNonOperatingIncome": "None", "depreciation": "None", "depreciationAndAmortization": "179000000", "incomeBeforeTax": "1078000000", "incomeTaxExpense": "217000000", "interestAndDebtExpense": "None", "netIncomeFromContinuingOperations": "0", "comprehensiveIncomeNetOfTax": "None", "ebit": "1875000000", "ebitda": "2054000000", "netIncome": "815000000"}, {"fiscalDateEnding": "2008-06-30", "reportedCurrency": "USD", "grossProfit": "6465000000", "totalRevenue": "7484000000", "costOfRevenue": "1019000000", "costofGoodsAndServicesSold": "1019000000", "operatingIncome": "655000000", "sellingGeneralAndAdministrative": "1495000000", "researchAndDevelopment": "0", "operatingExpenses": "1924000000", "investmentIncomeNet": "None", "netInterestIncome": "None", "interestIncome": "None", "interestExpense": "856000000", "nonInterestIncome": "None", "otherNonOperatingIncome": "None", "depreciation": "None", "depreciationAndAmortization": "186000000", "incomeBeforeTax": "766000000", "incomeTaxExpense": "111000000", "interestAndDebtExpense": "None", "netIncomeFromContinuingOperations": "0", "comprehensiveIncomeNetOfTax": "None", "ebit": "1620000000", "ebitda": "1806000000", "netIncome": "653000000"}, {"fiscalDateEnding": "2008-03-31", "reportedCurrency": "USD", "grossProfit": "6260000000", "totalRevenue": "7186000000", "costOfRevenue": "926000000", "costofGoodsAndServicesSold": "926000000", "operatingIncome": "974000000", "sellingGeneralAndAdministrative": "2021000000", "researchAndDevelopment": "0", "operatingExpenses": "1756000000", "investmentIncomeNet": "None", "netInterestIncome": "None", "interestIncome": "None", "interestExpense": "919000000", "nonInterestIncome": "None", "otherNonOperatingIncome": "None", "depreciation": "None", "depreciationAndAmortization": "173000000", "incomeBeforeTax": "1354000000", "incomeTaxExpense": "380000000", "interestAndDebtExpense": "None", "netIncomeFromContinuingOperations": "0", "comprehensiveIncomeNetOfTax": "None", "ebit": "2290000000", "ebitda": "2463000000", "netIncome": "991000000"}, {"fiscalDateEnding": "2007-12-31", "reportedCurrency": "USD", "grossProfit": "7364000000", "totalRevenue": "7364000000", "costOfRevenue": "7396000000", "costofGoodsAndServicesSold": "7396000000", "operatingIncome": "3734", "sellingGeneralAndAdministrative": "1388000000", "researchAndDevelopment": "0", "operatingExpenses": "-9079000000", "investmentIncomeNet": "None", "netInterestIncome": "None", "interestIncome": "None", "interestExpense": "1036000000", "nonInterestIncome": "None", "otherNonOperatingIncome": "None", "depreciation": "None", "depreciationAndAmortization": "166000000", "incomeBeforeTax": "1129000000", "incomeTaxExpense": "290000000", "interestAndDebtExpense": "None", "netIncomeFromContinuingOperations": "0", "comprehensiveIncomeNetOfTax": "None", "ebit": "2157000000", "ebitda": "2323000000", "netIncome": "831000000"}, {"fiscalDateEnding": "2007-09-30", "reportedCurrency": "USD", "grossProfit": "6032000000", "totalRevenue": "6945000000", "costOfRevenue": "913000000", "costofGoodsAndServicesSold": "913000000", "operatingIncome": "1074000000", "sellingGeneralAndAdministrative": "1366000000", "researchAndDevelopment": "0", "operatingExpenses": "1810000000", "investmentIncomeNet": "None", "netInterestIncome": "None", "interestIncome": "None", "interestExpense": "1008000000", "nonInterestIncome": "None", "otherNonOperatingIncome": "None", "depreciation": "None", "depreciationAndAmortization": "143000000", "incomeBeforeTax": "1417000000", "incomeTaxExpense": "343000000", "interestAndDebtExpense": "None", "netIncomeFromContinuingOperations": "0", "comprehensiveIncomeNetOfTax": "None", "ebit": "2418000000", "ebitda": "2561000000", "netIncome": "1067000000"}, {"fiscalDateEnding": "2007-06-30", "reportedCurrency": "USD", "grossProfit": "6053000000", "totalRevenue": "7130000000", "costOfRevenue": "1077000000", "costofGoodsAndServicesSold": "1077000000", "operatingIncome": "1062000000", "sellingGeneralAndAdministrative": "1331000000", "researchAndDevelopment": "0", "operatingExpenses": "1828000000", "investmentIncomeNet": "None", "netInterestIncome": "None", "interestIncome": "None", "interestExpense": "1069000000", "nonInterestIncome": "None", "otherNonOperatingIncome": "None", "depreciation": "None", "depreciationAndAmortization": "175000000", "incomeBeforeTax": "1440000000", "incomeTaxExpense": "378000000", "interestAndDebtExpense": "None", "netIncomeFromContinuingOperations": "0", "comprehensiveIncomeNetOfTax": "None", "ebit": "2504000000", "ebitda": "2679000000", "netIncome": "1057000000"}, {"fiscalDateEnding": "2007-03-31", "reportedCurrency": "USD", "grossProfit": "5669000000", "totalRevenue": "6668000000", "costOfRevenue": "999000000", "costofGoodsAndServicesSold": "999000000", "operatingIncome": "1065000000", "sellingGeneralAndAdministrative": "1280000000", "researchAndDevelopment": "0", "operatingExpenses": "1464000000", "investmentIncomeNet": "None", "netInterestIncome": "None", "interestIncome": "None", "interestExpense": "963000000", "nonInterestIncome": "None", "otherNonOperatingIncome": "None", "depreciation": "None", "depreciationAndAmortization": "164000000", "incomeBeforeTax": "1594000000", "incomeTaxExpense": "529000000", "interestAndDebtExpense": "None", "netIncomeFromContinuingOperations": "0", "comprehensiveIncomeNetOfTax": "None", "ebit": "2549000000", "ebitda": "2713000000", "netIncome": "1057000000"}, {"fiscalDateEnding": "2006-12-31", "reportedCurrency": "USD", "grossProfit": "6870000000", "totalRevenue": "6870000000", "costOfRevenue": "6199000000", "costofGoodsAndServicesSold": "6199000000", "operatingIncome": "3200000000", "sellingGeneralAndAdministrative": "971000000", "researchAndDevelopment": "0", "operatingExpenses": "-9309000000", "investmentIncomeNet": "None", "netInterestIncome": "None", "interestIncome": "None", "interestExpense": "1980000000", "nonInterestIncome": "None", "otherNonOperatingIncome": "None", "depreciation": "None", "depreciationAndAmortization": "161000000", "incomeBeforeTax": "1223000000", "incomeTaxExpense": "298000000", "interestAndDebtExpense": "None", "netIncomeFromContinuingOperations": "0", "comprehensiveIncomeNetOfTax": "None", "ebit": "3200000000", "ebitda": "3361000000", "netIncome": "922000000"}, {"fiscalDateEnding": "2006-09-30", "reportedCurrency": "USD", "grossProfit": "6435000000", "totalRevenue": "6435000000", "costOfRevenue": "5702000000", "costofGoodsAndServicesSold": "5702000000", "operatingIncome": "1673000000", "sellingGeneralAndAdministrative": "2011000000", "researchAndDevelopment": "0", "operatingExpenses": "-4762000000", "investmentIncomeNet": "None", "netInterestIncome": "None", "interestIncome": "None", "interestExpense": "324000000", "nonInterestIncome": "None", "otherNonOperatingIncome": "None", "depreciation": "None", "depreciationAndAmortization": "164000000", "incomeBeforeTax": "1338000000", "incomeTaxExpense": "382000000", "interestAndDebtExpense": "None", "netIncomeFromContinuingOperations": "0", "comprehensiveIncomeNetOfTax": "None", "ebit": "1673000000", "ebitda": "1837000000", "netIncome": "967000000"}, {"fiscalDateEnding": "2006-06-30", "reportedCurrency": "USD", "grossProfit": "6542000000", "totalRevenue": "6542000000", "costOfRevenue": "5359000000", "costofGoodsAndServicesSold": "5359000000", "operatingIncome": "1723000000", "sellingGeneralAndAdministrative": "1276000000", "researchAndDevelopment": "0", "operatingExpenses": "-4819000000", "investmentIncomeNet": "None", "netInterestIncome": "None", "interestIncome": "None", "interestExpense": "308000000", "nonInterestIncome": "None", "otherNonOperatingIncome": "None", "depreciation": "None", "depreciationAndAmortization": "159000000", "incomeBeforeTax": "1442000000", "incomeTaxExpense": "470000000", "interestAndDebtExpense": "None", "netIncomeFromContinuingOperations": "0", "comprehensiveIncomeNetOfTax": "None", "ebit": "1723000000", "ebitda": "1882000000", "netIncome": "945000000"}, {"fiscalDateEnding": "2006-03-31", "reportedCurrency": "USD", "grossProfit": "6053000000", "totalRevenue": "6053000000", "costOfRevenue": "5346000000", "costofGoodsAndServicesSold": "5346000000", "operatingIncome": "1601000000", "sellingGeneralAndAdministrative": "1240000000", "researchAndDevelopment": "0", "operatingExpenses": "-4452000000", "investmentIncomeNet": "None", "netInterestIncome": "None", "interestIncome": "None", "interestExpense": "279000000", "nonInterestIncome": "None", "otherNonOperatingIncome": "None", "depreciation": "None", "depreciationAndAmortization": "161000000", "incomeBeforeTax": "1325000000", "incomeTaxExpense": "449000000", "interestAndDebtExpense": "None", "netIncomeFromContinuingOperations": "0", "comprehensiveIncomeNetOfTax": "None", "ebit": "1601000000", "ebitda": "1762000000", "netIncome": "873000000"}, {"fiscalDateEnding": "2005-12-31", "reportedCurrency": "USD", "grossProfit": "6188000000", "totalRevenue": "6188000000", "costOfRevenue": "5550000000", "costofGoodsAndServicesSold": "5550000000", "operatingIncome": "3221", "sellingGeneralAndAdministrative": "1990000000", "researchAndDevelopment": "0", "operatingExpenses": "-10921000000", "investmentIncomeNet": "None", "netInterestIncome": "None", "interestIncome": "None", "interestExpense": "249000000", "nonInterestIncome": "None", "otherNonOperatingIncome": "None", "depreciation": "None", "depreciationAndAmortization": "159000000", "incomeBeforeTax": "959000000", "incomeTaxExpense": "208000000", "interestAndDebtExpense": "None", "netIncomeFromContinuingOperations": "0", "comprehensiveIncomeNetOfTax": "None", "ebit": "1202000000", "ebitda": "1361000000", "netIncome": "745000000"}, {"fiscalDateEnding": "2005-09-30", "reportedCurrency": "USD", "grossProfit": "5830000000", "totalRevenue": "5830000000", "costOfRevenue": "4978000000", "costofGoodsAndServicesSold": "4978000000", "operatingIncome": "1483000000", "sellingGeneralAndAdministrative": "1936000000", "researchAndDevelopment": "0", "operatingExpenses": "-4347000000", "investmentIncomeNet": "None", "netInterestIncome": "None", "interestIncome": "None", "interestExpense": "238000000", "nonInterestIncome": "None", "otherNonOperatingIncome": "None", "depreciation": "None", "depreciationAndAmortization": "62000000", "incomeBeforeTax": "1080000000", "incomeTaxExpense": "215000000", "interestAndDebtExpense": "None", "netIncomeFromContinuingOperations": "0", "comprehensiveIncomeNetOfTax": "None", "ebit": "1483000000", "ebitda": "1545000000", "netIncome": "1030000000"}, {"fiscalDateEnding": "2005-06-30", "reportedCurrency": "USD", "grossProfit": "7751000000", "totalRevenue": "7751000000", "costOfRevenue": "5079000000", "costofGoodsAndServicesSold": "5079000000", "operatingIncome": "1570000000", "sellingGeneralAndAdministrative": "2400000000", "researchAndDevelopment": "0", "operatingExpenses": "-6181000000", "investmentIncomeNet": "None", "netInterestIncome": "None", "interestIncome": "None", "interestExpense": "251000000", "nonInterestIncome": "None", "otherNonOperatingIncome": "None", "depreciation": "None", "depreciationAndAmortization": "188000000", "incomeBeforeTax": "1319000000", "incomeTaxExpense": "306000000", "interestAndDebtExpense": "None", "netIncomeFromContinuingOperations": "0", "comprehensiveIncomeNetOfTax": "None", "ebit": "1570000000", "ebitda": "1758000000", "netIncome": "1013000000"}, {"fiscalDateEnding": "2005-03-31", "reportedCurrency": "USD", "grossProfit": "7354000000", "totalRevenue": "7354000000", "costOfRevenue": "4578000000", "costofGoodsAndServicesSold": "4578000000", "operatingIncome": "1594000000", "sellingGeneralAndAdministrative": "2264000000", "researchAndDevelopment": "0", "operatingExpenses": "-5760000000", "investmentIncomeNet": "None", "netInterestIncome": "None", "interestIncome": "None", "interestExpense": "219000000", "nonInterestIncome": "None", "otherNonOperatingIncome": "None", "depreciation": "None", "depreciationAndAmortization": "193000000", "incomeBeforeTax": "1375000000", "incomeTaxExpense": "429000000", "interestAndDebtExpense": "None", "netIncomeFromContinuingOperations": "0", "comprehensiveIncomeNetOfTax": "None", "ebit": "1594000000", "ebitda": "1787000000", "netIncome": "946000000"}]}