{"symbol": "PWR", "annualReports": [{"fiscalDateEnding": "2024-12-31", "reportedCurrency": "USD", "grossProfit": "3510761000", "totalRevenue": "23672795000", "costOfRevenue": "20162034000", "costofGoodsAndServicesSold": "20162034000", "operatingIncome": "1346468000", "sellingGeneralAndAdministrative": "1824754000", "researchAndDevelopment": "None", "operatingExpenses": "2164293000", "investmentIncomeNet": "None", "netInterestIncome": "-170283000", "interestIncome": "32404000", "interestExpense": "202687000", "nonInterestIncome": "None", "otherNonOperatingIncome": "None", "depreciation": "None", "depreciationAndAmortization": "742322000", "incomeBeforeTax": "1212030000", "incomeTaxExpense": "284747000", "interestAndDebtExpense": "None", "netIncomeFromContinuingOperations": "927283000", "comprehensiveIncomeNetOfTax": "None", "ebit": "1414717000", "ebitda": "2157039000", "netIncome": "904824000"}, {"fiscalDateEnding": "2023-12-31", "reportedCurrency": "USD", "grossProfit": "2937086000", "totalRevenue": "20882206000", "costOfRevenue": "17945120000", "costofGoodsAndServicesSold": "17945120000", "operatingIncome": "1127976000", "sellingGeneralAndAdministrative": "1496391000", "researchAndDevelopment": "None", "operatingExpenses": "1809110000", "investmentIncomeNet": "None", "netInterestIncome": "-168007000", "interestIncome": "6836000", "interestExpense": "186913000", "nonInterestIncome": "None", "otherNonOperatingIncome": "None", "depreciation": "None", "depreciationAndAmortization": "613800000", "incomeBeforeTax": "969956000", "incomeTaxExpense": "219267000", "interestAndDebtExpense": "None", "netIncomeFromContinuingOperations": "750689000", "comprehensiveIncomeNetOfTax": "None", "ebit": "1156869000", "ebitda": "1770669000", "netIncome": "744689000"}, {"fiscalDateEnding": "2022-12-31", "reportedCurrency": "USD", "grossProfit": "2529155000", "totalRevenue": "17073903000", "costOfRevenue": "14544748000", "costofGoodsAndServicesSold": "14544748000", "operatingIncome": "872058000", "sellingGeneralAndAdministrative": "1336711000", "researchAndDevelopment": "None", "operatingExpenses": "1690684000", "investmentIncomeNet": "None", "netInterestIncome": "-121757000", "interestIncome": "121757000", "interestExpense": "124363000", "nonInterestIncome": "None", "otherNonOperatingIncome": "-43809000", "depreciation": "None", "depreciationAndAmortization": "644620000", "incomeBeforeTax": "703886000", "incomeTaxExpense": "192243000", "interestAndDebtExpense": "None", "netIncomeFromContinuingOperations": "511643000", "comprehensiveIncomeNetOfTax": "None", "ebit": "838471000", "ebitda": "1483091000", "netIncome": "491189000"}, {"fiscalDateEnding": "2021-12-31", "reportedCurrency": "USD", "grossProfit": "1953259000", "totalRevenue": "12980213000", "costOfRevenue": "11026954000", "costofGoodsAndServicesSold": "11026954000", "operatingIncome": "663521000", "sellingGeneralAndAdministrative": "1155956000", "researchAndDevelopment": "None", "operatingExpenses": "1321322000", "investmentIncomeNet": "None", "netInterestIncome": "-65705000", "interestIncome": "3194000", "interestExpense": "68899000", "nonInterestIncome": "None", "otherNonOperatingIncome": "28279000", "depreciation": "None", "depreciationAndAmortization": "420895000", "incomeBeforeTax": "622901000", "incomeTaxExpense": "130918000", "interestAndDebtExpense": "None", "netIncomeFromContinuingOperations": "491983000", "comprehensiveIncomeNetOfTax": "None", "ebit": "631937000", "ebitda": "1052832000", "netIncome": "485956000"}, {"fiscalDateEnding": "2020-12-31", "reportedCurrency": "USD", "grossProfit": "1660847000", "totalRevenue": "11202672000", "costOfRevenue": "9541825000", "costofGoodsAndServicesSold": "9541825000", "operatingIncome": "611371000", "sellingGeneralAndAdministrative": "975074000", "researchAndDevelopment": "None", "operatingExpenses": "1051778000", "investmentIncomeNet": "None", "netInterestIncome": "-42564000", "interestIncome": "2449000", "interestExpense": "45013000", "nonInterestIncome": "None", "otherNonOperatingIncome": "4988000", "depreciation": "None", "depreciationAndAmortization": "301960000", "incomeBeforeTax": "571346000", "incomeTaxExpense": "119387000", "interestAndDebtExpense": "None", "netIncomeFromContinuingOperations": "451959000", "comprehensiveIncomeNetOfTax": "None", "ebit": "609069000", "ebitda": "911029000", "netIncome": "445596000"}, {"fiscalDateEnding": "2019-12-31", "reportedCurrency": "USD", "grossProfit": "1600252000", "totalRevenue": "12112153000", "costOfRevenue": "10511901000", "costofGoodsAndServicesSold": "10511901000", "operatingIncome": "554874000", "sellingGeneralAndAdministrative": "955991000", "researchAndDevelopment": "None", "operatingExpenses": "1018082000", "investmentIncomeNet": "None", "netInterestIncome": "-65963000", "interestIncome": "927000", "interestExpense": "66890000", "nonInterestIncome": "None", "otherNonOperatingIncome": "84303000", "depreciation": "None", "depreciationAndAmortization": "280198000", "incomeBeforeTax": "572287000", "incomeTaxExpense": "165472000", "interestAndDebtExpense": "None", "netIncomeFromContinuingOperations": "406815000", "comprehensiveIncomeNetOfTax": "None", "ebit": "582170000", "ebitda": "862368000", "netIncome": "402044000"}, {"fiscalDateEnding": "2018-12-31", "reportedCurrency": "USD", "grossProfit": "1479964000", "totalRevenue": "11171423000", "costOfRevenue": "9691459000", "costofGoodsAndServicesSold": "9691459000", "operatingIncome": "540269000", "sellingGeneralAndAdministrative": "857574000", "researchAndDevelopment": "None", "operatingExpenses": "901568000", "investmentIncomeNet": "None", "netInterestIncome": "-35390000", "interestIncome": "1555000", "interestExpense": "36945000", "nonInterestIncome": "None", "otherNonOperatingIncome": "-45658000", "depreciation": "None", "depreciationAndAmortization": "246513000", "incomeBeforeTax": "457666000", "incomeTaxExpense": "161659000", "interestAndDebtExpense": "None", "netIncomeFromContinuingOperations": "296007000", "comprehensiveIncomeNetOfTax": "None", "ebit": "578396000", "ebitda": "824909000", "netIncome": "293346000"}, {"fiscalDateEnding": "2017-12-31", "reportedCurrency": "USD", "grossProfit": "1241860000", "totalRevenue": "9466478000", "costOfRevenue": "8224618000", "costofGoodsAndServicesSold": "8224618000", "operatingIncome": "378849000", "sellingGeneralAndAdministrative": "777920000", "researchAndDevelopment": "0", "operatingExpenses": "810125000", "investmentIncomeNet": "None", "netInterestIncome": "-20114000", "interestIncome": "832000", "interestExpense": "20946000", "nonInterestIncome": "None", "otherNonOperatingIncome": "-4146000", "depreciation": "None", "depreciationAndAmortization": "216013000", "incomeBeforeTax": "353757000", "incomeTaxExpense": "35532000", "interestAndDebtExpense": "None", "netIncomeFromContinuingOperations": "318225000", "comprehensiveIncomeNetOfTax": "None", "ebit": "431735000", "ebitda": "647748000", "netIncome": "314978000"}, {"fiscalDateEnding": "2016-12-31", "reportedCurrency": "USD", "grossProfit": "1013800000", "totalRevenue": "7651319000", "costOfRevenue": "6637519000", "costofGoodsAndServicesSold": "6637519000", "operatingIncome": "320813000", "sellingGeneralAndAdministrative": "653338000", "researchAndDevelopment": "0", "operatingExpenses": "685023000", "investmentIncomeNet": "None", "netInterestIncome": "-12464000", "interestIncome": "2423000", "interestExpense": "14887000", "nonInterestIncome": "None", "otherNonOperatingIncome": "1760000", "depreciation": "None", "depreciationAndAmortization": "201925000", "incomeBeforeTax": "307686000", "incomeTaxExpense": "107246000", "interestAndDebtExpense": "None", "netIncomeFromContinuingOperations": "200440000", "comprehensiveIncomeNetOfTax": "None", "ebit": "322573000", "ebitda": "524498000", "netIncome": "198383000"}, {"fiscalDateEnding": "2015-12-31", "reportedCurrency": "USD", "grossProfit": "923665000", "totalRevenue": "7572436000", "costOfRevenue": "6648771000", "costofGoodsAndServicesSold": "6648771000", "operatingIncome": "237503000", "sellingGeneralAndAdministrative": "592863000", "researchAndDevelopment": "0", "operatingExpenses": "627711000", "investmentIncomeNet": "None", "netInterestIncome": "None", "interestIncome": "6997000", "interestExpense": "8024000", "nonInterestIncome": "None", "otherNonOperatingIncome": "-804000", "depreciation": "None", "depreciationAndAmortization": "34848000", "incomeBeforeTax": "228675000", "incomeTaxExpense": "97472000", "interestAndDebtExpense": "None", "netIncomeFromContinuingOperations": "131203000", "comprehensiveIncomeNetOfTax": "None", "ebit": "462399000", "ebitda": "497247000", "netIncome": "310907000"}, {"fiscalDateEnding": "2014-12-31", "reportedCurrency": "USD", "grossProfit": "1233520000", "totalRevenue": "7851250000", "costOfRevenue": "6617730000", "costofGoodsAndServicesSold": "6617730000", "operatingIncome": "475575000", "sellingGeneralAndAdministrative": "722038000", "researchAndDevelopment": "0", "operatingExpenses": "757945000", "investmentIncomeNet": "None", "netInterestIncome": "None", "interestIncome": "None", "interestExpense": "4765000", "nonInterestIncome": "None", "otherNonOperatingIncome": "2307000", "depreciation": "None", "depreciationAndAmortization": "35907000", "incomeBeforeTax": "473117000", "incomeTaxExpense": "157408000", "interestAndDebtExpense": "None", "netIncomeFromContinuingOperations": "315709000", "comprehensiveIncomeNetOfTax": "None", "ebit": "635992000", "ebitda": "671899000", "netIncome": "296714000"}, {"fiscalDateEnding": "2013-12-31", "reportedCurrency": "USD", "grossProfit": "1055453000", "totalRevenue": "6522842000", "costOfRevenue": "5467389000", "costofGoodsAndServicesSold": "5467389000", "operatingIncome": "526928000", "sellingGeneralAndAdministrative": "501010000", "researchAndDevelopment": "0", "operatingExpenses": "528525000", "investmentIncomeNet": "None", "netInterestIncome": "None", "interestIncome": "None", "interestExpense": "2668000", "nonInterestIncome": "None", "otherNonOperatingIncome": "114989000", "depreciation": "None", "depreciationAndAmortization": "27515000", "incomeBeforeTax": "639249000", "incomeTaxExpense": "217940000", "interestAndDebtExpense": "None", "netIncomeFromContinuingOperations": "421309000", "comprehensiveIncomeNetOfTax": "None", "ebit": "593179000", "ebitda": "620694000", "netIncome": "401921000"}, {"fiscalDateEnding": "2012-12-31", "reportedCurrency": "USD", "grossProfit": "937707000", "totalRevenue": "5920269000", "costOfRevenue": "4982562000", "costofGoodsAndServicesSold": "4982562000", "operatingIncome": "465122000", "sellingGeneralAndAdministrative": "434894000", "researchAndDevelopment": "0", "operatingExpenses": "472585000", "investmentIncomeNet": "None", "netInterestIncome": "None", "interestIncome": "None", "interestExpense": "3746000", "nonInterestIncome": "None", "otherNonOperatingIncome": "3204000", "depreciation": "None", "depreciationAndAmortization": "37691000", "incomeBeforeTax": "464580000", "incomeTaxExpense": "158859000", "interestAndDebtExpense": "None", "netIncomeFromContinuingOperations": "305721000", "comprehensiveIncomeNetOfTax": "None", "ebit": "588629000", "ebitda": "626320000", "netIncome": "306629000"}, {"fiscalDateEnding": "2011-12-31", "reportedCurrency": "USD", "grossProfit": "620599000", "totalRevenue": "4623829000", "costOfRevenue": "4003230000", "costofGoodsAndServicesSold": "4003230000", "operatingIncome": "217683000", "sellingGeneralAndAdministrative": "372963000", "researchAndDevelopment": "0", "operatingExpenses": "402916000", "investmentIncomeNet": "None", "netInterestIncome": "None", "interestIncome": "None", "interestExpense": "1821000", "nonInterestIncome": "None", "otherNonOperatingIncome": "508000", "depreciation": "None", "depreciationAndAmortization": "29953000", "incomeBeforeTax": "216370000", "incomeTaxExpense": "71954000", "interestAndDebtExpense": "None", "netIncomeFromContinuingOperations": "144416000", "comprehensiveIncomeNetOfTax": "None", "ebit": "304271000", "ebitda": "334224000", "netIncome": "132515000"}, {"fiscalDateEnding": "2010-12-31", "reportedCurrency": "USD", "grossProfit": "634423000", "totalRevenue": "3931218000", "costOfRevenue": "3296795000", "costofGoodsAndServicesSold": "3296795000", "operatingIncome": "256183000", "sellingGeneralAndAdministrative": "339672000", "researchAndDevelopment": "0", "operatingExpenses": "378240000", "investmentIncomeNet": "None", "netInterestIncome": "None", "interestIncome": "None", "interestExpense": "4913000", "nonInterestIncome": "None", "otherNonOperatingIncome": "-5015000", "depreciation": "None", "depreciationAndAmortization": "38568000", "incomeBeforeTax": "246255000", "incomeTaxExpense": "90698000", "interestAndDebtExpense": "None", "netIncomeFromContinuingOperations": "155557000", "comprehensiveIncomeNetOfTax": "None", "ebit": "339146000", "ebitda": "377714000", "netIncome": "153176000"}, {"fiscalDateEnding": "2009-12-31", "reportedCurrency": "USD", "grossProfit": "593488000", "totalRevenue": "3318126000", "costOfRevenue": "2724638000", "costofGoodsAndServicesSold": "2724638000", "operatingIncome": "242122000", "sellingGeneralAndAdministrative": "312414000", "researchAndDevelopment": "0", "operatingExpenses": "351366000", "investmentIncomeNet": "None", "netInterestIncome": "None", "interestIncome": "None", "interestExpense": "11269000", "nonInterestIncome": "None", "otherNonOperatingIncome": "2877000", "depreciation": "None", "depreciationAndAmortization": "38952000", "incomeBeforeTax": "233730000", "incomeTaxExpense": "70195000", "interestAndDebtExpense": "None", "netIncomeFromContinuingOperations": "163535000", "comprehensiveIncomeNetOfTax": "None", "ebit": "331861000", "ebitda": "370813000", "netIncome": "162162000"}, {"fiscalDateEnding": "2008-12-31", "reportedCurrency": "USD", "grossProfit": "634866000", "totalRevenue": "3780213000", "costOfRevenue": "3145347000", "costofGoodsAndServicesSold": "3145347000", "operatingIncome": "289167000", "sellingGeneralAndAdministrative": "309399000", "researchAndDevelopment": "None", "operatingExpenses": "345699000", "investmentIncomeNet": "None", "netInterestIncome": "None", "interestIncome": "None", "interestExpense": "32002000", "nonInterestIncome": "None", "otherNonOperatingIncome": "None", "depreciation": "None", "depreciationAndAmortization": "113954000", "incomeBeforeTax": "281767000", "incomeTaxExpense": "115026000", "interestAndDebtExpense": "None", "netIncomeFromContinuingOperations": "None", "comprehensiveIncomeNetOfTax": "None", "ebit": "299272000", "ebitda": "413226000", "netIncome": "166741000"}, {"fiscalDateEnding": "2007-12-31", "reportedCurrency": "USD", "grossProfit": "428747000", "totalRevenue": "2656036000", "costOfRevenue": "2227289000", "costofGoodsAndServicesSold": "2227289000", "operatingIncome": "169480000", "sellingGeneralAndAdministrative": "240508000", "researchAndDevelopment": "None", "operatingExpenses": "259267000", "investmentIncomeNet": "None", "netInterestIncome": "None", "interestIncome": "None", "interestExpense": "21515000", "nonInterestIncome": "None", "otherNonOperatingIncome": "None", "depreciation": "None", "depreciationAndAmortization": "77312000", "incomeBeforeTax": "167362000", "incomeTaxExpense": "34222000", "interestAndDebtExpense": "None", "netIncomeFromContinuingOperations": "None", "comprehensiveIncomeNetOfTax": "None", "ebit": "92168000", "ebitda": "169480000", "netIncome": "135977000"}, {"fiscalDateEnding": "2006-12-31", "reportedCurrency": "USD", "grossProfit": "315816000", "totalRevenue": "2131038000", "costOfRevenue": "1815222000", "costofGoodsAndServicesSold": "1815222000", "operatingIncome": "76002000", "sellingGeneralAndAdministrative": "183002000", "researchAndDevelopment": "None", "operatingExpenses": "239814000", "investmentIncomeNet": "None", "netInterestIncome": "None", "interestIncome": "None", "interestExpense": "26823000", "nonInterestIncome": "None", "otherNonOperatingIncome": "None", "depreciation": "None", "depreciationAndAmortization": "56240000", "incomeBeforeTax": "65126000", "incomeTaxExpense": "47643000", "interestAndDebtExpense": "None", "netIncomeFromContinuingOperations": "None", "comprehensiveIncomeNetOfTax": "None", "ebit": "74063000", "ebitda": "130303000", "netIncome": "17483000"}, {"fiscalDateEnding": "2005-12-31", "reportedCurrency": "USD", "grossProfit": "256748000", "totalRevenue": "1858626000", "costOfRevenue": "1601878000", "costofGoodsAndServicesSold": "1601878000", "operatingIncome": "68545000", "sellingGeneralAndAdministrative": "188203000", "researchAndDevelopment": "None", "operatingExpenses": "188203000", "investmentIncomeNet": "None", "netInterestIncome": "None", "interestIncome": "None", "interestExpense": "23949000", "nonInterestIncome": "None", "otherNonOperatingIncome": "None", "depreciation": "None", "depreciationAndAmortization": "60379000", "incomeBeforeTax": "52247000", "incomeTaxExpense": "22690000", "interestAndDebtExpense": "None", "netIncomeFromContinuingOperations": "None", "comprehensiveIncomeNetOfTax": "None", "ebit": "66604000", "ebitda": "126983000", "netIncome": "29557000"}], "quarterlyReports": [{"fiscalDateEnding": "2024-12-31", "reportedCurrency": "USD", "grossProfit": "1063366000", "totalRevenue": "6553422000", "costOfRevenue": "5490056000", "costofGoodsAndServicesSold": "5490056000", "operatingIncome": "452723000", "sellingGeneralAndAdministrative": "506180000", "researchAndDevelopment": "None", "operatingExpenses": "610643000", "investmentIncomeNet": "None", "netInterestIncome": "-42757000", "interestIncome": "13587000", "interestExpense": "56344000", "nonInterestIncome": "None", "otherNonOperatingIncome": "None", "depreciation": "None", "depreciationAndAmortization": "212650000", "incomeBeforeTax": "416318000", "incomeTaxExpense": "106031000", "interestAndDebtExpense": "None", "netIncomeFromContinuingOperations": "310287000", "comprehensiveIncomeNetOfTax": "None", "ebit": "472662000", "ebitda": "685312000", "netIncome": "305120000"}, {"fiscalDateEnding": "2024-09-30", "reportedCurrency": "USD", "grossProfit": "902148000", "totalRevenue": "6493167000", "costOfRevenue": "5591019000", "costofGoodsAndServicesSold": "5591019000", "operatingIncome": "431161000", "sellingGeneralAndAdministrative": "483878000", "researchAndDevelopment": "None", "operatingExpenses": "581409000", "investmentIncomeNet": "None", "netInterestIncome": "-52713000", "interestIncome": "7237000", "interestExpense": "59950000", "nonInterestIncome": "None", "otherNonOperatingIncome": "None", "depreciation": "None", "depreciationAndAmortization": "210632000", "incomeBeforeTax": "381442000", "incomeTaxExpense": "82421000", "interestAndDebtExpense": "None", "netIncomeFromContinuingOperations": "299021000", "comprehensiveIncomeNetOfTax": "None", "ebit": "431161000", "ebitda": "641793000", "netIncome": "293185000"}, {"fiscalDateEnding": "2024-06-30", "reportedCurrency": "USD", "grossProfit": "732117000", "totalRevenue": "5594387000", "costOfRevenue": "4862270000", "costofGoodsAndServicesSold": "4862270000", "operatingIncome": "308906000", "sellingGeneralAndAdministrative": "432356000", "researchAndDevelopment": "None", "operatingExpenses": "423211000", "investmentIncomeNet": "None", "netInterestIncome": "-41764000", "interestIncome": "3557000", "interestExpense": "45321000", "nonInterestIncome": "None", "otherNonOperatingIncome": "None", "depreciation": "None", "depreciationAndAmortization": "162865000", "incomeBeforeTax": "267083000", "incomeTaxExpense": "75199000", "interestAndDebtExpense": "None", "netIncomeFromContinuingOperations": "191884000", "comprehensiveIncomeNetOfTax": "None", "ebit": "299761000", "ebitda": "462626000", "netIncome": "188159000"}, {"fiscalDateEnding": "2024-03-31", "reportedCurrency": "USD", "grossProfit": "623494000", "totalRevenue": "5031819000", "costOfRevenue": "4408325000", "costofGoodsAndServicesSold": "4408325000", "operatingIncome": "155354000", "sellingGeneralAndAdministrative": "402340000", "researchAndDevelopment": "None", "operatingExpenses": "479851000", "investmentIncomeNet": "None", "netInterestIncome": "-33049000", "interestIncome": "8023000", "interestExpense": "41072000", "nonInterestIncome": "None", "otherNonOperatingIncome": "None", "depreciation": "None", "depreciationAndAmortization": "166406000", "incomeBeforeTax": "147187000", "incomeTaxExpense": "21096000", "interestAndDebtExpense": "None", "netIncomeFromContinuingOperations": "126091000", "comprehensiveIncomeNetOfTax": "None", "ebit": "143643000", "ebitda": "310049000", "netIncome": "118360000"}, {"fiscalDateEnding": "2023-12-31", "reportedCurrency": "USD", "grossProfit": "717243000", "totalRevenue": "5783948000", "costOfRevenue": "5066705000", "costofGoodsAndServicesSold": "5066705000", "operatingIncome": "333866000", "sellingGeneralAndAdministrative": "399876000", "researchAndDevelopment": "None", "operatingExpenses": "383377000", "investmentIncomeNet": "None", "netInterestIncome": "-43627000", "interestIncome": "5873000", "interestExpense": "49500000", "nonInterestIncome": "None", "otherNonOperatingIncome": "None", "depreciation": "None", "depreciationAndAmortization": "160265000", "incomeBeforeTax": "289409000", "incomeTaxExpense": "75799000", "interestAndDebtExpense": "None", "netIncomeFromContinuingOperations": "213610000", "comprehensiveIncomeNetOfTax": "None", "ebit": "317367000", "ebitda": "477632000", "netIncome": "210908000"}, {"fiscalDateEnding": "2023-09-30", "reportedCurrency": "USD", "grossProfit": "847324000", "totalRevenue": "5620822000", "costOfRevenue": "4773498000", "costofGoodsAndServicesSold": "4773498000", "operatingIncome": "400329000", "sellingGeneralAndAdministrative": "386538000", "researchAndDevelopment": "None", "operatingExpenses": "457899000", "investmentIncomeNet": "None", "netInterestIncome": "-45538000", "interestIncome": "1993000", "interestExpense": "47531000", "nonInterestIncome": "None", "otherNonOperatingIncome": "None", "depreciation": "None", "depreciationAndAmortization": "152849000", "incomeBeforeTax": "351047000", "incomeTaxExpense": "77522000", "interestAndDebtExpense": "None", "netIncomeFromContinuingOperations": "273525000", "comprehensiveIncomeNetOfTax": "None", "ebit": "389425000", "ebitda": "542274000", "netIncome": "272836000"}, {"fiscalDateEnding": "2023-06-30", "reportedCurrency": "USD", "grossProfit": "724099000", "totalRevenue": "5048610000", "costOfRevenue": "4324511000", "costofGoodsAndServicesSold": "4324511000", "operatingIncome": "279273000", "sellingGeneralAndAdministrative": "384171000", "researchAndDevelopment": "None", "operatingExpenses": "454196000", "investmentIncomeNet": "None", "netInterestIncome": "-46741000", "interestIncome": "1448000", "interestExpense": "48189000", "nonInterestIncome": "None", "otherNonOperatingIncome": "4867000", "depreciation": "None", "depreciationAndAmortization": "149901000", "incomeBeforeTax": "235951000", "incomeTaxExpense": "69367000", "interestAndDebtExpense": "None", "netIncomeFromContinuingOperations": "166584000", "comprehensiveIncomeNetOfTax": "None", "ebit": "269903000", "ebitda": "419804000", "netIncome": "165899000"}, {"fiscalDateEnding": "2023-03-31", "reportedCurrency": "USD", "grossProfit": "573195000", "totalRevenue": "4428826000", "costOfRevenue": "3855631000", "costofGoodsAndServicesSold": "3855631000", "operatingIncome": "125860000", "sellingGeneralAndAdministrative": "384552000", "researchAndDevelopment": "None", "operatingExpenses": "456955000", "investmentIncomeNet": "None", "netInterestIncome": "-40177000", "interestIncome": "39355000", "interestExpense": "41693000", "nonInterestIncome": "None", "otherNonOperatingIncome": "9382000", "depreciation": "None", "depreciationAndAmortization": "150785000", "incomeBeforeTax": "93549000", "incomeTaxExpense": "-3421000", "interestAndDebtExpense": "None", "netIncomeFromContinuingOperations": "96970000", "comprehensiveIncomeNetOfTax": "None", "ebit": "135242000", "ebitda": "286027000", "netIncome": "95046000"}, {"fiscalDateEnding": "2022-12-31", "reportedCurrency": "USD", "grossProfit": "667564000", "totalRevenue": "4416618000", "costOfRevenue": "3749054000", "costofGoodsAndServicesSold": "3749054000", "operatingIncome": "259395000", "sellingGeneralAndAdministrative": "341130000", "researchAndDevelopment": "None", "operatingExpenses": "404260000", "investmentIncomeNet": "None", "netInterestIncome": "-35551000", "interestIncome": "35551000", "interestExpense": "37430000", "nonInterestIncome": "None", "otherNonOperatingIncome": "23719000", "depreciation": "None", "depreciationAndAmortization": "135357000", "incomeBeforeTax": "245684000", "incomeTaxExpense": "71545000", "interestAndDebtExpense": "None", "netIncomeFromContinuingOperations": "174139000", "comprehensiveIncomeNetOfTax": "None", "ebit": "283114000", "ebitda": "418471000", "netIncome": "162572000"}, {"fiscalDateEnding": "2022-09-30", "reportedCurrency": "USD", "grossProfit": "688830000", "totalRevenue": "4459757000", "costOfRevenue": "3770927000", "costofGoodsAndServicesSold": "3770927000", "operatingIncome": "286791000", "sellingGeneralAndAdministrative": "345525000", "researchAndDevelopment": "None", "operatingExpenses": "414596000", "investmentIncomeNet": "None", "netInterestIncome": "-33130000", "interestIncome": "33130000", "interestExpense": "33566000", "nonInterestIncome": "None", "otherNonOperatingIncome": "-24019000", "depreciation": "None", "depreciationAndAmortization": "140654000", "incomeBeforeTax": "229206000", "incomeTaxExpense": "72890000", "interestAndDebtExpense": "None", "netIncomeFromContinuingOperations": "156316000", "comprehensiveIncomeNetOfTax": "None", "ebit": "274234000", "ebitda": "414888000", "netIncome": "155956000"}, {"fiscalDateEnding": "2022-06-30", "reportedCurrency": "USD", "grossProfit": "624590000", "totalRevenue": "4232003000", "costOfRevenue": "3607413000", "costofGoodsAndServicesSold": "3607413000", "operatingIncome": "208356000", "sellingGeneralAndAdministrative": "324054000", "researchAndDevelopment": "None", "operatingExpenses": "431190000", "investmentIncomeNet": "None", "netInterestIncome": "-28417000", "interestIncome": "222000", "interestExpense": "28639000", "nonInterestIncome": "None", "otherNonOperatingIncome": "-42305000", "depreciation": "None", "depreciationAndAmortization": "181904000", "incomeBeforeTax": "137412000", "incomeTaxExpense": "41252000", "interestAndDebtExpense": "None", "netIncomeFromContinuingOperations": "96160000", "comprehensiveIncomeNetOfTax": "None", "ebit": "193400000", "ebitda": "375304000", "netIncome": "88020000"}, {"fiscalDateEnding": "2022-03-31", "reportedCurrency": "USD", "grossProfit": "548171000", "totalRevenue": "3965525000", "costOfRevenue": "3417354000", "costofGoodsAndServicesSold": "3417354000", "operatingIncome": "117516000", "sellingGeneralAndAdministrative": "330056000", "researchAndDevelopment": "None", "operatingExpenses": "440638000", "investmentIncomeNet": "None", "netInterestIncome": "-24659000", "interestIncome": "69000", "interestExpense": "24728000", "nonInterestIncome": "None", "otherNonOperatingIncome": "-1204000", "depreciation": "None", "depreciationAndAmortization": "186705000", "incomeBeforeTax": "91584000", "incomeTaxExpense": "6556000", "interestAndDebtExpense": "None", "netIncomeFromContinuingOperations": "85028000", "comprehensiveIncomeNetOfTax": "None", "ebit": "107533000", "ebitda": "294238000", "netIncome": "84641000"}, {"fiscalDateEnding": "2021-12-31", "reportedCurrency": "USD", "grossProfit": "597982000", "totalRevenue": "3923538000", "costOfRevenue": "3325556000", "costofGoodsAndServicesSold": "3325556000", "operatingIncome": "140064000", "sellingGeneralAndAdministrative": "367648000", "researchAndDevelopment": "None", "operatingExpenses": "467596000", "investmentIncomeNet": "None", "netInterestIncome": "-25960000", "interestIncome": "96000", "interestExpense": "26056000", "nonInterestIncome": "None", "otherNonOperatingIncome": "6949000", "depreciation": "None", "depreciationAndAmortization": "168997000", "incomeBeforeTax": "120957000", "incomeTaxExpense": "14662000", "interestAndDebtExpense": "None", "netIncomeFromContinuingOperations": "106295000", "comprehensiveIncomeNetOfTax": "None", "ebit": "130386000", "ebitda": "299383000", "netIncome": "104797000"}, {"fiscalDateEnding": "2021-09-30", "reportedCurrency": "USD", "grossProfit": "534676000", "totalRevenue": "3353278000", "costOfRevenue": "2818602000", "costofGoodsAndServicesSold": "2818602000", "operatingIncome": "248077000", "sellingGeneralAndAdministrative": "274059000", "researchAndDevelopment": "None", "operatingExpenses": "297618000", "investmentIncomeNet": "None", "netInterestIncome": "-17187000", "interestIncome": "17187000", "interestExpense": "17259000", "nonInterestIncome": "None", "otherNonOperatingIncome": "6161000", "depreciation": "None", "depreciationAndAmortization": "84388000", "incomeBeforeTax": "236979000", "incomeTaxExpense": "61581000", "interestAndDebtExpense": "None", "netIncomeFromContinuingOperations": "175398000", "comprehensiveIncomeNetOfTax": "None", "ebit": "237058000", "ebitda": "321446000", "netIncome": "174365000"}, {"fiscalDateEnding": "2021-06-30", "reportedCurrency": "USD", "grossProfit": "447711000", "totalRevenue": "2999816000", "costOfRevenue": "2552105000", "costofGoodsAndServicesSold": "2552105000", "operatingIncome": "161651000", "sellingGeneralAndAdministrative": "270110000", "researchAndDevelopment": "None", "operatingExpenses": "291401000", "investmentIncomeNet": "None", "netInterestIncome": "-10200000", "interestIncome": "2909000", "interestExpense": "13109000", "nonInterestIncome": "None", "otherNonOperatingIncome": "11380000", "depreciation": "None", "depreciationAndAmortization": "84048000", "incomeBeforeTax": "159922000", "incomeTaxExpense": "40951000", "interestAndDebtExpense": "None", "netIncomeFromContinuingOperations": "118971000", "comprehensiveIncomeNetOfTax": "None", "ebit": "156310000", "ebitda": "240358000", "netIncome": "117033000"}, {"fiscalDateEnding": "2021-03-31", "reportedCurrency": "USD", "grossProfit": "372890000", "totalRevenue": "2703581000", "costOfRevenue": "2330691000", "costofGoodsAndServicesSold": "2330691000", "operatingIncome": "113729000", "sellingGeneralAndAdministrative": "265775000", "researchAndDevelopment": "None", "operatingExpenses": "264707000", "investmentIncomeNet": "None", "netInterestIncome": "-12358000", "interestIncome": "117000", "interestExpense": "12475000", "nonInterestIncome": "None", "otherNonOperatingIncome": "3789000", "depreciation": "None", "depreciationAndAmortization": "83462000", "incomeBeforeTax": "105043000", "incomeTaxExpense": "13724000", "interestAndDebtExpense": "None", "netIncomeFromContinuingOperations": "91319000", "comprehensiveIncomeNetOfTax": "None", "ebit": "108183000", "ebitda": "191645000", "netIncome": "89761000"}, {"fiscalDateEnding": "2020-12-31", "reportedCurrency": "USD", "grossProfit": "465873000", "totalRevenue": "2912185000", "costOfRevenue": "2446312000", "costofGoodsAndServicesSold": "2446312000", "operatingIncome": "175503000", "sellingGeneralAndAdministrative": "265775000", "researchAndDevelopment": "None", "operatingExpenses": "287105000", "investmentIncomeNet": "None", "netInterestIncome": "-9969000", "interestIncome": "1335000", "interestExpense": "11304000", "nonInterestIncome": "None", "otherNonOperatingIncome": "7523000", "depreciation": "None", "depreciationAndAmortization": "81406000", "incomeBeforeTax": "171722000", "incomeTaxExpense": "-239000", "interestAndDebtExpense": "None", "netIncomeFromContinuingOperations": "171961000", "comprehensiveIncomeNetOfTax": "None", "ebit": "183026000", "ebitda": "264432000", "netIncome": "170051000"}, {"fiscalDateEnding": "2020-09-30", "reportedCurrency": "USD", "grossProfit": "507514000", "totalRevenue": "3020161000", "costOfRevenue": "2512647000", "costofGoodsAndServicesSold": "2512647000", "operatingIncome": "242215000", "sellingGeneralAndAdministrative": "250654000", "researchAndDevelopment": "None", "operatingExpenses": "270341000", "investmentIncomeNet": "None", "netInterestIncome": "-10969000", "interestIncome": "10969000", "interestExpense": "11049000", "nonInterestIncome": "None", "otherNonOperatingIncome": "3011000", "depreciation": "None", "depreciationAndAmortization": "75931000", "incomeBeforeTax": "234177000", "incomeTaxExpense": "70477000", "interestAndDebtExpense": "None", "netIncomeFromContinuingOperations": "163700000", "comprehensiveIncomeNetOfTax": "None", "ebit": "237173000", "ebitda": "313104000", "netIncome": "162913000"}, {"fiscalDateEnding": "2020-06-30", "reportedCurrency": "USD", "grossProfit": "355264000", "totalRevenue": "2506231000", "costOfRevenue": "2150967000", "costofGoodsAndServicesSold": "2150967000", "operatingIncome": "112916000", "sellingGeneralAndAdministrative": "227852000", "researchAndDevelopment": "None", "operatingExpenses": "245631000", "investmentIncomeNet": "None", "netInterestIncome": "-8379000", "interestIncome": "275000", "interestExpense": "8654000", "nonInterestIncome": "None", "otherNonOperatingIncome": "3522000", "depreciation": "None", "depreciationAndAmortization": "72305000", "incomeBeforeTax": "107784000", "incomeTaxExpense": "32989000", "interestAndDebtExpense": "None", "netIncomeFromContinuingOperations": "74795000", "comprehensiveIncomeNetOfTax": "None", "ebit": "109633000", "ebitda": "181938000", "netIncome": "73946000"}, {"fiscalDateEnding": "2020-03-31", "reportedCurrency": "USD", "grossProfit": "332196000", "totalRevenue": "2764095000", "costOfRevenue": "2431899000", "costofGoodsAndServicesSold": "2431899000", "operatingIncome": "80737000", "sellingGeneralAndAdministrative": "230793000", "researchAndDevelopment": "None", "operatingExpenses": "248701000", "investmentIncomeNet": "None", "netInterestIncome": "-13247000", "interestIncome": "759000", "interestExpense": "14006000", "nonInterestIncome": "None", "otherNonOperatingIncome": "-9068000", "depreciation": "None", "depreciationAndAmortization": "72318000", "incomeBeforeTax": "57663000", "incomeTaxExpense": "16160000", "interestAndDebtExpense": "None", "netIncomeFromContinuingOperations": "41503000", "comprehensiveIncomeNetOfTax": "None", "ebit": "83495000", "ebitda": "155813000", "netIncome": "38686000"}, {"fiscalDateEnding": "2019-12-31", "reportedCurrency": "USD", "grossProfit": "443321000", "totalRevenue": "3112800000", "costOfRevenue": "2669479000", "costofGoodsAndServicesSold": "2669479000", "operatingIncome": "147413000", "sellingGeneralAndAdministrative": "255129000", "researchAndDevelopment": "None", "operatingExpenses": "276676000", "investmentIncomeNet": "None", "netInterestIncome": "-18659000", "interestIncome": "165000", "interestExpense": "18824000", "nonInterestIncome": "None", "otherNonOperatingIncome": "17344000", "depreciation": "None", "depreciationAndAmortization": "78065000", "incomeBeforeTax": "145933000", "incomeTaxExpense": "25634000", "interestAndDebtExpense": "None", "netIncomeFromContinuingOperations": "120299000", "comprehensiveIncomeNetOfTax": "None", "ebit": "166645000", "ebitda": "244710000", "netIncome": "118144000"}, {"fiscalDateEnding": "2019-09-30", "reportedCurrency": "USD", "grossProfit": "473445000", "totalRevenue": "3352895000", "costOfRevenue": "2879450000", "costofGoodsAndServicesSold": "2879450000", "operatingIncome": "209394000", "sellingGeneralAndAdministrative": "245010000", "researchAndDevelopment": "None", "operatingExpenses": "260274000", "investmentIncomeNet": "None", "netInterestIncome": "-18183000", "interestIncome": "186000", "interestExpense": "18369000", "nonInterestIncome": "None", "otherNonOperatingIncome": "903000", "depreciation": "None", "depreciationAndAmortization": "70826000", "incomeBeforeTax": "191928000", "incomeTaxExpense": "54906000", "interestAndDebtExpense": "None", "netIncomeFromContinuingOperations": "137022000", "comprehensiveIncomeNetOfTax": "None", "ebit": "213171000", "ebitda": "283997000", "netIncome": "136068000"}, {"fiscalDateEnding": "2019-06-30", "reportedCurrency": "USD", "grossProfit": "319505000", "totalRevenue": "2839199000", "costOfRevenue": "2519694000", "costofGoodsAndServicesSold": "2519694000", "operatingIncome": "78580000", "sellingGeneralAndAdministrative": "223944000", "researchAndDevelopment": "None", "operatingExpenses": "236554000", "investmentIncomeNet": "None", "netInterestIncome": "-15554000", "interestIncome": "267000", "interestExpense": "15821000", "nonInterestIncome": "None", "otherNonOperatingIncome": "6788000", "depreciation": "None", "depreciationAndAmortization": "66421000", "incomeBeforeTax": "69547000", "incomeTaxExpense": "41088000", "interestAndDebtExpense": "None", "netIncomeFromContinuingOperations": "28459000", "comprehensiveIncomeNetOfTax": "None", "ebit": "82951000", "ebitda": "149372000", "netIncome": "27344000"}, {"fiscalDateEnding": "2019-03-31", "reportedCurrency": "USD", "grossProfit": "363981000", "totalRevenue": "2807259000", "costOfRevenue": "2443278000", "costofGoodsAndServicesSold": "2443278000", "operatingIncome": "119487000", "sellingGeneralAndAdministrative": "231908000", "researchAndDevelopment": "None", "operatingExpenses": "244578000", "investmentIncomeNet": "None", "netInterestIncome": "-13567000", "interestIncome": "13567000", "interestExpense": "13876000", "nonInterestIncome": "None", "otherNonOperatingIncome": "59268000", "depreciation": "None", "depreciationAndAmortization": "64886000", "incomeBeforeTax": "164879000", "incomeTaxExpense": "43844000", "interestAndDebtExpense": "None", "netIncomeFromContinuingOperations": "121035000", "comprehensiveIncomeNetOfTax": "None", "ebit": "119403000", "ebitda": "184289000", "netIncome": "120488000"}, {"fiscalDateEnding": "2018-12-31", "reportedCurrency": "USD", "grossProfit": "419715000", "totalRevenue": "3112218000", "costOfRevenue": "2692503000", "costofGoodsAndServicesSold": "2692503000", "operatingIncome": "149448000", "sellingGeneralAndAdministrative": "212008000", "researchAndDevelopment": "0", "operatingExpenses": "224467000", "investmentIncomeNet": "None", "netInterestIncome": "None", "interestIncome": "None", "interestExpense": "11770000", "nonInterestIncome": "None", "otherNonOperatingIncome": "-8887000", "depreciation": "None", "depreciationAndAmortization": "12459000", "incomeBeforeTax": "128791000", "incomeTaxExpense": "71000000", "interestAndDebtExpense": "None", "netIncomeFromContinuingOperations": "21785000", "comprehensiveIncomeNetOfTax": "None", "ebit": "236471000", "ebitda": "248930000", "netIncome": "56816000"}, {"fiscalDateEnding": "2018-09-30", "reportedCurrency": "USD", "grossProfit": "425830000", "totalRevenue": "2985281000", "costOfRevenue": "2559451000", "costofGoodsAndServicesSold": "2559451000", "operatingIncome": "192561000", "sellingGeneralAndAdministrative": "224040000", "researchAndDevelopment": "0", "operatingExpenses": "234663000", "investmentIncomeNet": "None", "netInterestIncome": "None", "interestIncome": "None", "interestExpense": "9219000", "nonInterestIncome": "None", "otherNonOperatingIncome": "-15176000", "depreciation": "None", "depreciationAndAmortization": "10623000", "incomeBeforeTax": "168166000", "incomeTaxExpense": "43267000", "interestAndDebtExpense": "None", "netIncomeFromContinuingOperations": "124899000", "comprehensiveIncomeNetOfTax": "None", "ebit": "247710000", "ebitda": "258333000", "netIncome": "124551000"}, {"fiscalDateEnding": "2018-06-30", "reportedCurrency": "USD", "grossProfit": "333371000", "totalRevenue": "2656348000", "costOfRevenue": "2322977000", "costofGoodsAndServicesSold": "2322977000", "operatingIncome": "123039000", "sellingGeneralAndAdministrative": "206104000", "researchAndDevelopment": "0", "operatingExpenses": "216611000", "investmentIncomeNet": "None", "netInterestIncome": "None", "interestIncome": "None", "interestExpense": "9178000", "nonInterestIncome": "None", "otherNonOperatingIncome": "-9766000", "depreciation": "None", "depreciationAndAmortization": "10507000", "incomeBeforeTax": "104095000", "incomeTaxExpense": "29389000", "interestAndDebtExpense": "None", "netIncomeFromContinuingOperations": "74706000", "comprehensiveIncomeNetOfTax": "None", "ebit": "166794000", "ebitda": "177301000", "netIncome": "74365000"}, {"fiscalDateEnding": "2018-03-31", "reportedCurrency": "USD", "grossProfit": "301048000", "totalRevenue": "2417576000", "costOfRevenue": "2116528000", "costofGoodsAndServicesSold": "2116528000", "operatingIncome": "75221000", "sellingGeneralAndAdministrative": "215422000", "researchAndDevelopment": "0", "operatingExpenses": "225827000", "investmentIncomeNet": "None", "netInterestIncome": "None", "interestIncome": "None", "interestExpense": "6778000", "nonInterestIncome": "None", "otherNonOperatingIncome": "-11829000", "depreciation": "None", "depreciationAndAmortization": "10405000", "incomeBeforeTax": "56614000", "incomeTaxExpense": "18003000", "interestAndDebtExpense": "None", "netIncomeFromContinuingOperations": "74617000", "comprehensiveIncomeNetOfTax": "None", "ebit": "129540000", "ebitda": "139945000", "netIncome": "37614000"}, {"fiscalDateEnding": "2017-12-31", "reportedCurrency": "USD", "grossProfit": "322876000", "totalRevenue": "2478627000", "costOfRevenue": "2155751000", "costofGoodsAndServicesSold": "2155751000", "operatingIncome": "53556000", "sellingGeneralAndAdministrative": "206264000", "researchAndDevelopment": "0", "operatingExpenses": "216434000", "investmentIncomeNet": "None", "netInterestIncome": "None", "interestIncome": "None", "interestExpense": "6652000", "nonInterestIncome": "None", "otherNonOperatingIncome": "-979000", "depreciation": "None", "depreciationAndAmortization": "10170000", "incomeBeforeTax": "45925000", "incomeTaxExpense": "-69651000", "interestAndDebtExpense": "None", "netIncomeFromContinuingOperations": "115576000", "comprehensiveIncomeNetOfTax": "None", "ebit": "159881000", "ebitda": "170051000", "netIncome": "113561000"}, {"fiscalDateEnding": "2017-09-30", "reportedCurrency": "USD", "grossProfit": "350631000", "totalRevenue": "2609307000", "costOfRevenue": "2258676000", "costofGoodsAndServicesSold": "2258676000", "operatingIncome": "140428000", "sellingGeneralAndAdministrative": "201224000", "researchAndDevelopment": "0", "operatingExpenses": "210203000", "investmentIncomeNet": "None", "netInterestIncome": "None", "interestIncome": "None", "interestExpense": "6058000", "nonInterestIncome": "None", "otherNonOperatingIncome": "-2175000", "depreciation": "None", "depreciationAndAmortization": "8979000", "incomeBeforeTax": "132195000", "incomeTaxExpense": "42346000", "interestAndDebtExpense": "None", "netIncomeFromContinuingOperations": "89849000", "comprehensiveIncomeNetOfTax": "None", "ebit": "188854000", "ebitda": "197833000", "netIncome": "89313000"}, {"fiscalDateEnding": "2017-06-30", "reportedCurrency": "USD", "grossProfit": "302165000", "totalRevenue": "2200374000", "costOfRevenue": "1898209000", "costofGoodsAndServicesSold": "1898209000", "operatingIncome": "109791000", "sellingGeneralAndAdministrative": "185880000", "researchAndDevelopment": "0", "operatingExpenses": "192374000", "investmentIncomeNet": "None", "netInterestIncome": "None", "interestIncome": "None", "interestExpense": "4271000", "nonInterestIncome": "None", "otherNonOperatingIncome": "-915000", "depreciation": "None", "depreciationAndAmortization": "6494000", "incomeBeforeTax": "104605000", "incomeTaxExpense": "40245000", "interestAndDebtExpense": "None", "netIncomeFromContinuingOperations": "64360000", "comprehensiveIncomeNetOfTax": "None", "ebit": "154441000", "ebitda": "160935000", "netIncome": "63837000"}, {"fiscalDateEnding": "2017-03-31", "reportedCurrency": "USD", "grossProfit": "266188000", "totalRevenue": "2178170000", "costOfRevenue": "1911982000", "costofGoodsAndServicesSold": "1911982000", "operatingIncome": "75074000", "sellingGeneralAndAdministrative": "184552000", "researchAndDevelopment": "0", "operatingExpenses": "191114000", "investmentIncomeNet": "None", "netInterestIncome": "None", "interestIncome": "None", "interestExpense": "3965000", "nonInterestIncome": "None", "otherNonOperatingIncome": "-77000", "depreciation": "None", "depreciationAndAmortization": "6562000", "incomeBeforeTax": "71032000", "incomeTaxExpense": "22592000", "interestAndDebtExpense": "None", "netIncomeFromContinuingOperations": "48440000", "comprehensiveIncomeNetOfTax": "None", "ebit": "121967000", "ebitda": "128529000", "netIncome": "48267000"}, {"fiscalDateEnding": "2016-12-31", "reportedCurrency": "USD", "grossProfit": "307688000", "totalRevenue": "2102966000", "costOfRevenue": "1795278000", "costofGoodsAndServicesSold": "1795278000", "operatingIncome": "117887000", "sellingGeneralAndAdministrative": "173882000", "researchAndDevelopment": "0", "operatingExpenses": "181837000", "investmentIncomeNet": "None", "netInterestIncome": "None", "interestIncome": "None", "interestExpense": "3989000", "nonInterestIncome": "None", "otherNonOperatingIncome": "-1000", "depreciation": "None", "depreciationAndAmortization": "7955000", "incomeBeforeTax": "113897000", "incomeTaxExpense": "24592000", "interestAndDebtExpense": "None", "netIncomeFromContinuingOperations": "89305000", "comprehensiveIncomeNetOfTax": "None", "ebit": "161519000", "ebitda": "169474000", "netIncome": "87583000"}, {"fiscalDateEnding": "2016-09-30", "reportedCurrency": "USD", "grossProfit": "302582000", "totalRevenue": "2042186000", "costOfRevenue": "1739604000", "costofGoodsAndServicesSold": "1739604000", "operatingIncome": "130163000", "sellingGeneralAndAdministrative": "164325000", "researchAndDevelopment": "0", "operatingExpenses": "172419000", "investmentIncomeNet": "None", "netInterestIncome": "None", "interestIncome": "None", "interestExpense": "3726000", "nonInterestIncome": "None", "otherNonOperatingIncome": "1626000", "depreciation": "None", "depreciationAndAmortization": "8094000", "incomeBeforeTax": "128063000", "incomeTaxExpense": "54516000", "interestAndDebtExpense": "None", "netIncomeFromContinuingOperations": "73547000", "comprehensiveIncomeNetOfTax": "None", "ebit": "172841000", "ebitda": "180935000", "netIncome": "73742000"}, {"fiscalDateEnding": "2016-06-30", "reportedCurrency": "USD", "grossProfit": "200217000", "totalRevenue": "1792430000", "costOfRevenue": "1592213000", "costofGoodsAndServicesSold": "1592213000", "operatingIncome": "35469000", "sellingGeneralAndAdministrative": "156607000", "researchAndDevelopment": "0", "operatingExpenses": "164748000", "investmentIncomeNet": "None", "netInterestIncome": "None", "interestIncome": "None", "interestExpense": "3583000", "nonInterestIncome": "None", "otherNonOperatingIncome": "-462000", "depreciation": "None", "depreciationAndAmortization": "8141000", "incomeBeforeTax": "31424000", "incomeTaxExpense": "14695000", "interestAndDebtExpense": "None", "netIncomeFromContinuingOperations": "16729000", "comprehensiveIncomeNetOfTax": "None", "ebit": "78228000", "ebitda": "86369000", "netIncome": "16562000"}, {"fiscalDateEnding": "2016-03-31", "reportedCurrency": "USD", "grossProfit": "203313000", "totalRevenue": "1713737000", "costOfRevenue": "1510424000", "costofGoodsAndServicesSold": "1510424000", "operatingIncome": "37294000", "sellingGeneralAndAdministrative": "158524000", "researchAndDevelopment": "0", "operatingExpenses": "166019000", "investmentIncomeNet": "None", "netInterestIncome": "None", "interestIncome": "None", "interestExpense": "3589000", "nonInterestIncome": "None", "otherNonOperatingIncome": "597000", "depreciation": "None", "depreciationAndAmortization": "7495000", "incomeBeforeTax": "34302000", "incomeTaxExpense": "13443000", "interestAndDebtExpense": "None", "netIncomeFromContinuingOperations": "20859000", "comprehensiveIncomeNetOfTax": "None", "ebit": "84764000", "ebitda": "92259000", "netIncome": "20496000"}, {"fiscalDateEnding": "2015-12-31", "reportedCurrency": "USD", "grossProfit": "223039000", "totalRevenue": "1899272000", "costOfRevenue": "1676233000", "costofGoodsAndServicesSold": "1676233000", "operatingIncome": "3624000", "sellingGeneralAndAdministrative": "151790000", "researchAndDevelopment": "0", "operatingExpenses": "160964000", "investmentIncomeNet": "None", "netInterestIncome": "None", "interestIncome": "None", "interestExpense": "2928000", "nonInterestIncome": "None", "otherNonOperatingIncome": "-194000", "depreciation": "None", "depreciationAndAmortization": "9174000", "incomeBeforeTax": "504000", "incomeTaxExpense": "2898000", "interestAndDebtExpense": "None", "netIncomeFromContinuingOperations": "-8189000", "comprehensiveIncomeNetOfTax": "None", "ebit": "107138000", "ebitda": "116312000", "netIncome": "-5074000"}, {"fiscalDateEnding": "2015-09-30", "reportedCurrency": "USD", "grossProfit": "235215000", "totalRevenue": "1939438000", "costOfRevenue": "1704223000", "costofGoodsAndServicesSold": "1704223000", "operatingIncome": "80878000", "sellingGeneralAndAdministrative": "145687000", "researchAndDevelopment": "0", "operatingExpenses": "154337000", "investmentIncomeNet": "None", "netInterestIncome": "None", "interestIncome": "None", "interestExpense": "2021000", "nonInterestIncome": "None", "otherNonOperatingIncome": "-724000", "depreciation": "None", "depreciationAndAmortization": "8650000", "incomeBeforeTax": "78133000", "incomeTaxExpense": "32389000", "interestAndDebtExpense": "None", "netIncomeFromContinuingOperations": "45744000", "comprehensiveIncomeNetOfTax": "None", "ebit": "121832000", "ebitda": "130482000", "netIncome": "216388000"}, {"fiscalDateEnding": "2015-06-30", "reportedCurrency": "USD", "grossProfit": "227505000", "totalRevenue": "1872340000", "costOfRevenue": "1644835000", "costofGoodsAndServicesSold": "1644835000", "operatingIncome": "68851000", "sellingGeneralAndAdministrative": "149923000", "researchAndDevelopment": "0", "operatingExpenses": "158654000", "investmentIncomeNet": "None", "netInterestIncome": "None", "interestIncome": "None", "interestExpense": "1675000", "nonInterestIncome": "None", "otherNonOperatingIncome": "-129000", "depreciation": "None", "depreciationAndAmortization": "8731000", "incomeBeforeTax": "67047000", "incomeTaxExpense": "31584000", "interestAndDebtExpense": "None", "netIncomeFromContinuingOperations": "35463000", "comprehensiveIncomeNetOfTax": "None", "ebit": "109881000", "ebitda": "118612000", "netIncome": "46109000"}, {"fiscalDateEnding": "2015-03-31", "reportedCurrency": "USD", "grossProfit": "252661000", "totalRevenue": "1886956000", "costOfRevenue": "1634295000", "costofGoodsAndServicesSold": "1634295000", "operatingIncome": "93717000", "sellingGeneralAndAdministrative": "150238000", "researchAndDevelopment": "0", "operatingExpenses": "158944000", "investmentIncomeNet": "None", "netInterestIncome": "None", "interestIncome": "None", "interestExpense": "1400000", "nonInterestIncome": "None", "otherNonOperatingIncome": "243000", "depreciation": "None", "depreciationAndAmortization": "8706000", "incomeBeforeTax": "92560000", "incomeTaxExpense": "34375000", "interestAndDebtExpense": "None", "netIncomeFromContinuingOperations": "58185000", "comprehensiveIncomeNetOfTax": "None", "ebit": "123135000", "ebitda": "131841000", "netIncome": "53484000"}, {"fiscalDateEnding": "2014-12-31", "reportedCurrency": "USD", "grossProfit": "327030000", "totalRevenue": "2052982000", "costOfRevenue": "1725952000", "costofGoodsAndServicesSold": "1725952000", "operatingIncome": "108775000", "sellingGeneralAndAdministrative": "208746000", "researchAndDevelopment": "0", "operatingExpenses": "218255000", "investmentIncomeNet": "None", "netInterestIncome": "None", "interestIncome": "None", "interestExpense": "1334000", "nonInterestIncome": "None", "otherNonOperatingIncome": "229000", "depreciation": "None", "depreciationAndAmortization": "9509000", "incomeBeforeTax": "107670000", "incomeTaxExpense": "36068000", "interestAndDebtExpense": "None", "netIncomeFromContinuingOperations": "71602000", "comprehensiveIncomeNetOfTax": "None", "ebit": "109004000", "ebitda": "118513000", "netIncome": "66576000"}, {"fiscalDateEnding": "2014-09-30", "reportedCurrency": "USD", "grossProfit": "352971000", "totalRevenue": "2171144000", "costOfRevenue": "1818173000", "costofGoodsAndServicesSold": "1818173000", "operatingIncome": "142912000", "sellingGeneralAndAdministrative": "200521000", "researchAndDevelopment": "0", "operatingExpenses": "210059000", "investmentIncomeNet": "None", "netInterestIncome": "None", "interestIncome": "None", "interestExpense": "1321000", "nonInterestIncome": "None", "otherNonOperatingIncome": "524000", "depreciation": "None", "depreciationAndAmortization": "9538000", "incomeBeforeTax": "142115000", "incomeTaxExpense": "42100000", "interestAndDebtExpense": "None", "netIncomeFromContinuingOperations": "100015000", "comprehensiveIncomeNetOfTax": "None", "ebit": "167356000", "ebitda": "176894000", "netIncome": "94648000"}, {"fiscalDateEnding": "2014-06-30", "reportedCurrency": "USD", "grossProfit": "281448000", "totalRevenue": "1864550000", "costOfRevenue": "1583102000", "costofGoodsAndServicesSold": "1583102000", "operatingIncome": "133393000", "sellingGeneralAndAdministrative": "139440000", "researchAndDevelopment": "0", "operatingExpenses": "148055000", "investmentIncomeNet": "None", "netInterestIncome": "None", "interestIncome": "None", "interestExpense": "1128000", "nonInterestIncome": "None", "otherNonOperatingIncome": "-634000", "depreciation": "None", "depreciationAndAmortization": "8615000", "incomeBeforeTax": "131631000", "incomeTaxExpense": "46187000", "interestAndDebtExpense": "None", "netIncomeFromContinuingOperations": "85444000", "comprehensiveIncomeNetOfTax": "None", "ebit": "154291000", "ebitda": "162906000", "netIncome": "81082000"}, {"fiscalDateEnding": "2014-03-31", "reportedCurrency": "USD", "grossProfit": "272071000", "totalRevenue": "1762574000", "costOfRevenue": "1490503000", "costofGoodsAndServicesSold": "1490503000", "operatingIncome": "90495000", "sellingGeneralAndAdministrative": "173331000", "researchAndDevelopment": "0", "operatingExpenses": "181576000", "investmentIncomeNet": "None", "netInterestIncome": "None", "interestIncome": "None", "interestExpense": "982000", "nonInterestIncome": "None", "otherNonOperatingIncome": "2188000", "depreciation": "None", "depreciationAndAmortization": "8245000", "incomeBeforeTax": "91701000", "incomeTaxExpense": "33053000", "interestAndDebtExpense": "None", "netIncomeFromContinuingOperations": "58648000", "comprehensiveIncomeNetOfTax": "None", "ebit": "92683000", "ebitda": "100928000", "netIncome": "54408000"}, {"fiscalDateEnding": "2013-12-31", "reportedCurrency": "USD", "grossProfit": "302843000", "totalRevenue": "1817623000", "costOfRevenue": "1514780000", "costofGoodsAndServicesSold": "1514780000", "operatingIncome": "149385000", "sellingGeneralAndAdministrative": "143349000", "researchAndDevelopment": "0", "operatingExpenses": "153458000", "investmentIncomeNet": "None", "netInterestIncome": "None", "interestIncome": "None", "interestExpense": "1188000", "nonInterestIncome": "None", "otherNonOperatingIncome": "114449000", "depreciation": "None", "depreciationAndAmortization": "10109000", "incomeBeforeTax": "262646000", "incomeTaxExpense": "91329000", "interestAndDebtExpense": "None", "netIncomeFromContinuingOperations": "171317000", "comprehensiveIncomeNetOfTax": "None", "ebit": "180402000", "ebitda": "190511000", "netIncome": "166697000"}, {"fiscalDateEnding": "2013-09-30", "reportedCurrency": "USD", "grossProfit": "273053000", "totalRevenue": "1645132000", "costOfRevenue": "1372079000", "costofGoodsAndServicesSold": "1372079000", "operatingIncome": "141078000", "sellingGeneralAndAdministrative": "124949000", "researchAndDevelopment": "0", "operatingExpenses": "131975000", "investmentIncomeNet": "None", "netInterestIncome": "None", "interestIncome": "None", "interestExpense": "475000", "nonInterestIncome": "None", "otherNonOperatingIncome": "315000", "depreciation": "None", "depreciationAndAmortization": "7026000", "incomeBeforeTax": "140918000", "incomeTaxExpense": "42509000", "interestAndDebtExpense": "None", "netIncomeFromContinuingOperations": "98409000", "comprehensiveIncomeNetOfTax": "None", "ebit": "174951000", "ebitda": "181977000", "netIncome": "92906000"}, {"fiscalDateEnding": "2013-06-30", "reportedCurrency": "USD", "grossProfit": "241284000", "totalRevenue": "1474377000", "costOfRevenue": "1233093000", "costofGoodsAndServicesSold": "1233093000", "operatingIncome": "117174000", "sellingGeneralAndAdministrative": "119031000", "researchAndDevelopment": "0", "operatingExpenses": "124110000", "investmentIncomeNet": "None", "netInterestIncome": "None", "interestIncome": "None", "interestExpense": "503000", "nonInterestIncome": "None", "otherNonOperatingIncome": "216000", "depreciation": "None", "depreciationAndAmortization": "5079000", "incomeBeforeTax": "116887000", "incomeTaxExpense": "42161000", "interestAndDebtExpense": "None", "netIncomeFromContinuingOperations": "74726000", "comprehensiveIncomeNetOfTax": "None", "ebit": "150430000", "ebitda": "155509000", "netIncome": "70237000"}, {"fiscalDateEnding": "2013-03-31", "reportedCurrency": "USD", "grossProfit": "238273000", "totalRevenue": "1585710000", "costOfRevenue": "1347437000", "costofGoodsAndServicesSold": "1347437000", "operatingIncome": "119291000", "sellingGeneralAndAdministrative": "113681000", "researchAndDevelopment": "0", "operatingExpenses": "118982000", "investmentIncomeNet": "None", "netInterestIncome": "None", "interestIncome": "None", "interestExpense": "502000", "nonInterestIncome": "None", "otherNonOperatingIncome": "9000", "depreciation": "None", "depreciationAndAmortization": "5301000", "incomeBeforeTax": "118798000", "incomeTaxExpense": "41941000", "interestAndDebtExpense": "None", "netIncomeFromContinuingOperations": "76857000", "comprehensiveIncomeNetOfTax": "None", "ebit": "151180000", "ebitda": "156481000", "netIncome": "72081000"}, {"fiscalDateEnding": "2012-12-31", "reportedCurrency": "USD", "grossProfit": "286739000", "totalRevenue": "1673342000", "costOfRevenue": "1386603000", "costofGoodsAndServicesSold": "1386603000", "operatingIncome": "160853000", "sellingGeneralAndAdministrative": "89261000", "researchAndDevelopment": "0", "operatingExpenses": "125886000", "investmentIncomeNet": "None", "netInterestIncome": "None", "interestIncome": "None", "interestExpense": "1250000", "nonInterestIncome": "None", "otherNonOperatingIncome": "1032000", "depreciation": "None", "depreciationAndAmortization": "8910000", "incomeBeforeTax": "160696000", "incomeTaxExpense": "55323000", "interestAndDebtExpense": "None", "netIncomeFromContinuingOperations": "85074000", "comprehensiveIncomeNetOfTax": "None", "ebit": "155429000", "ebitda": "164339000", "netIncome": "98986000"}, {"fiscalDateEnding": "2012-09-30", "reportedCurrency": "USD", "grossProfit": "280434000", "totalRevenue": "1685201000", "costOfRevenue": "1404767000", "costofGoodsAndServicesSold": "1404767000", "operatingIncome": "145654000", "sellingGeneralAndAdministrative": "124276000", "researchAndDevelopment": "0", "operatingExpenses": "134780000", "investmentIncomeNet": "None", "netInterestIncome": "None", "interestIncome": "None", "interestExpense": "967000", "nonInterestIncome": "None", "otherNonOperatingIncome": "1522000", "depreciation": "None", "depreciationAndAmortization": "10504000", "incomeBeforeTax": "146209000", "incomeTaxExpense": "45353000", "interestAndDebtExpense": "None", "netIncomeFromContinuingOperations": "100856000", "comprehensiveIncomeNetOfTax": "None", "ebit": "159144000", "ebitda": "169648000", "netIncome": "96398000"}, {"fiscalDateEnding": "2012-06-30", "reportedCurrency": "USD", "grossProfit": "235407000", "totalRevenue": "1516696000", "costOfRevenue": "1281289000", "costofGoodsAndServicesSold": "1281289000", "operatingIncome": "111147000", "sellingGeneralAndAdministrative": "114711000", "researchAndDevelopment": "0", "operatingExpenses": "124260000", "investmentIncomeNet": "None", "netInterestIncome": "None", "interestIncome": "None", "interestExpense": "959000", "nonInterestIncome": "None", "otherNonOperatingIncome": "77000", "depreciation": "None", "depreciationAndAmortization": "9549000", "incomeBeforeTax": "110265000", "incomeTaxExpense": "40468000", "interestAndDebtExpense": "None", "netIncomeFromContinuingOperations": "69797000", "comprehensiveIncomeNetOfTax": "None", "ebit": "127559000", "ebitda": "137108000", "netIncome": "65538000"}, {"fiscalDateEnding": "2012-03-31", "reportedCurrency": "USD", "grossProfit": "195515000", "totalRevenue": "1425177000", "costOfRevenue": "1229662000", "costofGoodsAndServicesSold": "1229662000", "operatingIncome": "79475000", "sellingGeneralAndAdministrative": "106646000", "researchAndDevelopment": "0", "operatingExpenses": "116040000", "investmentIncomeNet": "None", "netInterestIncome": "None", "interestIncome": "None", "interestExpense": "584000", "nonInterestIncome": "None", "otherNonOperatingIncome": "573000", "depreciation": "None", "depreciationAndAmortization": "9394000", "incomeBeforeTax": "79464000", "incomeTaxExpense": "29470000", "interestAndDebtExpense": "None", "netIncomeFromContinuingOperations": "49994000", "comprehensiveIncomeNetOfTax": "None", "ebit": "79883000", "ebitda": "89277000", "netIncome": "45707000"}, {"fiscalDateEnding": "2011-12-31", "reportedCurrency": "USD", "grossProfit": "200928000", "totalRevenue": "1513137000", "costOfRevenue": "1312209000", "costofGoodsAndServicesSold": "1312209000", "operatingIncome": "92888000", "sellingGeneralAndAdministrative": "99519000", "researchAndDevelopment": "0", "operatingExpenses": "108040000", "investmentIncomeNet": "None", "netInterestIncome": "None", "interestIncome": "None", "interestExpense": "573000", "nonInterestIncome": "None", "otherNonOperatingIncome": "141000", "depreciation": "None", "depreciationAndAmortization": "8521000", "incomeBeforeTax": "92456000", "incomeTaxExpense": "21648000", "interestAndDebtExpense": "None", "netIncomeFromContinuingOperations": "70808000", "comprehensiveIncomeNetOfTax": "None", "ebit": "122598000", "ebitda": "131119000", "netIncome": "66314000"}, {"fiscalDateEnding": "2011-09-30", "reportedCurrency": "USD", "grossProfit": "194690000", "totalRevenue": "1250819000", "costOfRevenue": "1056129000", "costofGoodsAndServicesSold": "1056129000", "operatingIncome": "93981000", "sellingGeneralAndAdministrative": "92414000", "researchAndDevelopment": "0", "operatingExpenses": "100709000", "investmentIncomeNet": "None", "netInterestIncome": "None", "interestIncome": "None", "interestExpense": "738000", "nonInterestIncome": "None", "otherNonOperatingIncome": "-302000", "depreciation": "None", "depreciationAndAmortization": "8295000", "incomeBeforeTax": "92941000", "incomeTaxExpense": "37341000", "interestAndDebtExpense": "None", "netIncomeFromContinuingOperations": "55600000", "comprehensiveIncomeNetOfTax": "None", "ebit": "94207000", "ebitda": "102502000", "netIncome": "51994000"}, {"fiscalDateEnding": "2011-06-30", "reportedCurrency": "USD", "grossProfit": "154090000", "totalRevenue": "1010914000", "costOfRevenue": "856824000", "costofGoodsAndServicesSold": "856824000", "operatingIncome": "57730000", "sellingGeneralAndAdministrative": "89489000", "researchAndDevelopment": "0", "operatingExpenses": "96360000", "investmentIncomeNet": "None", "netInterestIncome": "None", "interestIncome": "None", "interestExpense": "255000", "nonInterestIncome": "None", "otherNonOperatingIncome": "448000", "depreciation": "None", "depreciationAndAmortization": "6871000", "incomeBeforeTax": "57923000", "incomeTaxExpense": "23610000", "interestAndDebtExpense": "None", "netIncomeFromContinuingOperations": "34313000", "comprehensiveIncomeNetOfTax": "None", "ebit": "57979000", "ebitda": "64850000", "netIncome": "31801000"}, {"fiscalDateEnding": "2011-03-31", "reportedCurrency": "USD", "grossProfit": "70891000", "totalRevenue": "848959000", "costOfRevenue": "778068000", "costofGoodsAndServicesSold": "778068000", "operatingIncome": "-26916000", "sellingGeneralAndAdministrative": "91541000", "researchAndDevelopment": "0", "operatingExpenses": "97807000", "investmentIncomeNet": "None", "netInterestIncome": "None", "interestIncome": "None", "interestExpense": "255000", "nonInterestIncome": "None", "otherNonOperatingIncome": "221000", "depreciation": "None", "depreciationAndAmortization": "6266000", "incomeBeforeTax": "-26950000", "incomeTaxExpense": "-10645000", "interestAndDebtExpense": "None", "netIncomeFromContinuingOperations": "-16305000", "comprehensiveIncomeNetOfTax": "None", "ebit": "-26630000", "ebitda": "-20364000", "netIncome": "-17594000"}, {"fiscalDateEnding": "2010-12-31", "reportedCurrency": "USD", "grossProfit": "159250000", "totalRevenue": "1106426000", "costOfRevenue": "947176000", "costofGoodsAndServicesSold": "947176000", "operatingIncome": "54507000", "sellingGeneralAndAdministrative": "94509000", "researchAndDevelopment": "0", "operatingExpenses": "104743000", "investmentIncomeNet": "None", "netInterestIncome": "None", "interestIncome": "None", "interestExpense": "253000", "nonInterestIncome": "None", "otherNonOperatingIncome": "555000", "depreciation": "None", "depreciationAndAmortization": "37364000", "incomeBeforeTax": "54809000", "incomeTaxExpense": "20375000", "interestAndDebtExpense": "None", "netIncomeFromContinuingOperations": "34434000", "comprehensiveIncomeNetOfTax": "None", "ebit": "55062000", "ebitda": "92426000", "netIncome": "33666000"}, {"fiscalDateEnding": "2010-09-30", "reportedCurrency": "USD", "grossProfit": "189994000", "totalRevenue": "1206007000", "costOfRevenue": "1016013000", "costofGoodsAndServicesSold": "1016013000", "operatingIncome": "94561000", "sellingGeneralAndAdministrative": "82037000", "researchAndDevelopment": "0", "operatingExpenses": "95433000", "investmentIncomeNet": "None", "netInterestIncome": "None", "interestIncome": "None", "interestExpense": "269000", "nonInterestIncome": "None", "otherNonOperatingIncome": "897000", "depreciation": "None", "depreciationAndAmortization": "13396000", "incomeBeforeTax": "95189000", "incomeTaxExpense": "31489000", "interestAndDebtExpense": "None", "netIncomeFromContinuingOperations": "63700000", "comprehensiveIncomeNetOfTax": "None", "ebit": "94979000", "ebitda": "108375000", "netIncome": "62780000"}, {"fiscalDateEnding": "2010-06-30", "reportedCurrency": "USD", "grossProfit": "156037000", "totalRevenue": "870502000", "costOfRevenue": "714465000", "costofGoodsAndServicesSold": "714465000", "operatingIncome": "64825000", "sellingGeneralAndAdministrative": "82122000", "researchAndDevelopment": "0", "operatingExpenses": "91212000", "investmentIncomeNet": "None", "netInterestIncome": "None", "interestIncome": "None", "interestExpense": "1527000", "nonInterestIncome": "None", "otherNonOperatingIncome": "-7207000", "depreciation": "None", "depreciationAndAmortization": "9090000", "incomeBeforeTax": "56091000", "incomeTaxExpense": "22768000", "interestAndDebtExpense": "None", "netIncomeFromContinuingOperations": "33323000", "comprehensiveIncomeNetOfTax": "None", "ebit": "84909000", "ebitda": "93999000", "netIncome": "32986000"}, {"fiscalDateEnding": "2010-03-31", "reportedCurrency": "USD", "grossProfit": "129142000", "totalRevenue": "748283000", "costOfRevenue": "619141000", "costofGoodsAndServicesSold": "619141000", "operatingIncome": "42290000", "sellingGeneralAndAdministrative": "81004000", "researchAndDevelopment": "0", "operatingExpenses": "86852000", "investmentIncomeNet": "None", "netInterestIncome": "None", "interestIncome": "None", "interestExpense": "2864000", "nonInterestIncome": "None", "otherNonOperatingIncome": "740000", "depreciation": "None", "depreciationAndAmortization": "5848000", "incomeBeforeTax": "40166000", "incomeTaxExpense": "16066000", "interestAndDebtExpense": "None", "netIncomeFromContinuingOperations": "24100000", "comprehensiveIncomeNetOfTax": "None", "ebit": "42659000", "ebitda": "48507000", "netIncome": "23744000"}, {"fiscalDateEnding": "2009-12-31", "reportedCurrency": "USD", "grossProfit": "190947000", "totalRevenue": "985423000", "costOfRevenue": "794476000", "costofGoodsAndServicesSold": "794476000", "operatingIncome": "72432000", "sellingGeneralAndAdministrative": "94823000", "researchAndDevelopment": "0", "operatingExpenses": "118515000", "investmentIncomeNet": "None", "netInterestIncome": "None", "interestIncome": "None", "interestExpense": "2832000", "nonInterestIncome": "None", "otherNonOperatingIncome": "None", "depreciation": "None", "depreciationAndAmortization": "50017000", "incomeBeforeTax": "69604000", "incomeTaxExpense": "25159000", "interestAndDebtExpense": "None", "netIncomeFromContinuingOperations": "0", "comprehensiveIncomeNetOfTax": "None", "ebit": "72436000", "ebitda": "122453000", "netIncome": "43945000"}, {"fiscalDateEnding": "2009-09-30", "reportedCurrency": "USD", "grossProfit": "147628000", "totalRevenue": "780794000", "costOfRevenue": "633166000", "costofGoodsAndServicesSold": "633166000", "operatingIncome": "71162000", "sellingGeneralAndAdministrative": "71018000", "researchAndDevelopment": "0", "operatingExpenses": "76466000", "investmentIncomeNet": "None", "netInterestIncome": "None", "interestIncome": "None", "interestExpense": "2816000", "nonInterestIncome": "None", "otherNonOperatingIncome": "930000", "depreciation": "None", "depreciationAndAmortization": "5448000", "incomeBeforeTax": "69276000", "incomeTaxExpense": "5320000", "interestAndDebtExpense": "None", "netIncomeFromContinuingOperations": "63956000", "comprehensiveIncomeNetOfTax": "None", "ebit": "71500000", "ebitda": "76948000", "netIncome": "63436000"}, {"fiscalDateEnding": "2009-06-30", "reportedCurrency": "USD", "grossProfit": "137782000", "totalRevenue": "813379000", "costOfRevenue": "675597000", "costofGoodsAndServicesSold": "675597000", "operatingIncome": "59906000", "sellingGeneralAndAdministrative": "72970000", "researchAndDevelopment": "0", "operatingExpenses": "77876000", "investmentIncomeNet": "None", "netInterestIncome": "None", "interestIncome": "None", "interestExpense": "2803000", "nonInterestIncome": "None", "otherNonOperatingIncome": "786000", "depreciation": "None", "depreciationAndAmortization": "4906000", "incomeBeforeTax": "57889000", "incomeTaxExpense": "24245000", "interestAndDebtExpense": "None", "netIncomeFromContinuingOperations": "33644000", "comprehensiveIncomeNetOfTax": "None", "ebit": "60534000", "ebitda": "65440000", "netIncome": "33427000"}, {"fiscalDateEnding": "2009-03-31", "reportedCurrency": "USD", "grossProfit": "117131000", "totalRevenue": "738530000", "costOfRevenue": "621399000", "costofGoodsAndServicesSold": "621399000", "operatingIncome": "38622000", "sellingGeneralAndAdministrative": "73603000", "researchAndDevelopment": "0", "operatingExpenses": "78509000", "investmentIncomeNet": "None", "netInterestIncome": "None", "interestIncome": "None", "interestExpense": "2818000", "nonInterestIncome": "None", "otherNonOperatingIncome": "None", "depreciation": "None", "depreciationAndAmortization": "24674000", "incomeBeforeTax": "36961000", "incomeTaxExpense": "15471000", "interestAndDebtExpense": "None", "netIncomeFromContinuingOperations": "0", "comprehensiveIncomeNetOfTax": "None", "ebit": "39779000", "ebitda": "64453000", "netIncome": "21354000"}, {"fiscalDateEnding": "2008-12-31", "reportedCurrency": "USD", "grossProfit": "166733000", "totalRevenue": "921534000", "costOfRevenue": "754801000", "costofGoodsAndServicesSold": "754801000", "operatingIncome": "77632000", "sellingGeneralAndAdministrative": "82265000", "researchAndDevelopment": "0", "operatingExpenses": "89101000", "investmentIncomeNet": "None", "netInterestIncome": "None", "interestIncome": "None", "interestExpense": "22728000", "nonInterestIncome": "None", "otherNonOperatingIncome": "None", "depreciation": "None", "depreciationAndAmortization": "26504000", "incomeBeforeTax": "77363000", "incomeTaxExpense": "30250000", "interestAndDebtExpense": "None", "netIncomeFromContinuingOperations": "0", "comprehensiveIncomeNetOfTax": "None", "ebit": "77632000", "ebitda": "104136000", "netIncome": "47113000"}, {"fiscalDateEnding": "2008-09-30", "reportedCurrency": "USD", "grossProfit": "185566000", "totalRevenue": "1053355000", "costOfRevenue": "867789000", "costofGoodsAndServicesSold": "867789000", "operatingIncome": "96442000", "sellingGeneralAndAdministrative": "80126000", "researchAndDevelopment": "0", "operatingExpenses": "89124000", "investmentIncomeNet": "None", "netInterestIncome": "None", "interestIncome": "None", "interestExpense": "5223000", "nonInterestIncome": "None", "otherNonOperatingIncome": "None", "depreciation": "None", "depreciationAndAmortization": "31746000", "incomeBeforeTax": "93165000", "incomeTaxExpense": "38307000", "interestAndDebtExpense": "None", "netIncomeFromContinuingOperations": "0", "comprehensiveIncomeNetOfTax": "None", "ebit": "95446000", "ebitda": "127192000", "netIncome": "51937000"}, {"fiscalDateEnding": "2008-06-30", "reportedCurrency": "USD", "grossProfit": "158690000", "totalRevenue": "960882000", "costOfRevenue": "802192000", "costofGoodsAndServicesSold": "802192000", "operatingIncome": "72522000", "sellingGeneralAndAdministrative": "76292000", "researchAndDevelopment": "0", "operatingExpenses": "86168000", "investmentIncomeNet": "None", "netInterestIncome": "None", "interestIncome": "None", "interestExpense": "9722000", "nonInterestIncome": "None", "otherNonOperatingIncome": "None", "depreciation": "None", "depreciationAndAmortization": "25468000", "incomeBeforeTax": "69669000", "incomeTaxExpense": "29151000", "interestAndDebtExpense": "None", "netIncomeFromContinuingOperations": "0", "comprehensiveIncomeNetOfTax": "None", "ebit": "78484000", "ebitda": "103952000", "netIncome": "37668000"}, {"fiscalDateEnding": "2008-03-31", "reportedCurrency": "USD", "grossProfit": "123877000", "totalRevenue": "844442000", "costOfRevenue": "720565000", "costofGoodsAndServicesSold": "720565000", "operatingIncome": "42571000", "sellingGeneralAndAdministrative": "70716000", "researchAndDevelopment": "0", "operatingExpenses": "81306000", "investmentIncomeNet": "None", "netInterestIncome": "None", "interestIncome": "None", "interestExpense": "9594000", "nonInterestIncome": "None", "otherNonOperatingIncome": "None", "depreciation": "None", "depreciationAndAmortization": "30236000", "incomeBeforeTax": "41570000", "incomeTaxExpense": "17318000", "interestAndDebtExpense": "None", "netIncomeFromContinuingOperations": "0", "comprehensiveIncomeNetOfTax": "None", "ebit": "46116000", "ebitda": "76352000", "netIncome": "21471000"}, {"fiscalDateEnding": "2007-12-31", "reportedCurrency": "USD", "grossProfit": "150875000", "totalRevenue": "878992000", "costOfRevenue": "728117000", "costofGoodsAndServicesSold": "728117000", "operatingIncome": "53733000", "sellingGeneralAndAdministrative": "84715000", "researchAndDevelopment": "0", "operatingExpenses": "97142000", "investmentIncomeNet": "None", "netInterestIncome": "None", "interestIncome": "None", "interestExpense": "27059000", "nonInterestIncome": "None", "otherNonOperatingIncome": "None", "depreciation": "None", "depreciationAndAmortization": "30320000", "incomeBeforeTax": "53137000", "incomeTaxExpense": "19596000", "interestAndDebtExpense": "None", "netIncomeFromContinuingOperations": "0", "comprehensiveIncomeNetOfTax": "None", "ebit": "53733000", "ebitda": "84053000", "netIncome": "33587000"}, {"fiscalDateEnding": "2007-09-30", "reportedCurrency": "USD", "grossProfit": "115053000", "totalRevenue": "655865000", "costOfRevenue": "540812000", "costofGoodsAndServicesSold": "540812000", "operatingIncome": "50369000", "sellingGeneralAndAdministrative": "59816000", "researchAndDevelopment": "0", "operatingExpenses": "64684000", "investmentIncomeNet": "None", "netInterestIncome": "None", "interestIncome": "None", "interestExpense": "5165000", "nonInterestIncome": "None", "otherNonOperatingIncome": "None", "depreciation": "None", "depreciationAndAmortization": "19309000", "incomeBeforeTax": "49880000", "incomeTaxExpense": "2930000", "interestAndDebtExpense": "None", "netIncomeFromContinuingOperations": "0", "comprehensiveIncomeNetOfTax": "None", "ebit": "31060000", "ebitda": "50369000", "netIncome": "49321000"}, {"fiscalDateEnding": "2007-06-30", "reportedCurrency": "USD", "grossProfit": "85669000", "totalRevenue": "557600000", "costOfRevenue": "471931000", "costofGoodsAndServicesSold": "471931000", "operatingIncome": "37667000", "sellingGeneralAndAdministrative": "47310000", "researchAndDevelopment": "0", "operatingExpenses": "48002000", "investmentIncomeNet": "None", "netInterestIncome": "None", "interestIncome": "None", "interestExpense": "5544000", "nonInterestIncome": "None", "otherNonOperatingIncome": "None", "depreciation": "None", "depreciationAndAmortization": "13889000", "incomeBeforeTax": "37859000", "incomeTaxExpense": "15993000", "interestAndDebtExpense": "None", "netIncomeFromContinuingOperations": "0", "comprehensiveIncomeNetOfTax": "None", "ebit": "37534000", "ebitda": "51423000", "netIncome": "21866000"}, {"fiscalDateEnding": "2007-03-31", "reportedCurrency": "USD", "grossProfit": "78406000", "totalRevenue": "574880000", "costOfRevenue": "496474000", "costofGoodsAndServicesSold": "496474000", "operatingIncome": "28402000", "sellingGeneralAndAdministrative": "49232000", "researchAndDevelopment": "0", "operatingExpenses": "50004000", "investmentIncomeNet": "None", "netInterestIncome": "None", "interestIncome": "None", "interestExpense": "5552000", "nonInterestIncome": "None", "otherNonOperatingIncome": "None", "depreciation": "None", "depreciationAndAmortization": "13794000", "incomeBeforeTax": "27177000", "incomeTaxExpense": "-4027000", "interestAndDebtExpense": "None", "netIncomeFromContinuingOperations": "0", "comprehensiveIncomeNetOfTax": "None", "ebit": "27845000", "ebitda": "41639000", "netIncome": "31204000"}, {"fiscalDateEnding": "2006-12-31", "reportedCurrency": "USD", "grossProfit": "92877000", "totalRevenue": "592028000", "costOfRevenue": "499151000", "costofGoodsAndServicesSold": "499151000", "operatingIncome": "-12919000", "sellingGeneralAndAdministrative": "48984000", "researchAndDevelopment": "0", "operatingExpenses": "105796000", "investmentIncomeNet": "None", "netInterestIncome": "None", "interestIncome": "None", "interestExpense": "5409000", "nonInterestIncome": "None", "otherNonOperatingIncome": "None", "depreciation": "None", "depreciationAndAmortization": "12545000", "incomeBeforeTax": "-14678000", "incomeTaxExpense": "15780000", "interestAndDebtExpense": "None", "netIncomeFromContinuingOperations": "0", "comprehensiveIncomeNetOfTax": "None", "ebit": "-12919000", "ebitda": "-374000", "netIncome": "-30458000"}, {"fiscalDateEnding": "2006-09-30", "reportedCurrency": "USD", "grossProfit": "83136000", "totalRevenue": "528468000", "costOfRevenue": "445332000", "costofGoodsAndServicesSold": "445332000", "operatingIncome": "38033000", "sellingGeneralAndAdministrative": "45103000", "researchAndDevelopment": "0", "operatingExpenses": "45103000", "investmentIncomeNet": "None", "netInterestIncome": "None", "interestIncome": "None", "interestExpense": "5736000", "nonInterestIncome": "None", "otherNonOperatingIncome": "None", "depreciation": "None", "depreciationAndAmortization": "12962000", "incomeBeforeTax": "36653000", "incomeTaxExpense": "14230000", "interestAndDebtExpense": "None", "netIncomeFromContinuingOperations": "0", "comprehensiveIncomeNetOfTax": "None", "ebit": "37883000", "ebitda": "50845000", "netIncome": "22423000"}, {"fiscalDateEnding": "2006-06-30", "reportedCurrency": "USD", "grossProfit": "80355000", "totalRevenue": "514048000", "costOfRevenue": "433693000", "costofGoodsAndServicesSold": "433693000", "operatingIncome": "33715000", "sellingGeneralAndAdministrative": "46640000", "researchAndDevelopment": "0", "operatingExpenses": "46640000", "investmentIncomeNet": "None", "netInterestIncome": "None", "interestIncome": "None", "interestExpense": "9794000", "nonInterestIncome": "None", "otherNonOperatingIncome": "None", "depreciation": "None", "depreciationAndAmortization": "18053000", "incomeBeforeTax": "28735000", "incomeTaxExpense": "11075000", "interestAndDebtExpense": "None", "netIncomeFromContinuingOperations": "0", "comprehensiveIncomeNetOfTax": "None", "ebit": "31937000", "ebitda": "49990000", "netIncome": "17660000"}, {"fiscalDateEnding": "2006-03-31", "reportedCurrency": "USD", "grossProfit": "59448000", "totalRevenue": "496494000", "costOfRevenue": "437046000", "costofGoodsAndServicesSold": "437046000", "operatingIncome": "17173000", "sellingGeneralAndAdministrative": "42275000", "researchAndDevelopment": "0", "operatingExpenses": "42275000", "investmentIncomeNet": "None", "netInterestIncome": "None", "interestIncome": "None", "interestExpense": "5884000", "nonInterestIncome": "None", "otherNonOperatingIncome": "None", "depreciation": "None", "depreciationAndAmortization": "12680000", "incomeBeforeTax": "14416000", "incomeTaxExpense": "6558000", "interestAndDebtExpense": "None", "netIncomeFromContinuingOperations": "0", "comprehensiveIncomeNetOfTax": "None", "ebit": "17025000", "ebitda": "29705000", "netIncome": "7858000"}, {"fiscalDateEnding": "2005-12-31", "reportedCurrency": "USD", "grossProfit": "86667000", "totalRevenue": "523494000", "costOfRevenue": "436827000", "costofGoodsAndServicesSold": "436827000", "operatingIncome": "34220000", "sellingGeneralAndAdministrative": "52447000", "researchAndDevelopment": "0", "operatingExpenses": "52447000", "investmentIncomeNet": "None", "netInterestIncome": "None", "interestIncome": "None", "interestExpense": "5986000", "nonInterestIncome": "None", "otherNonOperatingIncome": "None", "depreciation": "None", "depreciationAndAmortization": "14653000", "incomeBeforeTax": "30425000", "incomeTaxExpense": "11963000", "interestAndDebtExpense": "None", "netIncomeFromContinuingOperations": "0", "comprehensiveIncomeNetOfTax": "None", "ebit": "34220000", "ebitda": "48873000", "netIncome": "18462000"}, {"fiscalDateEnding": "2005-09-30", "reportedCurrency": "USD", "grossProfit": "80173000", "totalRevenue": "523340000", "costOfRevenue": "443167000", "costofGoodsAndServicesSold": "443167000", "operatingIncome": "30753000", "sellingGeneralAndAdministrative": "49420000", "researchAndDevelopment": "0", "operatingExpenses": "49420000", "investmentIncomeNet": "None", "netInterestIncome": "None", "interestIncome": "None", "interestExpense": "6041000", "nonInterestIncome": "None", "otherNonOperatingIncome": "None", "depreciation": "None", "depreciationAndAmortization": "15367000", "incomeBeforeTax": "26695000", "incomeTaxExpense": "13815000", "interestAndDebtExpense": "None", "netIncomeFromContinuingOperations": "0", "comprehensiveIncomeNetOfTax": "None", "ebit": "15386000", "ebitda": "30753000", "netIncome": "12880000"}, {"fiscalDateEnding": "2005-06-30", "reportedCurrency": "USD", "grossProfit": "53816000", "totalRevenue": "439287000", "costOfRevenue": "385471000", "costofGoodsAndServicesSold": "385471000", "operatingIncome": "9942000", "sellingGeneralAndAdministrative": "43874000", "researchAndDevelopment": "0", "operatingExpenses": "43874000", "investmentIncomeNet": "None", "netInterestIncome": "None", "interestIncome": "None", "interestExpense": "5904000", "nonInterestIncome": "None", "otherNonOperatingIncome": "None", "depreciation": "None", "depreciationAndAmortization": "14906000", "incomeBeforeTax": "5831000", "incomeTaxExpense": "2488000", "interestAndDebtExpense": "None", "netIncomeFromContinuingOperations": "0", "comprehensiveIncomeNetOfTax": "None", "ebit": "-4964000", "ebitda": "9942000", "netIncome": "3343000"}, {"fiscalDateEnding": "2005-03-31", "reportedCurrency": "USD", "grossProfit": "36092000", "totalRevenue": "372505000", "costOfRevenue": "336413000", "costofGoodsAndServicesSold": "336413000", "operatingIncome": "-6370000", "sellingGeneralAndAdministrative": "42462000", "researchAndDevelopment": "0", "operatingExpenses": "42462000", "investmentIncomeNet": "None", "netInterestIncome": "None", "interestIncome": "None", "interestExpense": "6018000", "nonInterestIncome": "None", "otherNonOperatingIncome": "None", "depreciation": "None", "depreciationAndAmortization": "15453000", "incomeBeforeTax": "-10704000", "incomeTaxExpense": "-5576000", "interestAndDebtExpense": "None", "netIncomeFromContinuingOperations": "0", "comprehensiveIncomeNetOfTax": "None", "ebit": "-7608000", "ebitda": "7845000", "netIncome": "-5128000"}, {"fiscalDateEnding": "2004-12-31", "reportedCurrency": "USD", "grossProfit": "49901000", "totalRevenue": "419242000", "costOfRevenue": "369341000", "costofGoodsAndServicesSold": "369341000", "operatingIncome": "6760000", "sellingGeneralAndAdministrative": "43141000", "researchAndDevelopment": "0", "operatingExpenses": "43141000", "investmentIncomeNet": "None", "netInterestIncome": "None", "interestIncome": "None", "interestExpense": "31433000", "nonInterestIncome": "None", "otherNonOperatingIncome": "None", "depreciation": "None", "depreciationAndAmortization": "17189000", "incomeBeforeTax": "1689000", "incomeTaxExpense": "-147000", "interestAndDebtExpense": "None", "netIncomeFromContinuingOperations": "0", "comprehensiveIncomeNetOfTax": "None", "ebit": "6760000", "ebitda": "23949000", "netIncome": "1836000"}]}