{"symbol": "CNC", "annualReports": [{"fiscalDateEnding": "2024-12-31", "reportedCurrency": "USD", "grossProfit": "34635000000", "totalRevenue": "163071000000", "costOfRevenue": "128436000000", "costofGoodsAndServicesSold": "128436000000", "operatingIncome": "3175000000", "sellingGeneralAndAdministrative": "12400000000", "researchAndDevelopment": "None", "operatingExpenses": "31460000000", "investmentIncomeNet": "None", "netInterestIncome": "-702000000", "interestIncome": "None", "interestExpense": "702000000", "nonInterestIncome": "None", "otherNonOperatingIncome": "None", "depreciation": "None", "depreciationAndAmortization": "1241000000", "incomeBeforeTax": "4257000000", "incomeTaxExpense": "963000000", "interestAndDebtExpense": "None", "netIncomeFromContinuingOperations": "3294000000", "comprehensiveIncomeNetOfTax": "None", "ebit": "4959000000", "ebitda": "6200000000", "netIncome": "3305000000"}, {"fiscalDateEnding": "2023-12-31", "reportedCurrency": "USD", "grossProfit": "31541000000", "totalRevenue": "153999000000", "costOfRevenue": "122458000000", "costofGoodsAndServicesSold": "122458000000", "operatingIncome": "2930000000", "sellingGeneralAndAdministrative": "12273000000", "researchAndDevelopment": "None", "operatingExpenses": "28611000000", "investmentIncomeNet": "None", "netInterestIncome": "-716000000", "interestIncome": "None", "interestExpense": "725000000", "nonInterestIncome": "None", "otherNonOperatingIncome": "None", "depreciation": "None", "depreciationAndAmortization": "1293000000", "incomeBeforeTax": "3598000000", "incomeTaxExpense": "899000000", "interestAndDebtExpense": "None", "netIncomeFromContinuingOperations": "2441000000", "comprehensiveIncomeNetOfTax": "None", "ebit": "2930000000", "ebitda": "2930000000", "netIncome": "2702000000"}, {"fiscalDateEnding": "2022-12-31", "reportedCurrency": "USD", "grossProfit": "16656000000", "totalRevenue": "144547000000", "costOfRevenue": "127891000000", "costofGoodsAndServicesSold": "127891000000", "operatingIncome": "3636000000", "sellingGeneralAndAdministrative": "20919000000", "researchAndDevelopment": "None", "operatingExpenses": "13020000000", "investmentIncomeNet": "None", "netInterestIncome": "-665000000", "interestIncome": "665000000", "interestExpense": "665000000", "nonInterestIncome": "None", "otherNonOperatingIncome": "1279000000", "depreciation": "None", "depreciationAndAmortization": "1431000000", "incomeBeforeTax": "1962000000", "incomeTaxExpense": "760000000", "interestAndDebtExpense": "None", "netIncomeFromContinuingOperations": "1202000000", "comprehensiveIncomeNetOfTax": "None", "ebit": "2627000000", "ebitda": "4058000000", "netIncome": "1202000000"}, {"fiscalDateEnding": "2021-12-31", "reportedCurrency": "USD", "grossProfit": "14199000000", "totalRevenue": "125982000000", "costOfRevenue": "111783000000", "costofGoodsAndServicesSold": "111783000000", "operatingIncome": "3263000000", "sellingGeneralAndAdministrative": "10166000000", "researchAndDevelopment": "None", "operatingExpenses": "10936000000", "investmentIncomeNet": "None", "netInterestIncome": "-665000000", "interestIncome": "665000000", "interestExpense": "665000000", "nonInterestIncome": "None", "otherNonOperatingIncome": "819000000", "depreciation": "None", "depreciationAndAmortization": "1476000000", "incomeBeforeTax": "1813000000", "incomeTaxExpense": "477000000", "interestAndDebtExpense": "None", "netIncomeFromContinuingOperations": "1336000000", "comprehensiveIncomeNetOfTax": "None", "ebit": "2478000000", "ebitda": "3954000000", "netIncome": "1347000000"}, {"fiscalDateEnding": "2020-12-31", "reportedCurrency": "USD", "grossProfit": "15216000000", "totalRevenue": "111115000000", "costOfRevenue": "95899000000", "costofGoodsAndServicesSold": "95899000000", "operatingIncome": "3082000000", "sellingGeneralAndAdministrative": "11343000000", "researchAndDevelopment": "None", "operatingExpenses": "12062000000", "investmentIncomeNet": "None", "netInterestIncome": "-728000000", "interestIncome": "728000000", "interestExpense": "728000000", "nonInterestIncome": "None", "otherNonOperatingIncome": "480000000", "depreciation": "None", "depreciationAndAmortization": "1259000000", "incomeBeforeTax": "2773000000", "incomeTaxExpense": "979000000", "interestAndDebtExpense": "None", "netIncomeFromContinuingOperations": "1794000000", "comprehensiveIncomeNetOfTax": "None", "ebit": "3501000000", "ebitda": "4760000000", "netIncome": "1808000000"}, {"fiscalDateEnding": "2019-12-31", "reportedCurrency": "USD", "grossProfit": "8843000000", "totalRevenue": "74639000000", "costOfRevenue": "65796000000", "costofGoodsAndServicesSold": "65796000000", "operatingIncome": "1781000000", "sellingGeneralAndAdministrative": "6533000000", "researchAndDevelopment": "None", "operatingExpenses": "6791000000", "investmentIncomeNet": "None", "netInterestIncome": "-412000000", "interestIncome": "412000000", "interestExpense": "412000000", "nonInterestIncome": "None", "otherNonOperatingIncome": "413000000", "depreciation": "None", "depreciationAndAmortization": "914000000", "incomeBeforeTax": "1782000000", "incomeTaxExpense": "473000000", "interestAndDebtExpense": "None", "netIncomeFromContinuingOperations": "2255000000", "comprehensiveIncomeNetOfTax": "None", "ebit": "1781000000", "ebitda": "2695000000", "netIncome": "1321000000"}, {"fiscalDateEnding": "2018-12-31", "reportedCurrency": "USD", "grossProfit": "8421000000", "totalRevenue": "60116000000", "costOfRevenue": "51695000000", "costofGoodsAndServicesSold": "51695000000", "operatingIncome": "1458000000", "sellingGeneralAndAdministrative": "6752000000", "researchAndDevelopment": "0", "operatingExpenses": "6963000000", "investmentIncomeNet": "None", "netInterestIncome": "-343000000", "interestIncome": "343000000", "interestExpense": "343000000", "nonInterestIncome": "None", "otherNonOperatingIncome": "253000000", "depreciation": "None", "depreciationAndAmortization": "495000000", "incomeBeforeTax": "1368000000", "incomeTaxExpense": "474000000", "interestAndDebtExpense": "None", "netIncomeFromContinuingOperations": "894000000", "comprehensiveIncomeNetOfTax": "None", "ebit": "1458000000", "ebitda": "1953000000", "netIncome": "900000000"}, {"fiscalDateEnding": "2017-12-31", "reportedCurrency": "USD", "grossProfit": "5801000000", "totalRevenue": "48382000000", "costOfRevenue": "42581000000", "costofGoodsAndServicesSold": "42581000000", "operatingIncome": "1199000000", "sellingGeneralAndAdministrative": "4446000000", "researchAndDevelopment": "0", "operatingExpenses": "4602000000", "investmentIncomeNet": "None", "netInterestIncome": "-255000000", "interestIncome": "255000000", "interestExpense": "255000000", "nonInterestIncome": "None", "otherNonOperatingIncome": "190000000", "depreciation": "None", "depreciationAndAmortization": "361000000", "incomeBeforeTax": "1134000000", "incomeTaxExpense": "326000000", "interestAndDebtExpense": "None", "netIncomeFromContinuingOperations": "808000000", "comprehensiveIncomeNetOfTax": "None", "ebit": "1199000000", "ebitda": "1560000000", "netIncome": "828000000"}, {"fiscalDateEnding": "2016-12-31", "reportedCurrency": "USD", "grossProfit": "5544000000", "totalRevenue": "40607000000", "costOfRevenue": "35063000000", "costofGoodsAndServicesSold": "35063000000", "operatingIncome": "1260000000", "sellingGeneralAndAdministrative": "4137000000", "researchAndDevelopment": "0", "operatingExpenses": "4284000000", "investmentIncomeNet": "None", "netInterestIncome": "-217000000", "interestIncome": "217000000", "interestExpense": "217000000", "nonInterestIncome": "None", "otherNonOperatingIncome": "114000000", "depreciation": "None", "depreciationAndAmortization": "278000000", "incomeBeforeTax": "1157000000", "incomeTaxExpense": "599000000", "interestAndDebtExpense": "None", "netIncomeFromContinuingOperations": "558000000", "comprehensiveIncomeNetOfTax": "None", "ebit": "1260000000", "ebitda": "1538000000", "netIncome": "562000000"}, {"fiscalDateEnding": "2015-12-31", "reportedCurrency": "USD", "grossProfit": "2746000000", "totalRevenue": "22760000000", "costOfRevenue": "20014000000", "costofGoodsAndServicesSold": "20014000000", "operatingIncome": "705000000", "sellingGeneralAndAdministrative": "2041000000", "researchAndDevelopment": "0", "operatingExpenses": "2041000000", "investmentIncomeNet": "None", "netInterestIncome": "None", "interestIncome": "43000000", "interestExpense": "43000000", "nonInterestIncome": "None", "otherNonOperatingIncome": "35000000", "depreciation": "None", "depreciationAndAmortization": "111000000", "incomeBeforeTax": "697000000", "incomeTaxExpense": "339000000", "interestAndDebtExpense": "None", "netIncomeFromContinuingOperations": "358000000", "comprehensiveIncomeNetOfTax": "None", "ebit": "705000000", "ebitda": "816000000", "netIncome": "355000000"}, {"fiscalDateEnding": "2014-12-31", "reportedCurrency": "USD", "grossProfit": "1904000000", "totalRevenue": "16560000000", "costOfRevenue": "14656000000", "costofGoodsAndServicesSold": "14656000000", "operatingIncome": "464000000", "sellingGeneralAndAdministrative": "1440000000", "researchAndDevelopment": "0", "operatingExpenses": "1440000000", "investmentIncomeNet": "None", "netInterestIncome": "None", "interestIncome": "None", "interestExpense": "35000000", "nonInterestIncome": "None", "otherNonOperatingIncome": "28000000", "depreciation": "None", "depreciationAndAmortization": "89000000", "incomeBeforeTax": "457000000", "incomeTaxExpense": "196000000", "interestAndDebtExpense": "None", "netIncomeFromContinuingOperations": "261000000", "comprehensiveIncomeNetOfTax": "None", "ebit": "464000000", "ebitda": "553000000", "netIncome": "271000000"}, {"fiscalDateEnding": "2013-12-31", "reportedCurrency": "USD", "grossProfit": "1208554000", "totalRevenue": "10863329000", "costOfRevenue": "9654775000", "costofGoodsAndServicesSold": "9654775000", "operatingIncome": "277417000", "sellingGeneralAndAdministrative": "931137000", "researchAndDevelopment": "0", "operatingExpenses": "931137000", "investmentIncomeNet": "None", "netInterestIncome": "None", "interestIncome": "None", "interestExpense": "26957000", "nonInterestIncome": "None", "otherNonOperatingIncome": "18457000", "depreciation": "None", "depreciationAndAmortization": "67420000", "incomeBeforeTax": "268917000", "incomeTaxExpense": "107080000", "interestAndDebtExpense": "None", "netIncomeFromContinuingOperations": "161837000", "comprehensiveIncomeNetOfTax": "None", "ebit": "277417000", "ebitda": "344837000", "netIncome": "165099000"}, {"fiscalDateEnding": "2012-12-31", "reportedCurrency": "USD", "grossProfit": "705516000", "totalRevenue": "8667612000", "costOfRevenue": "7962096000", "costofGoodsAndServicesSold": "7962096000", "operatingIncome": "-27121000", "sellingGeneralAndAdministrative": "704604000", "researchAndDevelopment": "0", "operatingExpenses": "704604000", "investmentIncomeNet": "None", "netInterestIncome": "None", "interestIncome": "None", "interestExpense": "20460000", "nonInterestIncome": "None", "otherNonOperatingIncome": "35957000", "depreciation": "None", "depreciationAndAmortization": "65866000", "incomeBeforeTax": "-11624000", "incomeTaxExpense": "-329000", "interestAndDebtExpense": "None", "netIncomeFromContinuingOperations": "-11295000", "comprehensiveIncomeNetOfTax": "None", "ebit": "912000", "ebitda": "66778000", "netIncome": "1859000"}, {"fiscalDateEnding": "2011-12-31", "reportedCurrency": "USD", "grossProfit": "937722000", "totalRevenue": "5340582000", "costOfRevenue": "4402860000", "costofGoodsAndServicesSold": "4402860000", "operatingIncome": "190324000", "sellingGeneralAndAdministrative": "477765000", "researchAndDevelopment": "0", "operatingExpenses": "747398000", "investmentIncomeNet": "None", "netInterestIncome": "None", "interestIncome": "None", "interestExpense": "20320000", "nonInterestIncome": "None", "otherNonOperatingIncome": "13369000", "depreciation": "None", "depreciationAndAmortization": "58327000", "incomeBeforeTax": "174885000", "incomeTaxExpense": "66522000", "interestAndDebtExpense": "None", "netIncomeFromContinuingOperations": "108363000", "comprehensiveIncomeNetOfTax": "None", "ebit": "190324000", "ebitda": "248651000", "netIncome": "111218000"}, {"fiscalDateEnding": "2010-12-31", "reportedCurrency": "USD", "grossProfit": "704892000", "totalRevenue": "4448323000", "costOfRevenue": "3743431000", "costofGoodsAndServicesSold": "3743431000", "operatingIncome": "157069000", "sellingGeneralAndAdministrative": "547823000", "researchAndDevelopment": "0", "operatingExpenses": "547823000", "investmentIncomeNet": "None", "netInterestIncome": "None", "interestIncome": "None", "interestExpense": "17992000", "nonInterestIncome": "None", "otherNonOperatingIncome": "15205000", "depreciation": "None", "depreciationAndAmortization": "52000000", "incomeBeforeTax": "154282000", "incomeTaxExpense": "59900000", "interestAndDebtExpense": "None", "netIncomeFromContinuingOperations": "94382000", "comprehensiveIncomeNetOfTax": "None", "ebit": "157069000", "ebitda": "209069000", "netIncome": "94836000"}, {"fiscalDateEnding": "2009-12-31", "reportedCurrency": "USD", "grossProfit": "652664000", "totalRevenue": "4102864000", "costOfRevenue": "3450200000", "costofGoodsAndServicesSold": "3450200000", "operatingIncome": "138135000", "sellingGeneralAndAdministrative": "514529000", "researchAndDevelopment": "None", "operatingExpenses": "514529000", "investmentIncomeNet": "None", "netInterestIncome": "None", "interestIncome": "None", "interestExpense": "16318000", "nonInterestIncome": "None", "otherNonOperatingIncome": "None", "depreciation": "None", "depreciationAndAmortization": "44004000", "incomeBeforeTax": "137508000", "incomeTaxExpense": "48841000", "interestAndDebtExpense": "None", "netIncomeFromContinuingOperations": "None", "comprehensiveIncomeNetOfTax": "None", "ebit": "138135000", "ebitda": "182139000", "netIncome": "83671000"}, {"fiscalDateEnding": "2008-12-31", "reportedCurrency": "USD", "grossProfit": "667260000", "totalRevenue": "3364515000", "costOfRevenue": "2697255000", "costofGoodsAndServicesSold": "2697255000", "operatingIncome": "131561000", "sellingGeneralAndAdministrative": "444733000", "researchAndDevelopment": "None", "operatingExpenses": "535699000", "investmentIncomeNet": "None", "netInterestIncome": "None", "interestIncome": "None", "interestExpense": "16673000", "nonInterestIncome": "None", "otherNonOperatingIncome": "None", "depreciation": "None", "depreciationAndAmortization": "35414000", "incomeBeforeTax": "136616000", "incomeTaxExpense": "52435000", "interestAndDebtExpense": "None", "netIncomeFromContinuingOperations": "None", "comprehensiveIncomeNetOfTax": "None", "ebit": "131561000", "ebitda": "166975000", "netIncome": "83497000"}, {"fiscalDateEnding": "2007-12-31", "reportedCurrency": "USD", "grossProfit": "533352000", "totalRevenue": "2919292000", "costOfRevenue": "2385940000", "costofGoodsAndServicesSold": "2385940000", "operatingIncome": "54093000", "sellingGeneralAndAdministrative": "399687000", "researchAndDevelopment": "None", "operatingExpenses": "479259000", "investmentIncomeNet": "None", "netInterestIncome": "None", "interestIncome": "None", "interestExpense": "15626000", "nonInterestIncome": "None", "otherNonOperatingIncome": "None", "depreciation": "None", "depreciationAndAmortization": "27807000", "incomeBeforeTax": "63636000", "incomeTaxExpense": "22367000", "interestAndDebtExpense": "None", "netIncomeFromContinuingOperations": "None", "comprehensiveIncomeNetOfTax": "None", "ebit": "54093000", "ebitda": "81900000", "netIncome": "73402000"}, {"fiscalDateEnding": "2006-12-31", "reportedCurrency": "USD", "grossProfit": "398474000", "totalRevenue": "2279020000", "costOfRevenue": "1880546000", "costofGoodsAndServicesSold": "1880546000", "operatingIncome": "-28908000", "sellingGeneralAndAdministrative": "346284000", "researchAndDevelopment": "None", "operatingExpenses": "427382000", "investmentIncomeNet": "None", "netInterestIncome": "None", "interestIncome": "None", "interestExpense": "10636000", "nonInterestIncome": "None", "otherNonOperatingIncome": "None", "depreciation": "None", "depreciationAndAmortization": "20600000", "incomeBeforeTax": "-21652000", "incomeTaxExpense": "21977000", "interestAndDebtExpense": "None", "netIncomeFromContinuingOperations": "None", "comprehensiveIncomeNetOfTax": "None", "ebit": "-28908000", "ebitda": "-8308000", "netIncome": "-43629000"}, {"fiscalDateEnding": "2005-12-31", "reportedCurrency": "USD", "grossProfit": "273104000", "totalRevenue": "1505864000", "costOfRevenue": "1232760000", "costofGoodsAndServicesSold": "1232760000", "operatingIncome": "79191000", "sellingGeneralAndAdministrative": "193913000", "researchAndDevelopment": "None", "operatingExpenses": "193913000", "investmentIncomeNet": "None", "netInterestIncome": "None", "interestIncome": "None", "interestExpense": "3990000", "nonInterestIncome": "None", "otherNonOperatingIncome": "None", "depreciation": "None", "depreciationAndAmortization": "13069000", "incomeBeforeTax": "85856000", "incomeTaxExpense": "30224000", "interestAndDebtExpense": "None", "netIncomeFromContinuingOperations": "None", "comprehensiveIncomeNetOfTax": "None", "ebit": "79191000", "ebitda": "92260000", "netIncome": "55632000"}], "quarterlyReports": [{"fiscalDateEnding": "2024-12-31", "reportedCurrency": "USD", "grossProfit": "8308000000", "totalRevenue": "40805000000", "costOfRevenue": "32497000000", "costofGoodsAndServicesSold": "32497000000", "operatingIncome": "175000000", "sellingGeneralAndAdministrative": "3231000000", "researchAndDevelopment": "None", "operatingExpenses": "8133000000", "investmentIncomeNet": "None", "netInterestIncome": "-172000000", "interestIncome": "None", "interestExpense": "172000000", "nonInterestIncome": "None", "otherNonOperatingIncome": "None", "depreciation": "None", "depreciationAndAmortization": "314000000", "incomeBeforeTax": "347000000", "incomeTaxExpense": "67000000", "interestAndDebtExpense": "None", "netIncomeFromContinuingOperations": "280000000", "comprehensiveIncomeNetOfTax": "None", "ebit": "519000000", "ebitda": "833000000", "netIncome": "283000000"}, {"fiscalDateEnding": "2024-09-30", "reportedCurrency": "USD", "grossProfit": "4035000000", "totalRevenue": "42023000000", "costOfRevenue": "37988000000", "costofGoodsAndServicesSold": "37988000000", "operatingIncome": "665000000", "sellingGeneralAndAdministrative": "3057000000", "researchAndDevelopment": "None", "operatingExpenses": "3370000000", "investmentIncomeNet": "None", "netInterestIncome": "-176000000", "interestIncome": "None", "interestExpense": "176000000", "nonInterestIncome": "None", "otherNonOperatingIncome": "None", "depreciation": "None", "depreciationAndAmortization": "313000000", "incomeBeforeTax": "921000000", "incomeTaxExpense": "211000000", "interestAndDebtExpense": "None", "netIncomeFromContinuingOperations": "710000000", "comprehensiveIncomeNetOfTax": "None", "ebit": "1097000000", "ebitda": "1410000000", "netIncome": "713000000"}, {"fiscalDateEnding": "2024-06-30", "reportedCurrency": "USD", "grossProfit": "4429000000", "totalRevenue": "39836000000", "costOfRevenue": "35407000000", "costofGoodsAndServicesSold": "35407000000", "operatingIncome": "1229000000", "sellingGeneralAndAdministrative": "2894000000", "researchAndDevelopment": "None", "operatingExpenses": "7832000000", "investmentIncomeNet": "None", "netInterestIncome": "-176000000", "interestIncome": "None", "interestExpense": "176000000", "nonInterestIncome": "None", "otherNonOperatingIncome": "None", "depreciation": "None", "depreciationAndAmortization": "306000000", "incomeBeforeTax": "1516000000", "incomeTaxExpense": "370000000", "interestAndDebtExpense": "None", "netIncomeFromContinuingOperations": "1146000000", "comprehensiveIncomeNetOfTax": "None", "ebit": "1692000000", "ebitda": "1998000000", "netIncome": "1146000000"}, {"fiscalDateEnding": "2024-03-31", "reportedCurrency": "USD", "grossProfit": "4645000000", "totalRevenue": "40407000000", "costOfRevenue": "35762000000", "costofGoodsAndServicesSold": "35762000000", "operatingIncome": "1106000000", "sellingGeneralAndAdministrative": "3218000000", "researchAndDevelopment": "None", "operatingExpenses": "8286000000", "investmentIncomeNet": "None", "netInterestIncome": "-178000000", "interestIncome": "None", "interestExpense": "178000000", "nonInterestIncome": "None", "otherNonOperatingIncome": "None", "depreciation": "None", "depreciationAndAmortization": "308000000", "incomeBeforeTax": "1473000000", "incomeTaxExpense": "315000000", "interestAndDebtExpense": "None", "netIncomeFromContinuingOperations": "1158000000", "comprehensiveIncomeNetOfTax": "None", "ebit": "1651000000", "ebitda": "1959000000", "netIncome": "1163000000"}, {"fiscalDateEnding": "2023-12-31", "reportedCurrency": "USD", "grossProfit": "7865000000", "totalRevenue": "39460000000", "costOfRevenue": "31595000000", "costofGoodsAndServicesSold": "31595000000", "operatingIncome": "-194000000", "sellingGeneralAndAdministrative": "3048000000", "researchAndDevelopment": "None", "operatingExpenses": "8059000000", "investmentIncomeNet": "None", "netInterestIncome": "-183000000", "interestIncome": "None", "interestExpense": "183000000", "nonInterestIncome": "None", "otherNonOperatingIncome": "None", "depreciation": "None", "depreciationAndAmortization": "315000000", "incomeBeforeTax": "24000000", "incomeTaxExpense": "-15000000", "interestAndDebtExpense": "None", "netIncomeFromContinuingOperations": "39000000", "comprehensiveIncomeNetOfTax": "None", "ebit": "207000000", "ebitda": "522000000", "netIncome": "45000000"}, {"fiscalDateEnding": "2023-09-30", "reportedCurrency": "USD", "grossProfit": "7707000000", "totalRevenue": "38042000000", "costOfRevenue": "30335000000", "costofGoodsAndServicesSold": "30335000000", "operatingIncome": "735000000", "sellingGeneralAndAdministrative": "3048000000", "researchAndDevelopment": "None", "operatingExpenses": "6972000000", "investmentIncomeNet": "None", "netInterestIncome": "-181000000", "interestIncome": "181000000", "interestExpense": "181000000", "nonInterestIncome": "None", "otherNonOperatingIncome": "None", "depreciation": "None", "depreciationAndAmortization": "328000000", "incomeBeforeTax": "768000000", "incomeTaxExpense": "293000000", "interestAndDebtExpense": "None", "netIncomeFromContinuingOperations": "475000000", "comprehensiveIncomeNetOfTax": "None", "ebit": "407000000", "ebitda": "735000000", "netIncome": "469000000"}, {"fiscalDateEnding": "2023-06-30", "reportedCurrency": "USD", "grossProfit": "7384000000", "totalRevenue": "37608000000", "costOfRevenue": "30224000000", "costofGoodsAndServicesSold": "30224000000", "operatingIncome": "1171000000", "sellingGeneralAndAdministrative": "3016000000", "researchAndDevelopment": "None", "operatingExpenses": "6213000000", "investmentIncomeNet": "None", "netInterestIncome": "-181000000", "interestIncome": "181000000", "interestExpense": "181000000", "nonInterestIncome": "None", "otherNonOperatingIncome": "425000000", "depreciation": "None", "depreciationAndAmortization": "325000000", "incomeBeforeTax": "1415000000", "incomeTaxExpense": "360000000", "interestAndDebtExpense": "None", "netIncomeFromContinuingOperations": "1055000000", "comprehensiveIncomeNetOfTax": "None", "ebit": "846000000", "ebitda": "1171000000", "netIncome": "1058000000"}, {"fiscalDateEnding": "2023-03-31", "reportedCurrency": "USD", "grossProfit": "4574000000", "totalRevenue": "38889000000", "costOfRevenue": "34315000000", "costofGoodsAndServicesSold": "34315000000", "operatingIncome": "1218000000", "sellingGeneralAndAdministrative": "3011000000", "researchAndDevelopment": "None", "operatingExpenses": "3336000000", "investmentIncomeNet": "None", "netInterestIncome": "-180000000", "interestIncome": "180000000", "interestExpense": "180000000", "nonInterestIncome": "None", "otherNonOperatingIncome": "353000000", "depreciation": "None", "depreciationAndAmortization": "366000000", "incomeBeforeTax": "1391000000", "incomeTaxExpense": "261000000", "interestAndDebtExpense": "None", "netIncomeFromContinuingOperations": "1130000000", "comprehensiveIncomeNetOfTax": "None", "ebit": "1218000000", "ebitda": "1584000000", "netIncome": "1130000000"}, {"fiscalDateEnding": "2022-12-31", "reportedCurrency": "USD", "grossProfit": "3847000000", "totalRevenue": "35561000000", "costOfRevenue": "31714000000", "costofGoodsAndServicesSold": "31714000000", "operatingIncome": "297000000", "sellingGeneralAndAdministrative": "8391000000", "researchAndDevelopment": "None", "operatingExpenses": "3550000000", "investmentIncomeNet": "None", "netInterestIncome": "-174000000", "interestIncome": "174000000", "interestExpense": "174000000", "nonInterestIncome": "None", "otherNonOperatingIncome": "493000000", "depreciation": "None", "depreciationAndAmortization": "352000000", "incomeBeforeTax": "41000000", "incomeTaxExpense": "260000000", "interestAndDebtExpense": "None", "netIncomeFromContinuingOperations": "-219000000", "comprehensiveIncomeNetOfTax": "None", "ebit": "297000000", "ebitda": "649000000", "netIncome": "-219000000"}, {"fiscalDateEnding": "2022-09-30", "reportedCurrency": "USD", "grossProfit": "3972000000", "totalRevenue": "35865000000", "costOfRevenue": "31893000000", "costofGoodsAndServicesSold": "31893000000", "operatingIncome": "765000000", "sellingGeneralAndAdministrative": "2846000000", "researchAndDevelopment": "None", "operatingExpenses": "3207000000", "investmentIncomeNet": "None", "netInterestIncome": "-169000000", "interestIncome": "169000000", "interestExpense": "169000000", "nonInterestIncome": "None", "otherNonOperatingIncome": "692000000", "depreciation": "None", "depreciationAndAmortization": "391000000", "incomeBeforeTax": "1009000000", "incomeTaxExpense": "269000000", "interestAndDebtExpense": "None", "netIncomeFromContinuingOperations": "740000000", "comprehensiveIncomeNetOfTax": "None", "ebit": "765000000", "ebitda": "1156000000", "netIncome": "738000000"}, {"fiscalDateEnding": "2022-06-30", "reportedCurrency": "USD", "grossProfit": "4484000000", "totalRevenue": "35936000000", "costOfRevenue": "31452000000", "costofGoodsAndServicesSold": "31452000000", "operatingIncome": "1321000000", "sellingGeneralAndAdministrative": "2800000000", "researchAndDevelopment": "None", "operatingExpenses": "3163000000", "investmentIncomeNet": "None", "netInterestIncome": "-162000000", "interestIncome": "162000000", "interestExpense": "162000000", "nonInterestIncome": "None", "otherNonOperatingIncome": "42000000", "depreciation": "None", "depreciationAndAmortization": "397000000", "incomeBeforeTax": "-236000000", "incomeTaxExpense": "-65000000", "interestAndDebtExpense": "None", "netIncomeFromContinuingOperations": "-171000000", "comprehensiveIncomeNetOfTax": "None", "ebit": "1321000000", "ebitda": "1718000000", "netIncome": "-171000000"}, {"fiscalDateEnding": "2022-03-31", "reportedCurrency": "USD", "grossProfit": "4353000000", "totalRevenue": "37185000000", "costOfRevenue": "32832000000", "costofGoodsAndServicesSold": "32832000000", "operatingIncome": "1253000000", "sellingGeneralAndAdministrative": "2745000000", "researchAndDevelopment": "None", "operatingExpenses": "3100000000", "investmentIncomeNet": "None", "netInterestIncome": "-160000000", "interestIncome": "160000000", "interestExpense": "160000000", "nonInterestIncome": "None", "otherNonOperatingIncome": "52000000", "depreciation": "None", "depreciationAndAmortization": "390000000", "incomeBeforeTax": "1148000000", "incomeTaxExpense": "296000000", "interestAndDebtExpense": "None", "netIncomeFromContinuingOperations": "852000000", "comprehensiveIncomeNetOfTax": "None", "ebit": "1253000000", "ebitda": "1643000000", "netIncome": "849000000"}, {"fiscalDateEnding": "2021-12-31", "reportedCurrency": "USD", "grossProfit": "3634000000", "totalRevenue": "32568000000", "costOfRevenue": "28934000000", "costofGoodsAndServicesSold": "28934000000", "operatingIncome": "603000000", "sellingGeneralAndAdministrative": "2842000000", "researchAndDevelopment": "None", "operatingExpenses": "3031000000", "investmentIncomeNet": "None", "netInterestIncome": "-162000000", "interestIncome": "162000000", "interestExpense": "162000000", "nonInterestIncome": "None", "otherNonOperatingIncome": "253000000", "depreciation": "None", "depreciationAndAmortization": "378000000", "incomeBeforeTax": "694000000", "incomeTaxExpense": "101000000", "interestAndDebtExpense": "None", "netIncomeFromContinuingOperations": "593000000", "comprehensiveIncomeNetOfTax": "None", "ebit": "603000000", "ebitda": "981000000", "netIncome": "599000000"}, {"fiscalDateEnding": "2021-09-30", "reportedCurrency": "USD", "grossProfit": "3656000000", "totalRevenue": "32406000000", "costOfRevenue": "28750000000", "costofGoodsAndServicesSold": "28750000000", "operatingIncome": "545000000", "sellingGeneralAndAdministrative": "2684000000", "researchAndDevelopment": "None", "operatingExpenses": "2882000000", "investmentIncomeNet": "None", "netInterestIncome": "-170000000", "interestIncome": "170000000", "interestExpense": "170000000", "nonInterestIncome": "None", "otherNonOperatingIncome": "424000000", "depreciation": "None", "depreciationAndAmortization": "381000000", "incomeBeforeTax": "720000000", "incomeTaxExpense": "139000000", "interestAndDebtExpense": "None", "netIncomeFromContinuingOperations": "581000000", "comprehensiveIncomeNetOfTax": "None", "ebit": "774000000", "ebitda": "1155000000", "netIncome": "584000000"}, {"fiscalDateEnding": "2021-06-30", "reportedCurrency": "USD", "grossProfit": "3293000000", "totalRevenue": "31025000000", "costOfRevenue": "27732000000", "costofGoodsAndServicesSold": "27732000000", "operatingIncome": "-418000000", "sellingGeneralAndAdministrative": "2273000000", "researchAndDevelopment": "None", "operatingExpenses": "2461000000", "investmentIncomeNet": "None", "netInterestIncome": "-163000000", "interestIncome": "163000000", "interestExpense": "163000000", "nonInterestIncome": "None", "otherNonOperatingIncome": "39000000", "depreciation": "None", "depreciationAndAmortization": "188000000", "incomeBeforeTax": "-542000000", "incomeTaxExpense": "-7000000", "interestAndDebtExpense": "None", "netIncomeFromContinuingOperations": "-535000000", "comprehensiveIncomeNetOfTax": "None", "ebit": "832000000", "ebitda": "1020000000", "netIncome": "-535000000"}, {"fiscalDateEnding": "2021-03-31", "reportedCurrency": "USD", "grossProfit": "3616000000", "totalRevenue": "29983000000", "costOfRevenue": "26367000000", "costofGoodsAndServicesSold": "26367000000", "operatingIncome": "1054000000", "sellingGeneralAndAdministrative": "2367000000", "researchAndDevelopment": "None", "operatingExpenses": "2562000000", "investmentIncomeNet": "None", "netInterestIncome": "-170000000", "interestIncome": "170000000", "interestExpense": "170000000", "nonInterestIncome": "None", "otherNonOperatingIncome": "103000000", "depreciation": "None", "depreciationAndAmortization": "361000000", "incomeBeforeTax": "941000000", "incomeTaxExpense": "244000000", "interestAndDebtExpense": "None", "netIncomeFromContinuingOperations": "697000000", "comprehensiveIncomeNetOfTax": "None", "ebit": "1054000000", "ebitda": "1415000000", "netIncome": "699000000"}, {"fiscalDateEnding": "2020-12-31", "reportedCurrency": "USD", "grossProfit": "3304000000", "totalRevenue": "28288000000", "costOfRevenue": "24984000000", "costofGoodsAndServicesSold": "24984000000", "operatingIncome": "15000000", "sellingGeneralAndAdministrative": "3097000000", "researchAndDevelopment": "None", "operatingExpenses": "3289000000", "investmentIncomeNet": "None", "netInterestIncome": "-177000000", "interestIncome": "177000000", "interestExpense": "177000000", "nonInterestIncome": "None", "otherNonOperatingIncome": "None", "depreciation": "None", "depreciationAndAmortization": "192000000", "incomeBeforeTax": "-74000000", "incomeTaxExpense": "-55000000", "interestAndDebtExpense": "None", "netIncomeFromContinuingOperations": "-19000000", "comprehensiveIncomeNetOfTax": "None", "ebit": "15000000", "ebitda": "207000000", "netIncome": "-12000000"}, {"fiscalDateEnding": "2020-09-30", "reportedCurrency": "USD", "grossProfit": "3908000000", "totalRevenue": "29090000000", "costOfRevenue": "25182000000", "costofGoodsAndServicesSold": "25182000000", "operatingIncome": "861000000", "sellingGeneralAndAdministrative": "2883000000", "researchAndDevelopment": "None", "operatingExpenses": "3047000000", "investmentIncomeNet": "None", "netInterestIncome": "-184000000", "interestIncome": "184000000", "interestExpense": "184000000", "nonInterestIncome": "None", "otherNonOperatingIncome": "95000000", "depreciation": "None", "depreciationAndAmortization": "298000000", "incomeBeforeTax": "772000000", "incomeTaxExpense": "207000000", "interestAndDebtExpense": "None", "netIncomeFromContinuingOperations": "565000000", "comprehensiveIncomeNetOfTax": "None", "ebit": "861000000", "ebitda": "1159000000", "netIncome": "568000000"}, {"fiscalDateEnding": "2020-06-30", "reportedCurrency": "USD", "grossProfit": "4849000000", "totalRevenue": "27712000000", "costOfRevenue": "22863000000", "costofGoodsAndServicesSold": "22863000000", "operatingIncome": "2018000000", "sellingGeneralAndAdministrative": "2634000000", "researchAndDevelopment": "None", "operatingExpenses": "2831000000", "investmentIncomeNet": "None", "netInterestIncome": "-187000000", "interestIncome": "187000000", "interestExpense": "187000000", "nonInterestIncome": "None", "otherNonOperatingIncome": "113000000", "depreciation": "None", "depreciationAndAmortization": "330000000", "incomeBeforeTax": "1944000000", "incomeTaxExpense": "742000000", "interestAndDebtExpense": "None", "netIncomeFromContinuingOperations": "1202000000", "comprehensiveIncomeNetOfTax": "None", "ebit": "2018000000", "ebitda": "2348000000", "netIncome": "1206000000"}, {"fiscalDateEnding": "2020-03-31", "reportedCurrency": "USD", "grossProfit": "3155000000", "totalRevenue": "26025000000", "costOfRevenue": "22870000000", "costofGoodsAndServicesSold": "22870000000", "operatingIncome": "188000000", "sellingGeneralAndAdministrative": "2729000000", "researchAndDevelopment": "None", "operatingExpenses": "2895000000", "investmentIncomeNet": "None", "netInterestIncome": "-180000000", "interestIncome": "180000000", "interestExpense": "180000000", "nonInterestIncome": "None", "otherNonOperatingIncome": "123000000", "depreciation": "None", "depreciationAndAmortization": "288000000", "incomeBeforeTax": "131000000", "incomeTaxExpense": "85000000", "interestAndDebtExpense": "None", "netIncomeFromContinuingOperations": "46000000", "comprehensiveIncomeNetOfTax": "None", "ebit": "260000000", "ebitda": "548000000", "netIncome": "46000000"}, {"fiscalDateEnding": "2019-12-31", "reportedCurrency": "USD", "grossProfit": "2074000000", "totalRevenue": "18863000000", "costOfRevenue": "16789000000", "costofGoodsAndServicesSold": "16789000000", "operatingIncome": "277000000", "sellingGeneralAndAdministrative": "1733000000", "researchAndDevelopment": "None", "operatingExpenses": "1797000000", "investmentIncomeNet": "None", "netInterestIncome": "-113000000", "interestIncome": "113000000", "interestExpense": "113000000", "nonInterestIncome": "None", "otherNonOperatingIncome": "96000000", "depreciation": "None", "depreciationAndAmortization": "64000000", "incomeBeforeTax": "260000000", "incomeTaxExpense": "58000000", "interestAndDebtExpense": "None", "netIncomeFromContinuingOperations": "1148000000", "comprehensiveIncomeNetOfTax": "None", "ebit": "277000000", "ebitda": "341000000", "netIncome": "209000000"}, {"fiscalDateEnding": "2019-09-30", "reportedCurrency": "USD", "grossProfit": "2129000000", "totalRevenue": "18976000000", "costOfRevenue": "16847000000", "costofGoodsAndServicesSold": "16847000000", "operatingIncome": "176000000", "sellingGeneralAndAdministrative": "1617000000", "researchAndDevelopment": "None", "operatingExpenses": "1682000000", "investmentIncomeNet": "None", "netInterestIncome": "-99000000", "interestIncome": "99000000", "interestExpense": "99000000", "nonInterestIncome": "None", "otherNonOperatingIncome": "98000000", "depreciation": "None", "depreciationAndAmortization": "162000000", "incomeBeforeTax": "175000000", "incomeTaxExpense": "79000000", "interestAndDebtExpense": "None", "netIncomeFromContinuingOperations": "96000000", "comprehensiveIncomeNetOfTax": "None", "ebit": "447000000", "ebitda": "609000000", "netIncome": "95000000"}, {"fiscalDateEnding": "2019-06-30", "reportedCurrency": "USD", "grossProfit": "2281000000", "totalRevenue": "18356000000", "costOfRevenue": "16075000000", "costofGoodsAndServicesSold": "16075000000", "operatingIncome": "643000000", "sellingGeneralAndAdministrative": "1574000000", "researchAndDevelopment": "None", "operatingExpenses": "1638000000", "investmentIncomeNet": "None", "netInterestIncome": "-101000000", "interestIncome": "101000000", "interestExpense": "101000000", "nonInterestIncome": "None", "otherNonOperatingIncome": "120000000", "depreciation": "None", "depreciationAndAmortization": "158000000", "incomeBeforeTax": "662000000", "incomeTaxExpense": "170000000", "interestAndDebtExpense": "None", "netIncomeFromContinuingOperations": "492000000", "comprehensiveIncomeNetOfTax": "None", "ebit": "643000000", "ebitda": "801000000", "netIncome": "495000000"}, {"fiscalDateEnding": "2019-03-31", "reportedCurrency": "USD", "grossProfit": "2359000000", "totalRevenue": "18444000000", "costOfRevenue": "16085000000", "costofGoodsAndServicesSold": "16085000000", "operatingIncome": "685000000", "sellingGeneralAndAdministrative": "1609000000", "researchAndDevelopment": "None", "operatingExpenses": "1674000000", "investmentIncomeNet": "None", "netInterestIncome": "-99000000", "interestIncome": "None", "interestExpense": "99000000", "nonInterestIncome": "None", "otherNonOperatingIncome": "99000000", "depreciation": "None", "depreciationAndAmortization": "155000000", "incomeBeforeTax": "685000000", "incomeTaxExpense": "166000000", "interestAndDebtExpense": "None", "netIncomeFromContinuingOperations": "519000000", "comprehensiveIncomeNetOfTax": "None", "ebit": "685000000", "ebitda": "840000000", "netIncome": "522000000"}, {"fiscalDateEnding": "2018-12-31", "reportedCurrency": "USD", "grossProfit": "2183000000", "totalRevenue": "16559000000", "costOfRevenue": "14376000000", "costofGoodsAndServicesSold": "14376000000", "operatingIncome": "388000000", "sellingGeneralAndAdministrative": "1733000000", "researchAndDevelopment": "0", "operatingExpenses": "1795000000", "investmentIncomeNet": "None", "netInterestIncome": "None", "interestIncome": "None", "interestExpense": "98000000", "nonInterestIncome": "None", "otherNonOperatingIncome": "67000000", "depreciation": "None", "depreciationAndAmortization": "62000000", "incomeBeforeTax": "357000000", "incomeTaxExpense": "116000000", "interestAndDebtExpense": "None", "netIncomeFromContinuingOperations": "241000000", "comprehensiveIncomeNetOfTax": "None", "ebit": "388000000", "ebitda": "450000000", "netIncome": "241000000"}, {"fiscalDateEnding": "2018-09-30", "reportedCurrency": "USD", "grossProfit": "2218000000", "totalRevenue": "16182000000", "costOfRevenue": "13964000000", "costofGoodsAndServicesSold": "13964000000", "operatingIncome": "41000000", "sellingGeneralAndAdministrative": "2112000000", "researchAndDevelopment": "0", "operatingExpenses": "2177000000", "investmentIncomeNet": "None", "netInterestIncome": "None", "interestIncome": "None", "interestExpense": "97000000", "nonInterestIncome": "None", "otherNonOperatingIncome": "80000000", "depreciation": "None", "depreciationAndAmortization": "139000000", "incomeBeforeTax": "24000000", "incomeTaxExpense": "8000000", "interestAndDebtExpense": "None", "netIncomeFromContinuingOperations": "16000000", "comprehensiveIncomeNetOfTax": "None", "ebit": "41000000", "ebitda": "180000000", "netIncome": "19000000"}, {"fiscalDateEnding": "2018-06-30", "reportedCurrency": "USD", "grossProfit": "1954000000", "totalRevenue": "14181000000", "costOfRevenue": "12227000000", "costofGoodsAndServicesSold": "12227000000", "operatingIncome": "489000000", "sellingGeneralAndAdministrative": "1420000000", "researchAndDevelopment": "0", "operatingExpenses": "1465000000", "investmentIncomeNet": "None", "netInterestIncome": "None", "interestIncome": "None", "interestExpense": "80000000", "nonInterestIncome": "None", "otherNonOperatingIncome": "65000000", "depreciation": "None", "depreciationAndAmortization": "111000000", "incomeBeforeTax": "474000000", "incomeTaxExpense": "175000000", "interestAndDebtExpense": "None", "netIncomeFromContinuingOperations": "299000000", "comprehensiveIncomeNetOfTax": "None", "ebit": "489000000", "ebitda": "600000000", "netIncome": "300000000"}, {"fiscalDateEnding": "2018-03-31", "reportedCurrency": "USD", "grossProfit": "2066000000", "totalRevenue": "13194000000", "costOfRevenue": "11128000000", "costofGoodsAndServicesSold": "11128000000", "operatingIncome": "540000000", "sellingGeneralAndAdministrative": "1487000000", "researchAndDevelopment": "0", "operatingExpenses": "1526000000", "investmentIncomeNet": "None", "netInterestIncome": "None", "interestIncome": "None", "interestExpense": "68000000", "nonInterestIncome": "None", "otherNonOperatingIncome": "41000000", "depreciation": "None", "depreciationAndAmortization": "104000000", "incomeBeforeTax": "513000000", "incomeTaxExpense": "175000000", "interestAndDebtExpense": "None", "netIncomeFromContinuingOperations": "338000000", "comprehensiveIncomeNetOfTax": "None", "ebit": "540000000", "ebitda": "644000000", "netIncome": "340000000"}, {"fiscalDateEnding": "2017-12-31", "reportedCurrency": "USD", "grossProfit": "1480000000", "totalRevenue": "12806000000", "costOfRevenue": "11326000000", "costofGoodsAndServicesSold": "11326000000", "operatingIncome": "181000000", "sellingGeneralAndAdministrative": "1260000000", "researchAndDevelopment": "0", "operatingExpenses": "1299000000", "investmentIncomeNet": "None", "netInterestIncome": "None", "interestIncome": "None", "interestExpense": "66000000", "nonInterestIncome": "None", "otherNonOperatingIncome": "53000000", "depreciation": "None", "depreciationAndAmortization": "39000000", "incomeBeforeTax": "168000000", "incomeTaxExpense": "-55000000", "interestAndDebtExpense": "None", "netIncomeFromContinuingOperations": "223000000", "comprehensiveIncomeNetOfTax": "None", "ebit": "181000000", "ebitda": "220000000", "netIncome": "230000000"}, {"fiscalDateEnding": "2017-09-30", "reportedCurrency": "USD", "grossProfit": "1408000000", "totalRevenue": "11898000000", "costOfRevenue": "10490000000", "costofGoodsAndServicesSold": "10490000000", "operatingIncome": "340000000", "sellingGeneralAndAdministrative": "1030000000", "researchAndDevelopment": "0", "operatingExpenses": "1068000000", "investmentIncomeNet": "None", "netInterestIncome": "None", "interestIncome": "None", "interestExpense": "65000000", "nonInterestIncome": "None", "otherNonOperatingIncome": "51000000", "depreciation": "None", "depreciationAndAmortization": "91000000", "incomeBeforeTax": "326000000", "incomeTaxExpense": "125000000", "interestAndDebtExpense": "None", "netIncomeFromContinuingOperations": "201000000", "comprehensiveIncomeNetOfTax": "None", "ebit": "340000000", "ebitda": "431000000", "netIncome": "205000000"}, {"fiscalDateEnding": "2017-06-30", "reportedCurrency": "USD", "grossProfit": "1542000000", "totalRevenue": "11954000000", "costOfRevenue": "10412000000", "costofGoodsAndServicesSold": "10412000000", "operatingIncome": "438000000", "sellingGeneralAndAdministrative": "1065000000", "researchAndDevelopment": "0", "operatingExpenses": "1104000000", "investmentIncomeNet": "None", "netInterestIncome": "None", "interestIncome": "None", "interestExpense": "62000000", "nonInterestIncome": "None", "otherNonOperatingIncome": "45000000", "depreciation": "None", "depreciationAndAmortization": "87000000", "incomeBeforeTax": "421000000", "incomeTaxExpense": "169000000", "interestAndDebtExpense": "None", "netIncomeFromContinuingOperations": "252000000", "comprehensiveIncomeNetOfTax": "None", "ebit": "438000000", "ebitda": "525000000", "netIncome": "254000000"}, {"fiscalDateEnding": "2017-03-31", "reportedCurrency": "USD", "grossProfit": "1371000000", "totalRevenue": "11724000000", "costOfRevenue": "10353000000", "costofGoodsAndServicesSold": "10353000000", "operatingIncome": "240000000", "sellingGeneralAndAdministrative": "1091000000", "researchAndDevelopment": "0", "operatingExpenses": "1131000000", "investmentIncomeNet": "None", "netInterestIncome": "None", "interestIncome": "None", "interestExpense": "62000000", "nonInterestIncome": "None", "otherNonOperatingIncome": "41000000", "depreciation": "None", "depreciationAndAmortization": "86000000", "incomeBeforeTax": "219000000", "incomeTaxExpense": "87000000", "interestAndDebtExpense": "None", "netIncomeFromContinuingOperations": "132000000", "comprehensiveIncomeNetOfTax": "None", "ebit": "240000000", "ebitda": "326000000", "netIncome": "139000000"}, {"fiscalDateEnding": "2016-12-31", "reportedCurrency": "USD", "grossProfit": "1766000000", "totalRevenue": "11911000000", "costOfRevenue": "10145000000", "costofGoodsAndServicesSold": "10145000000", "operatingIncome": "521000000", "sellingGeneralAndAdministrative": "1193000000", "researchAndDevelopment": "0", "operatingExpenses": "1245000000", "investmentIncomeNet": "None", "netInterestIncome": "None", "interestIncome": "None", "interestExpense": "75000000", "nonInterestIncome": "None", "otherNonOperatingIncome": "34000000", "depreciation": "None", "depreciationAndAmortization": "89000000", "incomeBeforeTax": "480000000", "incomeTaxExpense": "227000000", "interestAndDebtExpense": "None", "netIncomeFromContinuingOperations": "257000000", "comprehensiveIncomeNetOfTax": "None", "ebit": "521000000", "ebitda": "610000000", "netIncome": "265000000"}, {"fiscalDateEnding": "2016-09-30", "reportedCurrency": "USD", "grossProfit": "1454000000", "totalRevenue": "10846000000", "costOfRevenue": "9392000000", "costofGoodsAndServicesSold": "9392000000", "operatingIncome": "342000000", "sellingGeneralAndAdministrative": "1069000000", "researchAndDevelopment": "0", "operatingExpenses": "1112000000", "investmentIncomeNet": "None", "netInterestIncome": "None", "interestIncome": "None", "interestExpense": "57000000", "nonInterestIncome": "None", "otherNonOperatingIncome": "33000000", "depreciation": "None", "depreciationAndAmortization": "43000000", "incomeBeforeTax": "318000000", "incomeTaxExpense": "171000000", "interestAndDebtExpense": "None", "netIncomeFromContinuingOperations": "147000000", "comprehensiveIncomeNetOfTax": "None", "ebit": "342000000", "ebitda": "385000000", "netIncome": "147000000"}, {"fiscalDateEnding": "2016-06-30", "reportedCurrency": "USD", "grossProfit": "1499000000", "totalRevenue": "10897000000", "costOfRevenue": "9398000000", "costofGoodsAndServicesSold": "9398000000", "operatingIncome": "377000000", "sellingGeneralAndAdministrative": "1079000000", "researchAndDevelopment": "0", "operatingExpenses": "1122000000", "investmentIncomeNet": "None", "netInterestIncome": "None", "interestIncome": "None", "interestExpense": "52000000", "nonInterestIncome": "None", "otherNonOperatingIncome": "32000000", "depreciation": "None", "depreciationAndAmortization": "76000000", "incomeBeforeTax": "357000000", "incomeTaxExpense": "188000000", "interestAndDebtExpense": "None", "netIncomeFromContinuingOperations": "168000000", "comprehensiveIncomeNetOfTax": "None", "ebit": "377000000", "ebitda": "453000000", "netIncome": "170000000"}, {"fiscalDateEnding": "2016-03-31", "reportedCurrency": "USD", "grossProfit": "825000000", "totalRevenue": "6953000000", "costOfRevenue": "6128000000", "costofGoodsAndServicesSold": "6128000000", "operatingIncome": "20000000", "sellingGeneralAndAdministrative": "796000000", "researchAndDevelopment": "0", "operatingExpenses": "805000000", "investmentIncomeNet": "None", "netInterestIncome": "None", "interestIncome": "None", "interestExpense": "33000000", "nonInterestIncome": "None", "otherNonOperatingIncome": "15000000", "depreciation": "None", "depreciationAndAmortization": "35000000", "incomeBeforeTax": "2000000", "incomeTaxExpense": "17000000", "interestAndDebtExpense": "None", "netIncomeFromContinuingOperations": "-15000000", "comprehensiveIncomeNetOfTax": "None", "ebit": "20000000", "ebitda": "55000000", "netIncome": "-17000000"}, {"fiscalDateEnding": "2015-12-31", "reportedCurrency": "USD", "grossProfit": "791000000", "totalRevenue": "6302000000", "costOfRevenue": "5511000000", "costofGoodsAndServicesSold": "5511000000", "operatingIncome": "220000000", "sellingGeneralAndAdministrative": "571000000", "researchAndDevelopment": "0", "operatingExpenses": "571000000", "investmentIncomeNet": "None", "netInterestIncome": "None", "interestIncome": "None", "interestExpense": "11000000", "nonInterestIncome": "None", "otherNonOperatingIncome": "8000000", "depreciation": "None", "depreciationAndAmortization": "29000000", "incomeBeforeTax": "217000000", "incomeTaxExpense": "105000000", "interestAndDebtExpense": "None", "netIncomeFromContinuingOperations": "112000000", "comprehensiveIncomeNetOfTax": "None", "ebit": "191000000", "ebitda": "220000000", "netIncome": "111000000"}, {"fiscalDateEnding": "2015-09-30", "reportedCurrency": "USD", "grossProfit": "701000000", "totalRevenue": "5821000000", "costOfRevenue": "5120000000", "costofGoodsAndServicesSold": "5120000000", "operatingIncome": "183000000", "sellingGeneralAndAdministrative": "518000000", "researchAndDevelopment": "0", "operatingExpenses": "518000000", "investmentIncomeNet": "None", "netInterestIncome": "None", "interestIncome": "None", "interestExpense": "11000000", "nonInterestIncome": "None", "otherNonOperatingIncome": "8000000", "depreciation": "None", "depreciationAndAmortization": "29000000", "incomeBeforeTax": "180000000", "incomeTaxExpense": "87000000", "interestAndDebtExpense": "None", "netIncomeFromContinuingOperations": "93000000", "comprehensiveIncomeNetOfTax": "None", "ebit": "183000000", "ebitda": "212000000", "netIncome": "93000000"}, {"fiscalDateEnding": "2015-06-30", "reportedCurrency": "USD", "grossProfit": "667000000", "totalRevenue": "5506000000", "costOfRevenue": "4839000000", "costofGoodsAndServicesSold": "4839000000", "operatingIncome": "173000000", "sellingGeneralAndAdministrative": "494000000", "researchAndDevelopment": "0", "operatingExpenses": "494000000", "investmentIncomeNet": "None", "netInterestIncome": "None", "interestIncome": "None", "interestExpense": "11000000", "nonInterestIncome": "None", "otherNonOperatingIncome": "10000000", "depreciation": "None", "depreciationAndAmortization": "26000000", "incomeBeforeTax": "172000000", "incomeTaxExpense": "84000000", "interestAndDebtExpense": "None", "netIncomeFromContinuingOperations": "88000000", "comprehensiveIncomeNetOfTax": "None", "ebit": "173000000", "ebitda": "199000000", "netIncome": "88000000"}, {"fiscalDateEnding": "2015-03-31", "reportedCurrency": "USD", "grossProfit": "587000000", "totalRevenue": "5131000000", "costOfRevenue": "4544000000", "costofGoodsAndServicesSold": "4544000000", "operatingIncome": "129000000", "sellingGeneralAndAdministrative": "458000000", "researchAndDevelopment": "0", "operatingExpenses": "458000000", "investmentIncomeNet": "None", "netInterestIncome": "None", "interestIncome": "None", "interestExpense": "10000000", "nonInterestIncome": "None", "otherNonOperatingIncome": "9000000", "depreciation": "None", "depreciationAndAmortization": "27000000", "incomeBeforeTax": "128000000", "incomeTaxExpense": "63000000", "interestAndDebtExpense": "None", "netIncomeFromContinuingOperations": "65000000", "comprehensiveIncomeNetOfTax": "None", "ebit": "129000000", "ebitda": "156000000", "netIncome": "63000000"}, {"fiscalDateEnding": "2014-12-31", "reportedCurrency": "USD", "grossProfit": "589000000", "totalRevenue": "4725000000", "costOfRevenue": "4136000000", "costofGoodsAndServicesSold": "4136000000", "operatingIncome": "194000000", "sellingGeneralAndAdministrative": "395000000", "researchAndDevelopment": "0", "operatingExpenses": "395000000", "investmentIncomeNet": "None", "netInterestIncome": "None", "interestIncome": "None", "interestExpense": "10000000", "nonInterestIncome": "None", "otherNonOperatingIncome": "10348000", "depreciation": "None", "depreciationAndAmortization": "23992000", "incomeBeforeTax": "194000000", "incomeTaxExpense": "90000000", "interestAndDebtExpense": "None", "netIncomeFromContinuingOperations": "103744000", "comprehensiveIncomeNetOfTax": "None", "ebit": "170008000", "ebitda": "194000000", "netIncome": "106534000"}, {"fiscalDateEnding": "2014-09-30", "reportedCurrency": "USD", "grossProfit": "473795000", "totalRevenue": "4351861000", "costOfRevenue": "3878066000", "costofGoodsAndServicesSold": "3878066000", "operatingIncome": "107932000", "sellingGeneralAndAdministrative": "365863000", "researchAndDevelopment": "0", "operatingExpenses": "365863000", "investmentIncomeNet": "None", "netInterestIncome": "None", "interestIncome": "None", "interestExpense": "9282000", "nonInterestIncome": "None", "otherNonOperatingIncome": "5676000", "depreciation": "None", "depreciationAndAmortization": "22907000", "incomeBeforeTax": "104326000", "incomeTaxExpense": "26696000", "interestAndDebtExpense": "None", "netIncomeFromContinuingOperations": "77630000", "comprehensiveIncomeNetOfTax": "None", "ebit": "107932000", "ebitda": "130839000", "netIncome": "82000000"}, {"fiscalDateEnding": "2014-06-30", "reportedCurrency": "USD", "grossProfit": "445042000", "totalRevenue": "4023700000", "costOfRevenue": "3578658000", "costofGoodsAndServicesSold": "3578658000", "operatingIncome": "92672000", "sellingGeneralAndAdministrative": "352370000", "researchAndDevelopment": "0", "operatingExpenses": "352370000", "investmentIncomeNet": "None", "netInterestIncome": "None", "interestIncome": "None", "interestExpense": "8604000", "nonInterestIncome": "None", "otherNonOperatingIncome": "7252000", "depreciation": "None", "depreciationAndAmortization": "21783000", "incomeBeforeTax": "91320000", "incomeTaxExpense": "44874000", "interestAndDebtExpense": "None", "netIncomeFromContinuingOperations": "46446000", "comprehensiveIncomeNetOfTax": "None", "ebit": "92672000", "ebitda": "114455000", "netIncome": "49000000"}, {"fiscalDateEnding": "2014-03-31", "reportedCurrency": "USD", "grossProfit": "396873000", "totalRevenue": "3459888000", "costOfRevenue": "3063015000", "costofGoodsAndServicesSold": "3063015000", "operatingIncome": "70034000", "sellingGeneralAndAdministrative": "326839000", "researchAndDevelopment": "0", "operatingExpenses": "326839000", "investmentIncomeNet": "None", "netInterestIncome": "None", "interestIncome": "None", "interestExpense": "7023000", "nonInterestIncome": "None", "otherNonOperatingIncome": "4724000", "depreciation": "None", "depreciationAndAmortization": "20318000", "incomeBeforeTax": "67735000", "incomeTaxExpense": "34555000", "interestAndDebtExpense": "None", "netIncomeFromContinuingOperations": "33180000", "comprehensiveIncomeNetOfTax": "None", "ebit": "70034000", "ebitda": "90352000", "netIncome": "33000000"}, {"fiscalDateEnding": "2013-12-31", "reportedCurrency": "USD", "grossProfit": "340443000", "totalRevenue": "2931740000", "costOfRevenue": "2591297000", "costofGoodsAndServicesSold": "2591297000", "operatingIncome": "85088000", "sellingGeneralAndAdministrative": "255355000", "researchAndDevelopment": "0", "operatingExpenses": "255355000", "investmentIncomeNet": "None", "netInterestIncome": "None", "interestIncome": "None", "interestExpense": "6696000", "nonInterestIncome": "None", "otherNonOperatingIncome": "4754000", "depreciation": "None", "depreciationAndAmortization": "17200000", "incomeBeforeTax": "83750000", "incomeTaxExpense": "34143000", "interestAndDebtExpense": "None", "netIncomeFromContinuingOperations": "51001000", "comprehensiveIncomeNetOfTax": "None", "ebit": "85088000", "ebitda": "102288000", "netIncome": "53240000"}, {"fiscalDateEnding": "2013-09-30", "reportedCurrency": "USD", "grossProfit": "335839000", "totalRevenue": "2803652000", "costOfRevenue": "2467813000", "costofGoodsAndServicesSold": "2467813000", "operatingIncome": "82231000", "sellingGeneralAndAdministrative": "253608000", "researchAndDevelopment": "0", "operatingExpenses": "253608000", "investmentIncomeNet": "None", "netInterestIncome": "None", "interestIncome": "None", "interestExpense": "6603000", "nonInterestIncome": "None", "otherNonOperatingIncome": "4946000", "depreciation": "None", "depreciationAndAmortization": "17292000", "incomeBeforeTax": "80574000", "incomeTaxExpense": "31660000", "interestAndDebtExpense": "None", "netIncomeFromContinuingOperations": "48914000", "comprehensiveIncomeNetOfTax": "None", "ebit": "64939000", "ebitda": "82231000", "netIncome": "49373000"}, {"fiscalDateEnding": "2013-06-30", "reportedCurrency": "USD", "grossProfit": "297274000", "totalRevenue": "2725945000", "costOfRevenue": "2428671000", "costofGoodsAndServicesSold": "2428671000", "operatingIncome": "67026000", "sellingGeneralAndAdministrative": "230248000", "researchAndDevelopment": "0", "operatingExpenses": "230248000", "investmentIncomeNet": "None", "netInterestIncome": "None", "interestIncome": "None", "interestExpense": "7033000", "nonInterestIncome": "None", "otherNonOperatingIncome": "4286000", "depreciation": "None", "depreciationAndAmortization": "17237000", "incomeBeforeTax": "64279000", "incomeTaxExpense": "25268000", "interestAndDebtExpense": "None", "netIncomeFromContinuingOperations": "39011000", "comprehensiveIncomeNetOfTax": "None", "ebit": "67026000", "ebitda": "84263000", "netIncome": "39484000"}, {"fiscalDateEnding": "2013-03-31", "reportedCurrency": "USD", "grossProfit": "250452000", "totalRevenue": "2645892000", "costOfRevenue": "2395440000", "costofGoodsAndServicesSold": "2395440000", "operatingIncome": "40104000", "sellingGeneralAndAdministrative": "210348000", "researchAndDevelopment": "0", "operatingExpenses": "210348000", "investmentIncomeNet": "None", "netInterestIncome": "None", "interestIncome": "None", "interestExpense": "6625000", "nonInterestIncome": "None", "otherNonOperatingIncome": "4471000", "depreciation": "None", "depreciationAndAmortization": "15691000", "incomeBeforeTax": "37950000", "incomeTaxExpense": "15039000", "interestAndDebtExpense": "None", "netIncomeFromContinuingOperations": "22911000", "comprehensiveIncomeNetOfTax": "None", "ebit": "40104000", "ebitda": "55795000", "netIncome": "23002000"}, {"fiscalDateEnding": "2012-12-31", "reportedCurrency": "USD", "grossProfit": "205350000", "totalRevenue": "2396597000", "costOfRevenue": "2191247000", "costofGoodsAndServicesSold": "2191247000", "operatingIncome": "13068000", "sellingGeneralAndAdministrative": "192282000", "researchAndDevelopment": "0", "operatingExpenses": "192282000", "investmentIncomeNet": "None", "netInterestIncome": "None", "interestIncome": "None", "interestExpense": "6067000", "nonInterestIncome": "None", "otherNonOperatingIncome": "3377000", "depreciation": "None", "depreciationAndAmortization": "15974000", "incomeBeforeTax": "10378000", "incomeTaxExpense": "5739000", "interestAndDebtExpense": "None", "netIncomeFromContinuingOperations": "4639000", "comprehensiveIncomeNetOfTax": "None", "ebit": "-2906000", "ebitda": "13068000", "netIncome": "9061000"}, {"fiscalDateEnding": "2012-09-30", "reportedCurrency": "USD", "grossProfit": "389378000", "totalRevenue": "2448121000", "costOfRevenue": "2058743000", "costofGoodsAndServicesSold": "2058743000", "operatingIncome": "-27641000", "sellingGeneralAndAdministrative": "181073000000", "researchAndDevelopment": "0", "operatingExpenses": "417019000", "investmentIncomeNet": "None", "netInterestIncome": "None", "interestIncome": "None", "interestExpense": "4855000", "nonInterestIncome": "None", "otherNonOperatingIncome": "23244000", "depreciation": "None", "depreciationAndAmortization": "16626000", "incomeBeforeTax": "-9252000", "incomeTaxExpense": "-9547000", "interestAndDebtExpense": "None", "netIncomeFromContinuingOperations": "295000", "comprehensiveIncomeNetOfTax": "None", "ebit": "-27641000", "ebitda": "-11015000", "netIncome": "3819000"}, {"fiscalDateEnding": "2012-06-30", "reportedCurrency": "USD", "grossProfit": "198525000", "totalRevenue": "2110746000", "costOfRevenue": "1912221000", "costofGoodsAndServicesSold": "1912221000", "operatingIncome": "-46746000", "sellingGeneralAndAdministrative": "168062000000", "researchAndDevelopment": "0", "operatingExpenses": "217238000", "investmentIncomeNet": "None", "netInterestIncome": "None", "interestIncome": "None", "interestExpense": "4739000", "nonInterestIncome": "None", "otherNonOperatingIncome": "4045000", "depreciation": "None", "depreciationAndAmortization": "16653000", "incomeBeforeTax": "-47440000", "incomeTaxExpense": "-8608000", "interestAndDebtExpense": "None", "netIncomeFromContinuingOperations": "-38832000", "comprehensiveIncomeNetOfTax": "None", "ebit": "-31321000", "ebitda": "-14668000", "netIncome": "-34999000"}, {"fiscalDateEnding": "2012-03-31", "reportedCurrency": "USD", "grossProfit": "246135000", "totalRevenue": "1712148000", "costOfRevenue": "1466013000", "costofGoodsAndServicesSold": "1466013000", "operatingIncome": "34198000", "sellingGeneralAndAdministrative": "163187000", "researchAndDevelopment": "0", "operatingExpenses": "211937000", "investmentIncomeNet": "None", "netInterestIncome": "None", "interestIncome": "None", "interestExpense": "4799000", "nonInterestIncome": "None", "otherNonOperatingIncome": "5291000", "depreciation": "None", "depreciationAndAmortization": "16613000", "incomeBeforeTax": "34690000", "incomeTaxExpense": "12087000", "interestAndDebtExpense": "None", "netIncomeFromContinuingOperations": "22603000", "comprehensiveIncomeNetOfTax": "None", "ebit": "34198000", "ebitda": "50811000", "netIncome": "23978000"}, {"fiscalDateEnding": "2011-12-31", "reportedCurrency": "USD", "grossProfit": "256040000", "totalRevenue": "1507176000", "costOfRevenue": "1251136000", "costofGoodsAndServicesSold": "1251136000", "operatingIncome": "47377000", "sellingGeneralAndAdministrative": "587004000", "researchAndDevelopment": "0", "operatingExpenses": "208663000", "investmentIncomeNet": "None", "netInterestIncome": "None", "interestIncome": "None", "interestExpense": "4797000", "nonInterestIncome": "None", "otherNonOperatingIncome": "12478000", "depreciation": "None", "depreciationAndAmortization": "15272000", "incomeBeforeTax": "46570000", "incomeTaxExpense": "17306000", "interestAndDebtExpense": "None", "netIncomeFromContinuingOperations": "29264000", "comprehensiveIncomeNetOfTax": "None", "ebit": "32105000", "ebitda": "47377000", "netIncome": "30112000"}, {"fiscalDateEnding": "2011-09-30", "reportedCurrency": "USD", "grossProfit": "253220000", "totalRevenue": "1302035000", "costOfRevenue": "1048815000", "costofGoodsAndServicesSold": "1048815000", "operatingIncome": "48547000", "sellingGeneralAndAdministrative": "167668000000", "researchAndDevelopment": "0", "operatingExpenses": "204673000", "investmentIncomeNet": "None", "netInterestIncome": "None", "interestIncome": "None", "interestExpense": "4572000", "nonInterestIncome": "None", "otherNonOperatingIncome": "2697000", "depreciation": "None", "depreciationAndAmortization": "14488000", "incomeBeforeTax": "46672000", "incomeTaxExpense": "18459000", "interestAndDebtExpense": "None", "netIncomeFromContinuingOperations": "28213000", "comprehensiveIncomeNetOfTax": "None", "ebit": "48547000", "ebitda": "63035000", "netIncome": "28987000"}, {"fiscalDateEnding": "2011-06-30", "reportedCurrency": "USD", "grossProfit": "258962000", "totalRevenue": "1315014000", "costOfRevenue": "1056052000", "costofGoodsAndServicesSold": "1056052000", "operatingIncome": "55303000", "sellingGeneralAndAdministrative": "166425000000", "researchAndDevelopment": "0", "operatingExpenses": "203659000", "investmentIncomeNet": "None", "netInterestIncome": "None", "interestIncome": "None", "interestExpense": "5256000", "nonInterestIncome": "None", "otherNonOperatingIncome": "-5555000", "depreciation": "None", "depreciationAndAmortization": "14242000", "incomeBeforeTax": "44492000", "incomeTaxExpense": "16429000", "interestAndDebtExpense": "None", "netIncomeFromContinuingOperations": "28063000", "comprehensiveIncomeNetOfTax": "None", "ebit": "55303000", "ebitda": "69545000", "netIncome": "28374000"}, {"fiscalDateEnding": "2011-03-31", "reportedCurrency": "USD", "grossProfit": "239107000", "totalRevenue": "1216357000", "costOfRevenue": "977250000", "costofGoodsAndServicesSold": "977250000", "operatingIncome": "39097000", "sellingGeneralAndAdministrative": "162581000000", "researchAndDevelopment": "0", "operatingExpenses": "200010000", "investmentIncomeNet": "None", "netInterestIncome": "None", "interestIncome": "None", "interestExpense": "5695000", "nonInterestIncome": "None", "otherNonOperatingIncome": "3749000", "depreciation": "None", "depreciationAndAmortization": "14325000", "incomeBeforeTax": "37151000", "incomeTaxExpense": "14328000", "interestAndDebtExpense": "None", "netIncomeFromContinuingOperations": "22823000", "comprehensiveIncomeNetOfTax": "None", "ebit": "42846000", "ebitda": "57171000", "netIncome": "23745000"}, {"fiscalDateEnding": "2010-12-31", "reportedCurrency": "USD", "grossProfit": "357370000", "totalRevenue": "1180969000", "costOfRevenue": "823599000", "costofGoodsAndServicesSold": "823599000", "operatingIncome": "45501000", "sellingGeneralAndAdministrative": "547823000", "researchAndDevelopment": "0", "operatingExpenses": "311869000", "investmentIncomeNet": "None", "netInterestIncome": "None", "interestIncome": "None", "interestExpense": "5452000", "nonInterestIncome": "None", "otherNonOperatingIncome": "None", "depreciation": "None", "depreciationAndAmortization": "13380000", "incomeBeforeTax": "43342000", "incomeTaxExpense": "16958000", "interestAndDebtExpense": "None", "netIncomeFromContinuingOperations": "0", "comprehensiveIncomeNetOfTax": "None", "ebit": "45501000", "ebitda": "58881000", "netIncome": "25399000"}, {"fiscalDateEnding": "2010-09-30", "reportedCurrency": "USD", "grossProfit": "172343000", "totalRevenue": "1121861000", "costOfRevenue": "949518000", "costofGoodsAndServicesSold": "949518000", "operatingIncome": "40248000", "sellingGeneralAndAdministrative": "132095000000", "researchAndDevelopment": "0", "operatingExpenses": "132095000", "investmentIncomeNet": "None", "netInterestIncome": "None", "interestIncome": "None", "interestExpense": "4858000", "nonInterestIncome": "None", "otherNonOperatingIncome": "713000", "depreciation": "None", "depreciationAndAmortization": "13702000", "incomeBeforeTax": "36103000", "incomeTaxExpense": "13163000", "interestAndDebtExpense": "None", "netIncomeFromContinuingOperations": "22940000", "comprehensiveIncomeNetOfTax": "None", "ebit": "40248000", "ebitda": "53950000", "netIncome": "22662000"}, {"fiscalDateEnding": "2010-06-30", "reportedCurrency": "USD", "grossProfit": "175179000", "totalRevenue": "1076772000", "costOfRevenue": "901593000", "costofGoodsAndServicesSold": "901593000", "operatingIncome": "41709000", "sellingGeneralAndAdministrative": "129199999", "researchAndDevelopment": "0", "operatingExpenses": "133470000", "investmentIncomeNet": "None", "netInterestIncome": "None", "interestIncome": "None", "interestExpense": "3869000", "nonInterestIncome": "None", "otherNonOperatingIncome": "4142000", "depreciation": "None", "depreciationAndAmortization": "12391000", "incomeBeforeTax": "41982000", "incomeTaxExpense": "17254000", "interestAndDebtExpense": "None", "netIncomeFromContinuingOperations": "24728000", "comprehensiveIncomeNetOfTax": "None", "ebit": "41709000", "ebitda": "54100000", "netIncome": "22773000"}, {"fiscalDateEnding": "2010-03-31", "reportedCurrency": "USD", "grossProfit": "165118000", "totalRevenue": "1068721000", "costOfRevenue": "903603000", "costofGoodsAndServicesSold": "903603000", "operatingIncome": "29611000", "sellingGeneralAndAdministrative": "135507000", "researchAndDevelopment": "0", "operatingExpenses": "135507000", "investmentIncomeNet": "None", "netInterestIncome": "None", "interestIncome": "None", "interestExpense": "3813000", "nonInterestIncome": "None", "otherNonOperatingIncome": "None", "depreciation": "None", "depreciationAndAmortization": "12527000", "incomeBeforeTax": "32855000", "incomeTaxExpense": "12525000", "interestAndDebtExpense": "None", "netIncomeFromContinuingOperations": "0", "comprehensiveIncomeNetOfTax": "None", "ebit": "29611000", "ebitda": "42138000", "netIncome": "24002000"}, {"fiscalDateEnding": "2009-12-31", "reportedCurrency": "USD", "grossProfit": "212886000", "totalRevenue": "1092726000", "costOfRevenue": "879840000", "costofGoodsAndServicesSold": "879840000", "operatingIncome": "37778000", "sellingGeneralAndAdministrative": "514529000", "researchAndDevelopment": "0", "operatingExpenses": "175108000", "investmentIncomeNet": "None", "netInterestIncome": "None", "interestIncome": "None", "interestExpense": "4108000", "nonInterestIncome": "None", "otherNonOperatingIncome": "None", "depreciation": "None", "depreciationAndAmortization": "13204000", "incomeBeforeTax": "37580000", "incomeTaxExpense": "13781000", "interestAndDebtExpense": "None", "netIncomeFromContinuingOperations": "0", "comprehensiveIncomeNetOfTax": "None", "ebit": "37778000", "ebitda": "50982000", "netIncome": "23715000"}, {"fiscalDateEnding": "2009-09-30", "reportedCurrency": "USD", "grossProfit": "219329000", "totalRevenue": "1038234000", "costOfRevenue": "818905000", "costofGoodsAndServicesSold": "818905000", "operatingIncome": "38010000", "sellingGeneralAndAdministrative": "130024000", "researchAndDevelopment": "0", "operatingExpenses": "181319000", "investmentIncomeNet": "None", "netInterestIncome": "None", "interestIncome": "None", "interestExpense": "4064000", "nonInterestIncome": "None", "otherNonOperatingIncome": "None", "depreciation": "None", "depreciationAndAmortization": "9908000", "incomeBeforeTax": "37696000", "incomeTaxExpense": "12426000", "interestAndDebtExpense": "None", "netIncomeFromContinuingOperations": "0", "comprehensiveIncomeNetOfTax": "None", "ebit": "38010000", "ebitda": "47918000", "netIncome": "21268000"}, {"fiscalDateEnding": "2009-06-30", "reportedCurrency": "USD", "grossProfit": "160656000", "totalRevenue": "1039469000", "costOfRevenue": "878813000", "costofGoodsAndServicesSold": "878813000", "operatingIncome": "31435000", "sellingGeneralAndAdministrative": "129221000000", "researchAndDevelopment": "0", "operatingExpenses": "129221000", "investmentIncomeNet": "None", "netInterestIncome": "None", "interestIncome": "None", "interestExpense": "4160000", "nonInterestIncome": "None", "otherNonOperatingIncome": "None", "depreciation": "None", "depreciationAndAmortization": "10659000", "incomeBeforeTax": "31693000", "incomeTaxExpense": "11789000", "interestAndDebtExpense": "None", "netIncomeFromContinuingOperations": "0", "comprehensiveIncomeNetOfTax": "None", "ebit": "31435000", "ebitda": "42094000", "netIncome": "20230000"}, {"fiscalDateEnding": "2009-03-31", "reportedCurrency": "USD", "grossProfit": "153191000", "totalRevenue": "932435000", "costOfRevenue": "779244000", "costofGoodsAndServicesSold": "779244000", "operatingIncome": "30912000", "sellingGeneralAndAdministrative": "122279000000", "researchAndDevelopment": "0", "operatingExpenses": "122279000", "investmentIncomeNet": "None", "netInterestIncome": "None", "interestIncome": "None", "interestExpense": "3986000", "nonInterestIncome": "None", "otherNonOperatingIncome": "None", "depreciation": "None", "depreciationAndAmortization": "10233000", "incomeBeforeTax": "30539000", "incomeTaxExpense": "10845000", "interestAndDebtExpense": "None", "netIncomeFromContinuingOperations": "0", "comprehensiveIncomeNetOfTax": "None", "ebit": "30912000", "ebitda": "41145000", "netIncome": "18458000"}, {"fiscalDateEnding": "2008-12-31", "reportedCurrency": "USD", "grossProfit": "234703000", "totalRevenue": "790672000", "costOfRevenue": "555969000", "costofGoodsAndServicesSold": "555969000", "operatingIncome": "34113000", "sellingGeneralAndAdministrative": "444733000", "researchAndDevelopment": "0", "operatingExpenses": "200590000", "investmentIncomeNet": "None", "netInterestIncome": "None", "interestIncome": "None", "interestExpense": "4237000", "nonInterestIncome": "None", "otherNonOperatingIncome": "None", "depreciation": "None", "depreciationAndAmortization": "9396000", "incomeBeforeTax": "36070000", "incomeTaxExpense": "13726000", "interestAndDebtExpense": "None", "netIncomeFromContinuingOperations": "0", "comprehensiveIncomeNetOfTax": "None", "ebit": "34113000", "ebitda": "43509000", "netIncome": "21423000"}, {"fiscalDateEnding": "2008-09-30", "reportedCurrency": "USD", "grossProfit": "179552000", "totalRevenue": "897137000", "costOfRevenue": "717585000", "costofGoodsAndServicesSold": "717585000", "operatingIncome": "32868000", "sellingGeneralAndAdministrative": "122627000", "researchAndDevelopment": "0", "operatingExpenses": "146684000", "investmentIncomeNet": "None", "netInterestIncome": "None", "interestIncome": "None", "interestExpense": "4377000", "nonInterestIncome": "None", "otherNonOperatingIncome": "None", "depreciation": "None", "depreciationAndAmortization": "9789000", "incomeBeforeTax": "30656000", "incomeTaxExpense": "12395000", "interestAndDebtExpense": "None", "netIncomeFromContinuingOperations": "0", "comprehensiveIncomeNetOfTax": "None", "ebit": "23079000", "ebitda": "32868000", "netIncome": "18248000"}, {"fiscalDateEnding": "2008-06-30", "reportedCurrency": "USD", "grossProfit": "163041000", "totalRevenue": "860067000", "costOfRevenue": "697026000", "costofGoodsAndServicesSold": "697026000", "operatingIncome": "27650000", "sellingGeneralAndAdministrative": "113199000", "researchAndDevelopment": "0", "operatingExpenses": "135391000", "investmentIncomeNet": "None", "netInterestIncome": "None", "interestIncome": "None", "interestExpense": "4065000", "nonInterestIncome": "None", "otherNonOperatingIncome": "None", "depreciation": "None", "depreciationAndAmortization": "8431000", "incomeBeforeTax": "29185000", "incomeTaxExpense": "11146000", "interestAndDebtExpense": "None", "netIncomeFromContinuingOperations": "0", "comprehensiveIncomeNetOfTax": "None", "ebit": "27650000", "ebitda": "36081000", "netIncome": "18203000"}, {"fiscalDateEnding": "2008-03-31", "reportedCurrency": "USD", "grossProfit": "158844000", "totalRevenue": "816639000", "costOfRevenue": "657795000", "costofGoodsAndServicesSold": "657795000", "operatingIncome": "36930000", "sellingGeneralAndAdministrative": "99283000", "researchAndDevelopment": "0", "operatingExpenses": "121914000", "investmentIncomeNet": "None", "netInterestIncome": "None", "interestIncome": "None", "interestExpense": "3994000", "nonInterestIncome": "None", "otherNonOperatingIncome": "None", "depreciation": "None", "depreciationAndAmortization": "7798000", "incomeBeforeTax": "40705000", "incomeTaxExpense": "15168000", "interestAndDebtExpense": "None", "netIncomeFromContinuingOperations": "0", "comprehensiveIncomeNetOfTax": "None", "ebit": "36930000", "ebitda": "44728000", "netIncome": "25623000"}, {"fiscalDateEnding": "2007-12-31", "reportedCurrency": "USD", "grossProfit": "133148000", "totalRevenue": "770770000", "costOfRevenue": "637622000", "costofGoodsAndServicesSold": "637622000", "operatingIncome": "-2982000", "sellingGeneralAndAdministrative": "399687000", "researchAndDevelopment": "0", "operatingExpenses": "136130000", "investmentIncomeNet": "None", "netInterestIncome": "None", "interestIncome": "None", "interestExpense": "4110000", "nonInterestIncome": "None", "otherNonOperatingIncome": "None", "depreciation": "None", "depreciationAndAmortization": "7426000", "incomeBeforeTax": "1276000", "incomeTaxExpense": "31936000", "interestAndDebtExpense": "None", "netIncomeFromContinuingOperations": "0", "comprehensiveIncomeNetOfTax": "None", "ebit": "-2982000", "ebitda": "4444000", "netIncome": "1473000"}, {"fiscalDateEnding": "2007-09-30", "reportedCurrency": "USD", "grossProfit": "144199000", "totalRevenue": "749949000", "costOfRevenue": "605750000", "costofGoodsAndServicesSold": "605750000", "operatingIncome": "23060000", "sellingGeneralAndAdministrative": "121139000", "researchAndDevelopment": "0", "operatingExpenses": "121139000", "investmentIncomeNet": "None", "netInterestIncome": "None", "interestIncome": "None", "interestExpense": "4171000", "nonInterestIncome": "None", "otherNonOperatingIncome": "None", "depreciation": "None", "depreciationAndAmortization": "7390000", "incomeBeforeTax": "25241000", "incomeTaxExpense": "9305000", "interestAndDebtExpense": "None", "netIncomeFromContinuingOperations": "0", "comprehensiveIncomeNetOfTax": "None", "ebit": "23060000", "ebitda": "30450000", "netIncome": "15936000"}, {"fiscalDateEnding": "2007-06-30", "reportedCurrency": "USD", "grossProfit": "136206000", "totalRevenue": "727738000", "costOfRevenue": "591532000", "costofGoodsAndServicesSold": "591532000", "operatingIncome": "16864000", "sellingGeneralAndAdministrative": "122596000", "researchAndDevelopment": "0", "operatingExpenses": "119342000", "investmentIncomeNet": "None", "netInterestIncome": "None", "interestIncome": "None", "interestExpense": "4213000", "nonInterestIncome": "None", "otherNonOperatingIncome": "None", "depreciation": "None", "depreciationAndAmortization": "6717000", "incomeBeforeTax": "18599000", "incomeTaxExpense": "817000", "interestAndDebtExpense": "None", "netIncomeFromContinuingOperations": "0", "comprehensiveIncomeNetOfTax": "None", "ebit": "16864000", "ebitda": "23581000", "netIncome": "17782000"}, {"fiscalDateEnding": "2007-03-31", "reportedCurrency": "USD", "grossProfit": "119799000", "totalRevenue": "670835000", "costOfRevenue": "551036000", "costofGoodsAndServicesSold": "551036000", "operatingIncome": "17151000", "sellingGeneralAndAdministrative": "106866000", "researchAndDevelopment": "0", "operatingExpenses": "102648000", "investmentIncomeNet": "None", "netInterestIncome": "None", "interestIncome": "None", "interestExpense": "3132000", "nonInterestIncome": "None", "otherNonOperatingIncome": "None", "depreciation": "None", "depreciationAndAmortization": "6274000", "incomeBeforeTax": "18520000", "incomeTaxExpense": "-19691000", "interestAndDebtExpense": "None", "netIncomeFromContinuingOperations": "0", "comprehensiveIncomeNetOfTax": "None", "ebit": "17151000", "ebitda": "23425000", "netIncome": "38211000"}, {"fiscalDateEnding": "2006-12-31", "reportedCurrency": "USD", "grossProfit": "-1137868000", "totalRevenue": "697400000", "costOfRevenue": "1835268000", "costofGoodsAndServicesSold": "1835268000", "operatingIncome": "18746000", "sellingGeneralAndAdministrative": "187071000", "researchAndDevelopment": "0", "operatingExpenses": "-1069523000", "investmentIncomeNet": "None", "netInterestIncome": "None", "interestIncome": "None", "interestExpense": "10636000", "nonInterestIncome": "None", "otherNonOperatingIncome": "None", "depreciation": "None", "depreciationAndAmortization": "5314000", "incomeBeforeTax": "21482000", "incomeTaxExpense": "7649000", "interestAndDebtExpense": "None", "netIncomeFromContinuingOperations": "0", "comprehensiveIncomeNetOfTax": "None", "ebit": "-143380000", "ebitda": "-138066000", "netIncome": "13833000"}, {"fiscalDateEnding": "2006-09-30", "reportedCurrency": "USD", "grossProfit": "615876000", "totalRevenue": "631249000", "costOfRevenue": "15373000", "costofGoodsAndServicesSold": "15373000", "operatingIncome": "-66556000", "sellingGeneralAndAdministrative": "93991000", "researchAndDevelopment": "0", "operatingExpenses": "595341000", "investmentIncomeNet": "None", "netInterestIncome": "None", "interestIncome": "None", "interestExpense": "3082000", "nonInterestIncome": "None", "otherNonOperatingIncome": "None", "depreciation": "None", "depreciationAndAmortization": "5745000", "incomeBeforeTax": "-65013000", "incomeTaxExpense": "6180000", "interestAndDebtExpense": "None", "netIncomeFromContinuingOperations": "0", "comprehensiveIncomeNetOfTax": "None", "ebit": "103001000", "ebitda": "108746000", "netIncome": "-71193000"}, {"fiscalDateEnding": "2006-06-30", "reportedCurrency": "USD", "grossProfit": "480976000", "totalRevenue": "495293000", "costOfRevenue": "14317000", "costofGoodsAndServicesSold": "14317000", "operatingIncome": "6306000", "sellingGeneralAndAdministrative": "74441000", "researchAndDevelopment": "0", "operatingExpenses": "474670000", "investmentIncomeNet": "None", "netInterestIncome": "None", "interestIncome": "None", "interestExpense": "2456000", "nonInterestIncome": "None", "otherNonOperatingIncome": "None", "depreciation": "None", "depreciationAndAmortization": "5021000", "incomeBeforeTax": "7741000", "incomeTaxExpense": "2776000", "interestAndDebtExpense": "None", "netIncomeFromContinuingOperations": "0", "comprehensiveIncomeNetOfTax": "None", "ebit": "2415000", "ebitda": "7436000", "netIncome": "4965000"}, {"fiscalDateEnding": "2006-03-31", "reportedCurrency": "USD", "grossProfit": "439490000", "totalRevenue": "455078000", "costOfRevenue": "15588000", "costofGoodsAndServicesSold": "15588000", "operatingIncome": "12596000", "sellingGeneralAndAdministrative": "65222000", "researchAndDevelopment": "0", "operatingExpenses": "426894000", "investmentIncomeNet": "None", "netInterestIncome": "None", "interestIncome": "None", "interestExpense": "1998000", "nonInterestIncome": "None", "otherNonOperatingIncome": "None", "depreciation": "None", "depreciationAndAmortization": "4520000", "incomeBeforeTax": "14138000", "incomeTaxExpense": "5372000", "interestAndDebtExpense": "None", "netIncomeFromContinuingOperations": "0", "comprehensiveIncomeNetOfTax": "None", "ebit": "9056000", "ebitda": "13576000", "netIncome": "8766000"}, {"fiscalDateEnding": "2005-12-31", "reportedCurrency": "USD", "grossProfit": "-805969000", "totalRevenue": "423218000", "costOfRevenue": "1229187000", "costofGoodsAndServicesSold": "1229187000", "operatingIncome": "20413000", "sellingGeneralAndAdministrative": "54639000", "researchAndDevelopment": "0", "operatingExpenses": "-826382000", "investmentIncomeNet": "None", "netInterestIncome": "None", "interestIncome": "None", "interestExpense": "3990000", "nonInterestIncome": "None", "otherNonOperatingIncome": "None", "depreciation": "None", "depreciationAndAmortization": "3411000", "incomeBeforeTax": "22003000", "incomeTaxExpense": "8137000", "interestAndDebtExpense": "None", "netIncomeFromContinuingOperations": "0", "comprehensiveIncomeNetOfTax": "None", "ebit": "27874000", "ebitda": "31285000", "netIncome": "13866000"}, {"fiscalDateEnding": "2005-09-30", "reportedCurrency": "USD", "grossProfit": "398640000", "totalRevenue": "400642000", "costOfRevenue": "2002000", "costofGoodsAndServicesSold": "2002000", "operatingIncome": "15140000", "sellingGeneralAndAdministrative": "52450000", "researchAndDevelopment": "0", "operatingExpenses": "383500000", "investmentIncomeNet": "None", "netInterestIncome": "None", "interestIncome": "None", "interestExpense": "1190000000", "nonInterestIncome": "None", "otherNonOperatingIncome": "None", "depreciation": "None", "depreciationAndAmortization": "3757000", "incomeBeforeTax": "16768000", "incomeTaxExpense": "4662000", "interestAndDebtExpense": "None", "netIncomeFromContinuingOperations": "0", "comprehensiveIncomeNetOfTax": "None", "ebit": "12322000", "ebitda": "16079000", "netIncome": "12106000"}, {"fiscalDateEnding": "2005-06-30", "reportedCurrency": "USD", "grossProfit": "348900000", "totalRevenue": "349628000", "costOfRevenue": "728000", "costofGoodsAndServicesSold": "728000", "operatingIncome": "22320000", "sellingGeneralAndAdministrative": "44365000", "researchAndDevelopment": "0", "operatingExpenses": "326580000", "investmentIncomeNet": "None", "netInterestIncome": "None", "interestIncome": "None", "interestExpense": "634000000", "nonInterestIncome": "None", "otherNonOperatingIncome": "None", "depreciation": "None", "depreciationAndAmortization": "3119000", "incomeBeforeTax": "24209000", "incomeTaxExpense": "8960000", "interestAndDebtExpense": "None", "netIncomeFromContinuingOperations": "0", "comprehensiveIncomeNetOfTax": "None", "ebit": "19797000", "ebitda": "22916000", "netIncome": "15249000"}, {"fiscalDateEnding": "2005-03-31", "reportedCurrency": "USD", "grossProfit": "331533000", "totalRevenue": "332376000", "costOfRevenue": "843000", "costofGoodsAndServicesSold": "843000", "operatingIncome": "21318000", "sellingGeneralAndAdministrative": "42459000", "researchAndDevelopment": "0", "operatingExpenses": "310215000", "investmentIncomeNet": "None", "netInterestIncome": "None", "interestIncome": "None", "interestExpense": "562000000", "nonInterestIncome": "None", "otherNonOperatingIncome": "None", "depreciation": "None", "depreciationAndAmortization": "2782000", "incomeBeforeTax": "22876000", "incomeTaxExpense": "8465000", "interestAndDebtExpense": "None", "netIncomeFromContinuingOperations": "0", "comprehensiveIncomeNetOfTax": "None", "ebit": "19198000", "ebitda": "21980000", "netIncome": "14411000"}, {"fiscalDateEnding": "2004-12-31", "reportedCurrency": "USD", "grossProfit": "-514328000", "totalRevenue": "288064000", "costOfRevenue": "802392000", "costofGoodsAndServicesSold": "802392000", "operatingIncome": "17444000", "sellingGeneralAndAdministrative": "38948000", "researchAndDevelopment": "0", "operatingExpenses": "-531772000", "investmentIncomeNet": "None", "netInterestIncome": "None", "interestIncome": "None", "interestExpense": "680000", "nonInterestIncome": "None", "otherNonOperatingIncome": "None", "depreciation": "None", "depreciationAndAmortization": "2795000", "incomeBeforeTax": "18983000", "incomeTaxExpense": "6973000", "interestAndDebtExpense": "None", "netIncomeFromContinuingOperations": "0", "comprehensiveIncomeNetOfTax": "None", "ebit": "21973000", "ebitda": "24768000", "netIncome": "12010000"}]}