{"symbol": "ZTS", "annualReports": [{"fiscalDateEnding": "2024-12-31", "reportedCurrency": "USD", "grossProfit": "6537000000", "totalRevenue": "9256000000", "costOfRevenue": "2719000000", "costofGoodsAndServicesSold": "2719000000", "operatingIncome": "3392000000", "sellingGeneralAndAdministrative": "2318000000", "researchAndDevelopment": "686000000", "operatingExpenses": "3145000000", "investmentIncomeNet": "None", "netInterestIncome": "-119000000", "interestIncome": "106000000", "interestExpense": "225000000", "nonInterestIncome": "None", "otherNonOperatingIncome": "None", "depreciation": "None", "depreciationAndAmortization": "497000000", "incomeBeforeTax": "3133000000", "incomeTaxExpense": "637000000", "interestAndDebtExpense": "None", "netIncomeFromContinuingOperations": "2496000000", "comprehensiveIncomeNetOfTax": "None", "ebit": "3358000000", "ebitda": "3855000000", "netIncome": "2486000000"}, {"fiscalDateEnding": "2023-12-31", "reportedCurrency": "USD", "grossProfit": "5834000000", "totalRevenue": "8544000000", "costOfRevenue": "2710000000", "costofGoodsAndServicesSold": "2710000000", "operatingIncome": "3069000000", "sellingGeneralAndAdministrative": "1870000000", "researchAndDevelopment": "614000000", "operatingExpenses": "2765000000", "investmentIncomeNet": "None", "netInterestIncome": "-134000000", "interestIncome": "105000000", "interestExpense": "239000000", "nonInterestIncome": "None", "otherNonOperatingIncome": "None", "depreciation": "None", "depreciationAndAmortization": "491000000", "incomeBeforeTax": "2936000000", "incomeTaxExpense": "596000000", "interestAndDebtExpense": "None", "netIncomeFromContinuingOperations": "2340000000", "comprehensiveIncomeNetOfTax": "None", "ebit": "3194000000", "ebitda": "3685000000", "netIncome": "2344000000"}, {"fiscalDateEnding": "2022-12-31", "reportedCurrency": "USD", "grossProfit": "5626000000", "totalRevenue": "8080000000", "costOfRevenue": "2454000000", "costofGoodsAndServicesSold": "2454000000", "operatingIncome": "2888000000", "sellingGeneralAndAdministrative": "1722000000", "researchAndDevelopment": "539000000", "operatingExpenses": "2698000000", "investmentIncomeNet": "None", "netInterestIncome": "-171000000", "interestIncome": "50000000", "interestExpense": "221000000", "nonInterestIncome": "None", "otherNonOperatingIncome": "-40000000", "depreciation": "None", "depreciationAndAmortization": "465000000", "incomeBeforeTax": "2656000000", "incomeTaxExpense": "545000000", "interestAndDebtExpense": "None", "netIncomeFromContinuingOperations": "2111000000", "comprehensiveIncomeNetOfTax": "None", "ebit": "2893000000", "ebitda": "3358000000", "netIncome": "2114000000"}, {"fiscalDateEnding": "2021-12-31", "reportedCurrency": "USD", "grossProfit": "5473000000", "totalRevenue": "7776000000", "costOfRevenue": "2303000000", "costofGoodsAndServicesSold": "2303000000", "operatingIncome": "2755000000", "sellingGeneralAndAdministrative": "1709000000", "researchAndDevelopment": "508000000", "operatingExpenses": "2670000000", "investmentIncomeNet": "None", "netInterestIncome": "-224000000", "interestIncome": "6000000", "interestExpense": "224000000", "nonInterestIncome": "None", "otherNonOperatingIncome": "-48000000", "depreciation": "None", "depreciationAndAmortization": "448000000", "incomeBeforeTax": "2488000000", "incomeTaxExpense": "454000000", "interestAndDebtExpense": "None", "netIncomeFromContinuingOperations": "2034000000", "comprehensiveIncomeNetOfTax": "None", "ebit": "2724000000", "ebitda": "3172000000", "netIncome": "2037000000"}, {"fiscalDateEnding": "2020-12-31", "reportedCurrency": "USD", "grossProfit": "4618000000", "totalRevenue": "6675000000", "costOfRevenue": "2057000000", "costofGoodsAndServicesSold": "2057000000", "operatingIncome": "2288000000", "sellingGeneralAndAdministrative": "1493000000", "researchAndDevelopment": "463000000", "operatingExpenses": "2349000000", "investmentIncomeNet": "None", "netInterestIncome": "-219000000", "interestIncome": "12000000", "interestExpense": "231000000", "nonInterestIncome": "None", "otherNonOperatingIncome": "-17000000", "depreciation": "None", "depreciationAndAmortization": "441000000", "incomeBeforeTax": "1996000000", "incomeTaxExpense": "360000000", "interestAndDebtExpense": "None", "netIncomeFromContinuingOperations": "1636000000", "comprehensiveIncomeNetOfTax": "None", "ebit": "2245000000", "ebitda": "2686000000", "netIncome": "1638000000"}, {"fiscalDateEnding": "2019-12-31", "reportedCurrency": "USD", "grossProfit": "4268000000", "totalRevenue": "6260000000", "costOfRevenue": "1992000000", "costofGoodsAndServicesSold": "1992000000", "operatingIncome": "2075000000", "sellingGeneralAndAdministrative": "1471000000", "researchAndDevelopment": "457000000", "operatingExpenses": "2250000000", "investmentIncomeNet": "None", "netInterestIncome": "-186000000", "interestIncome": "37000000", "interestExpense": "223000000", "nonInterestIncome": "None", "otherNonOperatingIncome": "57000000", "depreciation": "None", "depreciationAndAmortization": "412000000", "incomeBeforeTax": "1801000000", "incomeTaxExpense": "301000000", "interestAndDebtExpense": "None", "netIncomeFromContinuingOperations": "1500000000", "comprehensiveIncomeNetOfTax": "None", "ebit": "2043000000", "ebitda": "2455000000", "netIncome": "1500000000"}, {"fiscalDateEnding": "2018-12-31", "reportedCurrency": "USD", "grossProfit": "3914000000", "totalRevenue": "5825000000", "costOfRevenue": "1911000000", "costofGoodsAndServicesSold": "1911000000", "operatingIncome": "1881000000", "sellingGeneralAndAdministrative": "1484000000", "researchAndDevelopment": "432000000", "operatingExpenses": "2033000000", "investmentIncomeNet": "None", "netInterestIncome": "-175000000", "interestIncome": "31000000", "interestExpense": "206000000", "nonInterestIncome": "None", "otherNonOperatingIncome": "83000000", "depreciation": "None", "depreciationAndAmortization": "308000000", "incomeBeforeTax": "1690000000", "incomeTaxExpense": "266000000", "interestAndDebtExpense": "None", "netIncomeFromContinuingOperations": "1424000000", "comprehensiveIncomeNetOfTax": "None", "ebit": "1902000000", "ebitda": "2210000000", "netIncome": "1428000000"}, {"fiscalDateEnding": "2017-12-31", "reportedCurrency": "USD", "grossProfit": "3532000000", "totalRevenue": "5307000000", "costOfRevenue": "1775000000", "costofGoodsAndServicesSold": "1775000000", "operatingIncome": "1725000000", "sellingGeneralAndAdministrative": "1334000000", "researchAndDevelopment": "382000000", "operatingExpenses": "1807000000", "investmentIncomeNet": "None", "netInterestIncome": "-175000000", "interestIncome": "None", "interestExpense": "175000000", "nonInterestIncome": "None", "otherNonOperatingIncome": "-6000000", "depreciation": "None", "depreciationAndAmortization": "242000000", "incomeBeforeTax": "1525000000", "incomeTaxExpense": "663000000", "interestAndDebtExpense": "None", "netIncomeFromContinuingOperations": "862000000", "comprehensiveIncomeNetOfTax": "None", "ebit": "1700000000", "ebitda": "1942000000", "netIncome": "864000000"}, {"fiscalDateEnding": "2016-12-31", "reportedCurrency": "USD", "grossProfit": "3222000000", "totalRevenue": "4888000000", "costOfRevenue": "1666000000", "costofGoodsAndServicesSold": "1666000000", "operatingIncome": "1397000000", "sellingGeneralAndAdministrative": "1364000000", "researchAndDevelopment": "376000000", "operatingExpenses": "1825000000", "investmentIncomeNet": "None", "netInterestIncome": "-166000000", "interestIncome": "None", "interestExpense": "166000000", "nonInterestIncome": "None", "otherNonOperatingIncome": "2000000", "depreciation": "None", "depreciationAndAmortization": "240000000", "incomeBeforeTax": "1228000000", "incomeTaxExpense": "409000000", "interestAndDebtExpense": "None", "netIncomeFromContinuingOperations": "819000000", "comprehensiveIncomeNetOfTax": "None", "ebit": "1394000000", "ebitda": "1634000000", "netIncome": "821000000"}, {"fiscalDateEnding": "2015-12-31", "reportedCurrency": "USD", "grossProfit": "3027000000", "totalRevenue": "4765000000", "costOfRevenue": "1738000000", "costofGoodsAndServicesSold": "1738000000", "operatingIncome": "1070000000", "sellingGeneralAndAdministrative": "1532000000", "researchAndDevelopment": "364000000", "operatingExpenses": "1957000000", "investmentIncomeNet": "None", "netInterestIncome": "None", "interestIncome": "None", "interestExpense": "124000000", "nonInterestIncome": "None", "otherNonOperatingIncome": "-81000000", "depreciation": "None", "depreciationAndAmortization": "61000000", "incomeBeforeTax": "545000000", "incomeTaxExpense": "206000000", "interestAndDebtExpense": "None", "netIncomeFromContinuingOperations": "339000000", "comprehensiveIncomeNetOfTax": "None", "ebit": "807000000", "ebitda": "868000000", "netIncome": "339000000"}, {"fiscalDateEnding": "2014-12-31", "reportedCurrency": "USD", "grossProfit": "3068000000", "totalRevenue": "4785000000", "costOfRevenue": "1717000000", "costofGoodsAndServicesSold": "1717000000", "operatingIncome": "969000000", "sellingGeneralAndAdministrative": "1643000000", "researchAndDevelopment": "396000000", "operatingExpenses": "2099000000", "investmentIncomeNet": "None", "netInterestIncome": "None", "interestIncome": "None", "interestExpense": "117000000", "nonInterestIncome": "None", "otherNonOperatingIncome": "-7000000", "depreciation": "None", "depreciationAndAmortization": "60000000", "incomeBeforeTax": "820000000", "incomeTaxExpense": "233000000", "interestAndDebtExpense": "None", "netIncomeFromContinuingOperations": "587000000", "comprehensiveIncomeNetOfTax": "None", "ebit": "1081000000", "ebitda": "1141000000", "netIncome": "583000000"}, {"fiscalDateEnding": "2013-12-31", "reportedCurrency": "USD", "grossProfit": "2892000000", "totalRevenue": "4561000000", "costOfRevenue": "1669000000", "costofGoodsAndServicesSold": "1669000000", "operatingIncome": "820000000", "sellingGeneralAndAdministrative": "1613000000", "researchAndDevelopment": "399000000", "operatingExpenses": "2072000000", "investmentIncomeNet": "None", "netInterestIncome": "None", "interestIncome": "None", "interestExpense": "113000000", "nonInterestIncome": "None", "otherNonOperatingIncome": "9000000", "depreciation": "None", "depreciationAndAmortization": "60000000", "incomeBeforeTax": "690000000", "incomeTaxExpense": "187000000", "interestAndDebtExpense": "None", "netIncomeFromContinuingOperations": "503000000", "comprehensiveIncomeNetOfTax": "None", "ebit": "950000000", "ebitda": "1010000000", "netIncome": "504000000"}, {"fiscalDateEnding": "2012-12-31", "reportedCurrency": "USD", "grossProfit": "2773000000", "totalRevenue": "4336000000", "costOfRevenue": "1563000000", "costofGoodsAndServicesSold": "1563000000", "operatingIncome": "830000000", "sellingGeneralAndAdministrative": "1329000000", "researchAndDevelopment": "409000000", "operatingExpenses": "1943000000", "investmentIncomeNet": "None", "netInterestIncome": "None", "interestIncome": "None", "interestExpense": "31000000", "nonInterestIncome": "None", "otherNonOperatingIncome": "None", "depreciation": "None", "depreciationAndAmortization": "200000000", "incomeBeforeTax": "710000000", "incomeTaxExpense": "274000000", "interestAndDebtExpense": "None", "netIncomeFromContinuingOperations": "None", "comprehensiveIncomeNetOfTax": "None", "ebit": "741000000", "ebitda": "941000000", "netIncome": "436000000"}, {"fiscalDateEnding": "2011-12-31", "reportedCurrency": "USD", "grossProfit": "2581000000", "totalRevenue": "4233000000", "costOfRevenue": "1652000000", "costofGoodsAndServicesSold": "1652000000", "operatingIncome": "632000000", "sellingGeneralAndAdministrative": "1877000000", "researchAndDevelopment": "427000000", "operatingExpenses": "1949000000", "investmentIncomeNet": "None", "netInterestIncome": "None", "interestIncome": "None", "interestExpense": "36000000", "nonInterestIncome": "None", "otherNonOperatingIncome": "None", "depreciation": "None", "depreciationAndAmortization": "205000000", "incomeBeforeTax": "394000000", "incomeTaxExpense": "146000000", "interestAndDebtExpense": "None", "netIncomeFromContinuingOperations": "None", "comprehensiveIncomeNetOfTax": "None", "ebit": "430000000", "ebitda": "635000000", "netIncome": "245000000"}, {"fiscalDateEnding": "2010-12-31", "reportedCurrency": "USD", "grossProfit": "2138000000", "totalRevenue": "3582000000", "costOfRevenue": "1444000000", "costofGoodsAndServicesSold": "1444000000", "operatingIncome": "287000000", "sellingGeneralAndAdministrative": "1793000000", "researchAndDevelopment": "411000000", "operatingExpenses": "1851000000", "investmentIncomeNet": "None", "netInterestIncome": "None", "interestIncome": "None", "interestExpense": "37000000", "nonInterestIncome": "None", "otherNonOperatingIncome": "None", "depreciation": "None", "depreciationAndAmortization": "185000000", "incomeBeforeTax": "178000000", "incomeTaxExpense": "67000000", "interestAndDebtExpense": "None", "netIncomeFromContinuingOperations": "None", "comprehensiveIncomeNetOfTax": "None", "ebit": "215000000", "ebitda": "400000000", "netIncome": "110000000"}, {"fiscalDateEnding": "2009-12-31", "reportedCurrency": "USD", "grossProfit": "1682000000", "totalRevenue": "2760000000", "costOfRevenue": "1078000000", "costofGoodsAndServicesSold": "1078000000", "operatingIncome": "215000000", "sellingGeneralAndAdministrative": "None", "researchAndDevelopment": "368000000", "operatingExpenses": "1467000000", "investmentIncomeNet": "None", "netInterestIncome": "None", "interestIncome": "None", "interestExpense": "26000000", "nonInterestIncome": "None", "otherNonOperatingIncome": "None", "depreciation": "None", "depreciationAndAmortization": "124000000", "incomeBeforeTax": "-148000000", "incomeTaxExpense": "-47000000", "interestAndDebtExpense": "None", "netIncomeFromContinuingOperations": "None", "comprehensiveIncomeNetOfTax": "None", "ebit": "-122000000", "ebitda": "2000000", "netIncome": "-100000000"}], "quarterlyReports": [{"fiscalDateEnding": "2024-12-31", "reportedCurrency": "USD", "grossProfit": "1610000000", "totalRevenue": "2317000000", "costOfRevenue": "707000000", "costofGoodsAndServicesSold": "707000000", "operatingIncome": "765000000", "sellingGeneralAndAdministrative": "625000000", "researchAndDevelopment": "186000000", "operatingExpenses": "845000000", "investmentIncomeNet": "None", "netInterestIncome": "-24000000", "interestIncome": "27000000", "interestExpense": "51000000", "nonInterestIncome": "None", "otherNonOperatingIncome": "None", "depreciation": "None", "depreciationAndAmortization": "123000000", "incomeBeforeTax": "732000000", "incomeTaxExpense": "151000000", "interestAndDebtExpense": "None", "netIncomeFromContinuingOperations": "581000000", "comprehensiveIncomeNetOfTax": "None", "ebit": "783000000", "ebitda": "906000000", "netIncome": "581000000"}, {"fiscalDateEnding": "2024-09-30", "reportedCurrency": "USD", "grossProfit": "1687000000", "totalRevenue": "2388000000", "costOfRevenue": "701000000", "costofGoodsAndServicesSold": "701000000", "operatingIncome": "920000000", "sellingGeneralAndAdministrative": "565000000", "researchAndDevelopment": "167000000", "operatingExpenses": "732000000", "investmentIncomeNet": "None", "netInterestIncome": "-34000000", "interestIncome": "23000000", "interestExpense": "57000000", "nonInterestIncome": "None", "otherNonOperatingIncome": "None", "depreciation": "None", "depreciationAndAmortization": "121000000", "incomeBeforeTax": "874000000", "incomeTaxExpense": "182000000", "interestAndDebtExpense": "None", "netIncomeFromContinuingOperations": "692000000", "comprehensiveIncomeNetOfTax": "None", "ebit": "935000000", "ebitda": "1056000000", "netIncome": "682000000"}, {"fiscalDateEnding": "2024-06-30", "reportedCurrency": "USD", "grossProfit": "1658000000", "totalRevenue": "2361000000", "costOfRevenue": "703000000", "costofGoodsAndServicesSold": "703000000", "operatingIncome": "906000000", "sellingGeneralAndAdministrative": "581000000", "researchAndDevelopment": "171000000", "operatingExpenses": "752000000", "investmentIncomeNet": "None", "netInterestIncome": "-35000000", "interestIncome": "24000000", "interestExpense": "59000000", "nonInterestIncome": "None", "otherNonOperatingIncome": "None", "depreciation": "None", "depreciationAndAmortization": "127000000", "incomeBeforeTax": "780000000", "incomeTaxExpense": "156000000", "interestAndDebtExpense": "None", "netIncomeFromContinuingOperations": "624000000", "comprehensiveIncomeNetOfTax": "None", "ebit": "906000000", "ebitda": "1033000000", "netIncome": "624000000"}, {"fiscalDateEnding": "2024-03-31", "reportedCurrency": "USD", "grossProfit": "1510000000", "totalRevenue": "2190000000", "costOfRevenue": "680000000", "costofGoodsAndServicesSold": "680000000", "operatingIncome": "801000000", "sellingGeneralAndAdministrative": "547000000", "researchAndDevelopment": "162000000", "operatingExpenses": "709000000", "investmentIncomeNet": "None", "netInterestIncome": "-26000000", "interestIncome": "32000000", "interestExpense": "58000000", "nonInterestIncome": "None", "otherNonOperatingIncome": "None", "depreciation": "None", "depreciationAndAmortization": "126000000", "incomeBeforeTax": "747000000", "incomeTaxExpense": "148000000", "interestAndDebtExpense": "None", "netIncomeFromContinuingOperations": "599000000", "comprehensiveIncomeNetOfTax": "None", "ebit": "801000000", "ebitda": "927000000", "netIncome": "599000000"}, {"fiscalDateEnding": "2023-12-31", "reportedCurrency": "USD", "grossProfit": "1448000000", "totalRevenue": "2213000000", "costOfRevenue": "765000000", "costofGoodsAndServicesSold": "765000000", "operatingIncome": "709000000", "sellingGeneralAndAdministrative": "284000000", "researchAndDevelopment": "174000000", "operatingExpenses": "739000000", "investmentIncomeNet": "None", "netInterestIncome": "-33000000", "interestIncome": "26000000", "interestExpense": "67000000", "nonInterestIncome": "None", "otherNonOperatingIncome": "None", "depreciation": "None", "depreciationAndAmortization": "126000000", "incomeBeforeTax": "650000000", "incomeTaxExpense": "127000000", "interestAndDebtExpense": "None", "netIncomeFromContinuingOperations": "523000000", "comprehensiveIncomeNetOfTax": "None", "ebit": "709000000", "ebitda": "835000000", "netIncome": "525000000"}, {"fiscalDateEnding": "2023-09-30", "reportedCurrency": "USD", "grossProfit": "1513000000", "totalRevenue": "2151000000", "costOfRevenue": "638000000", "costofGoodsAndServicesSold": "638000000", "operatingIncome": "836000000", "sellingGeneralAndAdministrative": "525000000", "researchAndDevelopment": "152000000", "operatingExpenses": "715000000", "investmentIncomeNet": "None", "netInterestIncome": "-59000000", "interestIncome": "23000000", "interestExpense": "59000000", "nonInterestIncome": "None", "otherNonOperatingIncome": "None", "depreciation": "None", "depreciationAndAmortization": "124000000", "incomeBeforeTax": "717000000", "incomeTaxExpense": "121000000", "interestAndDebtExpense": "None", "netIncomeFromContinuingOperations": "596000000", "comprehensiveIncomeNetOfTax": "None", "ebit": "776000000", "ebitda": "900000000", "netIncome": "596000000"}, {"fiscalDateEnding": "2023-06-30", "reportedCurrency": "USD", "grossProfit": "1573000000", "totalRevenue": "2180000000", "costOfRevenue": "607000000", "costofGoodsAndServicesSold": "607000000", "operatingIncome": "871000000", "sellingGeneralAndAdministrative": "556000000", "researchAndDevelopment": "146000000", "operatingExpenses": "739000000", "investmentIncomeNet": "None", "netInterestIncome": "-58000000", "interestIncome": "23000000", "interestExpense": "58000000", "nonInterestIncome": "None", "otherNonOperatingIncome": "104000000", "depreciation": "None", "depreciationAndAmortization": "121000000", "incomeBeforeTax": "872000000", "incomeTaxExpense": "202000000", "interestAndDebtExpense": "None", "netIncomeFromContinuingOperations": "670000000", "comprehensiveIncomeNetOfTax": "None", "ebit": "935000000", "ebitda": "1056000000", "netIncome": "671000000"}, {"fiscalDateEnding": "2023-03-31", "reportedCurrency": "USD", "grossProfit": "1412000000", "totalRevenue": "2000000000", "costOfRevenue": "588000000", "costofGoodsAndServicesSold": "588000000", "operatingIncome": "781000000", "sellingGeneralAndAdministrative": "505000000", "researchAndDevelopment": "142000000", "operatingExpenses": "684000000", "investmentIncomeNet": "None", "netInterestIncome": "-63000000", "interestIncome": "33000000", "interestExpense": "63000000", "nonInterestIncome": "None", "otherNonOperatingIncome": "53000000", "depreciation": "None", "depreciationAndAmortization": "120000000", "incomeBeforeTax": "697000000", "incomeTaxExpense": "146000000", "interestAndDebtExpense": "None", "netIncomeFromContinuingOperations": "551000000", "comprehensiveIncomeNetOfTax": "None", "ebit": "728000000", "ebitda": "848000000", "netIncome": "552000000"}, {"fiscalDateEnding": "2022-12-31", "reportedCurrency": "USD", "grossProfit": "1387000000", "totalRevenue": "2040000000", "costOfRevenue": "653000000", "costofGoodsAndServicesSold": "653000000", "operatingIncome": "690000000", "sellingGeneralAndAdministrative": "227000000", "researchAndDevelopment": "148000000", "operatingExpenses": "1387000000", "investmentIncomeNet": "None", "netInterestIncome": "-32000000", "interestIncome": "30000000", "interestExpense": "62000000", "nonInterestIncome": "None", "otherNonOperatingIncome": "-34000000", "depreciation": "None", "depreciationAndAmortization": "119000000", "incomeBeforeTax": "592000000", "incomeTaxExpense": "132000000", "interestAndDebtExpense": "None", "netIncomeFromContinuingOperations": "460000000", "comprehensiveIncomeNetOfTax": "None", "ebit": "654000000", "ebitda": "773000000", "netIncome": "461000000"}, {"fiscalDateEnding": "2022-09-30", "reportedCurrency": "USD", "grossProfit": "1395000000", "totalRevenue": "2002000000", "costOfRevenue": "607000000", "costofGoodsAndServicesSold": "607000000", "operatingIncome": "738000000", "sellingGeneralAndAdministrative": "501000000", "researchAndDevelopment": "134000000", "operatingExpenses": "672000000", "investmentIncomeNet": "None", "netInterestIncome": "-40000000", "interestIncome": "13000000", "interestExpense": "53000000", "nonInterestIncome": "None", "otherNonOperatingIncome": "3000000", "depreciation": "None", "depreciationAndAmortization": "115000000", "incomeBeforeTax": "667000000", "incomeTaxExpense": "139000000", "interestAndDebtExpense": "None", "netIncomeFromContinuingOperations": "528000000", "comprehensiveIncomeNetOfTax": "None", "ebit": "723000000", "ebitda": "838000000", "netIncome": "529000000"}, {"fiscalDateEnding": "2022-06-30", "reportedCurrency": "USD", "grossProfit": "1427000000", "totalRevenue": "2052000000", "costOfRevenue": "625000000", "costofGoodsAndServicesSold": "625000000", "operatingIncome": "726000000", "sellingGeneralAndAdministrative": "529000000", "researchAndDevelopment": "135000000", "operatingExpenses": "701000000", "investmentIncomeNet": "None", "netInterestIncome": "-53000000", "interestIncome": "5000000", "interestExpense": "53000000", "nonInterestIncome": "None", "otherNonOperatingIncome": "-2000000", "depreciation": "None", "depreciationAndAmortization": "117000000", "incomeBeforeTax": "670000000", "incomeTaxExpense": "141000000", "interestAndDebtExpense": "None", "netIncomeFromContinuingOperations": "529000000", "comprehensiveIncomeNetOfTax": "None", "ebit": "726000000", "ebitda": "843000000", "netIncome": "529000000"}, {"fiscalDateEnding": "2022-03-31", "reportedCurrency": "USD", "grossProfit": "1417000000", "totalRevenue": "1986000000", "costOfRevenue": "569000000", "costofGoodsAndServicesSold": "569000000", "operatingIncome": "793000000", "sellingGeneralAndAdministrative": "465000000", "researchAndDevelopment": "122000000", "operatingExpenses": "628000000", "investmentIncomeNet": "None", "netInterestIncome": "-51000000", "interestIncome": "2000000", "interestExpense": "53000000", "nonInterestIncome": "None", "otherNonOperatingIncome": "-7000000", "depreciation": "None", "depreciationAndAmortization": "114000000", "incomeBeforeTax": "727000000", "incomeTaxExpense": "133000000", "interestAndDebtExpense": "None", "netIncomeFromContinuingOperations": "594000000", "comprehensiveIncomeNetOfTax": "None", "ebit": "789000000", "ebitda": "903000000", "netIncome": "595000000"}, {"fiscalDateEnding": "2021-12-31", "reportedCurrency": "USD", "grossProfit": "1367000000", "totalRevenue": "1967000000", "costOfRevenue": "600000000", "costofGoodsAndServicesSold": "600000000", "operatingIncome": "561000000", "sellingGeneralAndAdministrative": "301000000", "researchAndDevelopment": "138000000", "operatingExpenses": "771000000", "investmentIncomeNet": "None", "netInterestIncome": "-54000000", "interestIncome": "2000000", "interestExpense": "54000000", "nonInterestIncome": "None", "otherNonOperatingIncome": "-32000000", "depreciation": "None", "depreciationAndAmortization": "117000000", "incomeBeforeTax": "506000000", "incomeTaxExpense": "93000000", "interestAndDebtExpense": "None", "netIncomeFromContinuingOperations": "413000000", "comprehensiveIncomeNetOfTax": "None", "ebit": "563000000", "ebitda": "680000000", "netIncome": "414000000"}, {"fiscalDateEnding": "2021-09-30", "reportedCurrency": "USD", "grossProfit": "1404000000", "totalRevenue": "1990000000", "costOfRevenue": "586000000", "costofGoodsAndServicesSold": "586000000", "operatingIncome": "728000000", "sellingGeneralAndAdministrative": "504000000", "researchAndDevelopment": "132000000", "operatingExpenses": "676000000", "investmentIncomeNet": "None", "netInterestIncome": "-55000000", "interestIncome": "1000000", "interestExpense": "56000000", "nonInterestIncome": "None", "otherNonOperatingIncome": "-4000000", "depreciation": "None", "depreciationAndAmortization": "110000000", "incomeBeforeTax": "659000000", "incomeTaxExpense": "107000000", "interestAndDebtExpense": "None", "netIncomeFromContinuingOperations": "552000000", "comprehensiveIncomeNetOfTax": "None", "ebit": "729000000", "ebitda": "839000000", "netIncome": "552000000"}, {"fiscalDateEnding": "2021-06-30", "reportedCurrency": "USD", "grossProfit": "1380000000", "totalRevenue": "1948000000", "costOfRevenue": "568000000", "costofGoodsAndServicesSold": "568000000", "operatingIncome": "724000000", "sellingGeneralAndAdministrative": "495000000", "researchAndDevelopment": "120000000", "operatingExpenses": "656000000", "investmentIncomeNet": "None", "netInterestIncome": "-55000000", "interestIncome": "2000000", "interestExpense": "57000000", "nonInterestIncome": "None", "otherNonOperatingIncome": "-10000000", "depreciation": "None", "depreciationAndAmortization": "112000000", "incomeBeforeTax": "636000000", "incomeTaxExpense": "125000000", "interestAndDebtExpense": "None", "netIncomeFromContinuingOperations": "511000000", "comprehensiveIncomeNetOfTax": "None", "ebit": "724000000", "ebitda": "836000000", "netIncome": "512000000"}, {"fiscalDateEnding": "2021-03-31", "reportedCurrency": "USD", "grossProfit": "1322000000", "totalRevenue": "1871000000", "costOfRevenue": "549000000", "costofGoodsAndServicesSold": "549000000", "operatingIncome": "755000000", "sellingGeneralAndAdministrative": "409000000", "researchAndDevelopment": "118000000", "operatingExpenses": "567000000", "investmentIncomeNet": "None", "netInterestIncome": "-56000000", "interestIncome": "1000000", "interestExpense": "57000000", "nonInterestIncome": "None", "otherNonOperatingIncome": "-2000000", "depreciation": "None", "depreciationAndAmortization": "109000000", "incomeBeforeTax": "687000000", "incomeTaxExpense": "129000000", "interestAndDebtExpense": "None", "netIncomeFromContinuingOperations": "558000000", "comprehensiveIncomeNetOfTax": "None", "ebit": "755000000", "ebitda": "864000000", "netIncome": "559000000"}, {"fiscalDateEnding": "2020-12-31", "reportedCurrency": "USD", "grossProfit": "1206000000", "totalRevenue": "1807000000", "costOfRevenue": "601000000", "costofGoodsAndServicesSold": "601000000", "operatingIncome": "513000000", "sellingGeneralAndAdministrative": "520000000", "researchAndDevelopment": "133000000", "operatingExpenses": "693000000", "investmentIncomeNet": "None", "netInterestIncome": "-55000000", "interestIncome": "3000000", "interestExpense": "58000000", "nonInterestIncome": "None", "otherNonOperatingIncome": "-32000000", "depreciation": "None", "depreciationAndAmortization": "109000000", "incomeBeforeTax": "420000000", "incomeTaxExpense": "62000000", "interestAndDebtExpense": "None", "netIncomeFromContinuingOperations": "358000000", "comprehensiveIncomeNetOfTax": "None", "ebit": "482000000", "ebitda": "591000000", "netIncome": "359000000"}, {"fiscalDateEnding": "2020-09-30", "reportedCurrency": "USD", "grossProfit": "1240000000", "totalRevenue": "1786000000", "costOfRevenue": "546000000", "costofGoodsAndServicesSold": "546000000", "operatingIncome": "664000000", "sellingGeneralAndAdministrative": "424000000", "researchAndDevelopment": "112000000", "operatingExpenses": "576000000", "investmentIncomeNet": "None", "netInterestIncome": "-61000000", "interestIncome": "1000000", "interestExpense": "62000000", "nonInterestIncome": "None", "otherNonOperatingIncome": "None", "depreciation": "None", "depreciationAndAmortization": "111000000", "incomeBeforeTax": "597000000", "incomeTaxExpense": "118000000", "interestAndDebtExpense": "None", "netIncomeFromContinuingOperations": "479000000", "comprehensiveIncomeNetOfTax": "None", "ebit": "670000000", "ebitda": "781000000", "netIncome": "479000000"}, {"fiscalDateEnding": "2020-06-30", "reportedCurrency": "USD", "grossProfit": "1097000000", "totalRevenue": "1548000000", "costOfRevenue": "451000000", "costofGoodsAndServicesSold": "451000000", "operatingIncome": "553000000", "sellingGeneralAndAdministrative": "393000000", "researchAndDevelopment": "111000000", "operatingExpenses": "544000000", "investmentIncomeNet": "None", "netInterestIncome": "-56000000", "interestIncome": "2000000", "interestExpense": "58000000", "nonInterestIncome": "None", "otherNonOperatingIncome": "-5000000", "depreciation": "None", "depreciationAndAmortization": "111000000", "incomeBeforeTax": "482000000", "incomeTaxExpense": "106000000", "interestAndDebtExpense": "None", "netIncomeFromContinuingOperations": "376000000", "comprehensiveIncomeNetOfTax": "None", "ebit": "558000000", "ebitda": "669000000", "netIncome": "377000000"}, {"fiscalDateEnding": "2020-03-31", "reportedCurrency": "USD", "grossProfit": "1075000000", "totalRevenue": "1534000000", "costOfRevenue": "459000000", "costofGoodsAndServicesSold": "459000000", "operatingIncome": "539000000", "sellingGeneralAndAdministrative": "389000000", "researchAndDevelopment": "107000000", "operatingExpenses": "536000000", "investmentIncomeNet": "None", "netInterestIncome": "-47000000", "interestIncome": "6000000", "interestExpense": "53000000", "nonInterestIncome": "None", "otherNonOperatingIncome": "20000000", "depreciation": "None", "depreciationAndAmortization": "110000000", "incomeBeforeTax": "497000000", "incomeTaxExpense": "74000000", "interestAndDebtExpense": "None", "netIncomeFromContinuingOperations": "423000000", "comprehensiveIncomeNetOfTax": "None", "ebit": "542000000", "ebitda": "652000000", "netIncome": "423000000"}, {"fiscalDateEnding": "2019-12-31", "reportedCurrency": "USD", "grossProfit": "1144000000", "totalRevenue": "1674000000", "costOfRevenue": "530000000", "costofGoodsAndServicesSold": "530000000", "operatingIncome": "500000000", "sellingGeneralAndAdministrative": "305000000", "researchAndDevelopment": "132000000", "operatingExpenses": "644000000", "investmentIncomeNet": "None", "netInterestIncome": "-48000000", "interestIncome": "8000000", "interestExpense": "56000000", "nonInterestIncome": "None", "otherNonOperatingIncome": "11000000", "depreciation": "None", "depreciationAndAmortization": "109000000", "incomeBeforeTax": "437000000", "incomeTaxExpense": "53000000", "interestAndDebtExpense": "None", "netIncomeFromContinuingOperations": "384000000", "comprehensiveIncomeNetOfTax": "None", "ebit": "499000000", "ebitda": "608000000", "netIncome": "384000000"}, {"fiscalDateEnding": "2019-09-30", "reportedCurrency": "USD", "grossProfit": "1105000000", "totalRevenue": "1584000000", "costOfRevenue": "479000000", "costofGoodsAndServicesSold": "479000000", "operatingIncome": "564000000", "sellingGeneralAndAdministrative": "391000000", "researchAndDevelopment": "112000000", "operatingExpenses": "541000000", "investmentIncomeNet": "None", "netInterestIncome": "-46000000", "interestIncome": "10000000", "interestExpense": "56000000", "nonInterestIncome": "None", "otherNonOperatingIncome": "26000000", "depreciation": "None", "depreciationAndAmortization": "107000000", "incomeBeforeTax": "528000000", "incomeTaxExpense": "95000000", "interestAndDebtExpense": "None", "netIncomeFromContinuingOperations": "433000000", "comprehensiveIncomeNetOfTax": "None", "ebit": "567000000", "ebitda": "674000000", "netIncome": "433000000"}, {"fiscalDateEnding": "2019-06-30", "reportedCurrency": "USD", "grossProfit": "1082000000", "totalRevenue": "1547000000", "costOfRevenue": "465000000", "costofGoodsAndServicesSold": "465000000", "operatingIncome": "526000000", "sellingGeneralAndAdministrative": "406000000", "researchAndDevelopment": "111000000", "operatingExpenses": "556000000", "investmentIncomeNet": "None", "netInterestIncome": "-46000000", "interestIncome": "9000000", "interestExpense": "55000000", "nonInterestIncome": "None", "otherNonOperatingIncome": "6000000", "depreciation": "None", "depreciationAndAmortization": "98000000", "incomeBeforeTax": "455000000", "incomeTaxExpense": "84000000", "interestAndDebtExpense": "None", "netIncomeFromContinuingOperations": "371000000", "comprehensiveIncomeNetOfTax": "None", "ebit": "529000000", "ebitda": "627000000", "netIncome": "371000000"}, {"fiscalDateEnding": "2019-03-31", "reportedCurrency": "USD", "grossProfit": "937000000", "totalRevenue": "1455000000", "costOfRevenue": "518000000", "costofGoodsAndServicesSold": "518000000", "operatingIncome": "428000000", "sellingGeneralAndAdministrative": "369000000", "researchAndDevelopment": "102000000", "operatingExpenses": "509000000", "investmentIncomeNet": "None", "netInterestIncome": "-46000000", "interestIncome": "10000000", "interestExpense": "56000000", "nonInterestIncome": "None", "otherNonOperatingIncome": "14000000", "depreciation": "None", "depreciationAndAmortization": "98000000", "incomeBeforeTax": "381000000", "incomeTaxExpense": "69000000", "interestAndDebtExpense": "None", "netIncomeFromContinuingOperations": "312000000", "comprehensiveIncomeNetOfTax": "None", "ebit": "498000000", "ebitda": "596000000", "netIncome": "312000000"}, {"fiscalDateEnding": "2018-12-31", "reportedCurrency": "USD", "grossProfit": "1020000000", "totalRevenue": "1564000000", "costOfRevenue": "544000000", "costofGoodsAndServicesSold": "544000000", "operatingIncome": "436000000", "sellingGeneralAndAdministrative": "262000000", "researchAndDevelopment": "125000000", "operatingExpenses": "584000000", "investmentIncomeNet": "None", "netInterestIncome": "None", "interestIncome": "None", "interestExpense": "59000000", "nonInterestIncome": "None", "otherNonOperatingIncome": "55000000", "depreciation": "None", "depreciationAndAmortization": "39000000", "incomeBeforeTax": "418000000", "incomeTaxExpense": "73000000", "interestAndDebtExpense": "None", "netIncomeFromContinuingOperations": "345000000", "comprehensiveIncomeNetOfTax": "None", "ebit": "231000000", "ebitda": "270000000", "netIncome": "345000000"}, {"fiscalDateEnding": "2018-09-30", "reportedCurrency": "USD", "grossProfit": "1007000000", "totalRevenue": "1480000000", "costOfRevenue": "473000000", "costofGoodsAndServicesSold": "473000000", "operatingIncome": "500000000", "sellingGeneralAndAdministrative": "367000000", "researchAndDevelopment": "108000000", "operatingExpenses": "507000000", "investmentIncomeNet": "None", "netInterestIncome": "None", "interestIncome": "None", "interestExpense": "54000000", "nonInterestIncome": "None", "otherNonOperatingIncome": "19000000", "depreciation": "None", "depreciationAndAmortization": "84000000", "incomeBeforeTax": "418000000", "incomeTaxExpense": "71000000", "interestAndDebtExpense": "None", "netIncomeFromContinuingOperations": "347000000", "comprehensiveIncomeNetOfTax": "None", "ebit": "501000000", "ebitda": "585000000", "netIncome": "347000000"}, {"fiscalDateEnding": "2018-06-30", "reportedCurrency": "USD", "grossProfit": "968000000", "totalRevenue": "1415000000", "costOfRevenue": "447000000", "costofGoodsAndServicesSold": "447000000", "operatingIncome": "484000000", "sellingGeneralAndAdministrative": "359000000", "researchAndDevelopment": "102000000", "operatingExpenses": "484000000", "investmentIncomeNet": "None", "netInterestIncome": "None", "interestIncome": "None", "interestExpense": "46000000", "nonInterestIncome": "None", "otherNonOperatingIncome": "4000000", "depreciation": "None", "depreciationAndAmortization": "63000000", "incomeBeforeTax": "437000000", "incomeTaxExpense": "55000000", "interestAndDebtExpense": "None", "netIncomeFromContinuingOperations": "382000000", "comprehensiveIncomeNetOfTax": "None", "ebit": "486000000", "ebitda": "549000000", "netIncome": "384000000"}, {"fiscalDateEnding": "2018-03-31", "reportedCurrency": "USD", "grossProfit": "919000000", "totalRevenue": "1366000000", "costOfRevenue": "447000000", "costofGoodsAndServicesSold": "447000000", "operatingIncome": "461000000", "sellingGeneralAndAdministrative": "338000000", "researchAndDevelopment": "97000000", "operatingExpenses": "458000000", "investmentIncomeNet": "None", "netInterestIncome": "None", "interestIncome": "None", "interestExpense": "47000000", "nonInterestIncome": "None", "otherNonOperatingIncome": "5000000", "depreciation": "None", "depreciationAndAmortization": "23000000", "incomeBeforeTax": "417000000", "incomeTaxExpense": "67000000", "interestAndDebtExpense": "None", "netIncomeFromContinuingOperations": "350000000", "comprehensiveIncomeNetOfTax": "None", "ebit": "500000000", "ebitda": "523000000", "netIncome": "352000000"}, {"fiscalDateEnding": "2017-12-31", "reportedCurrency": "USD", "grossProfit": "1003000000", "totalRevenue": "1460000000", "costOfRevenue": "457000000", "costofGoodsAndServicesSold": "457000000", "operatingIncome": "509000000", "sellingGeneralAndAdministrative": "207000000", "researchAndDevelopment": "110000000", "operatingExpenses": "494000000", "investmentIncomeNet": "None", "netInterestIncome": "None", "interestIncome": "None", "interestExpense": "50000000", "nonInterestIncome": "None", "otherNonOperatingIncome": "-17000000", "depreciation": "None", "depreciationAndAmortization": "23000000", "incomeBeforeTax": "430000000", "incomeTaxExpense": "350000000", "interestAndDebtExpense": "None", "netIncomeFromContinuingOperations": "80000000", "comprehensiveIncomeNetOfTax": "None", "ebit": "550000000", "ebitda": "573000000", "netIncome": "81000000"}, {"fiscalDateEnding": "2017-09-30", "reportedCurrency": "USD", "grossProfit": "912000000", "totalRevenue": "1347000000", "costOfRevenue": "435000000", "costofGoodsAndServicesSold": "435000000", "operatingIncome": "422000000", "sellingGeneralAndAdministrative": "328000000", "researchAndDevelopment": "96000000", "operatingExpenses": "447000000", "investmentIncomeNet": "None", "netInterestIncome": "None", "interestIncome": "None", "interestExpense": "43000000", "nonInterestIncome": "None", "otherNonOperatingIncome": "-1000000", "depreciation": "None", "depreciationAndAmortization": "58000000", "incomeBeforeTax": "413000000", "incomeTaxExpense": "117000000", "interestAndDebtExpense": "None", "netIncomeFromContinuingOperations": "296000000", "comprehensiveIncomeNetOfTax": "None", "ebit": "466000000", "ebitda": "524000000", "netIncome": "298000000"}, {"fiscalDateEnding": "2017-06-30", "reportedCurrency": "USD", "grossProfit": "829000000", "totalRevenue": "1269000000", "costOfRevenue": "440000000", "costofGoodsAndServicesSold": "440000000", "operatingIncome": "384000000", "sellingGeneralAndAdministrative": "336000000", "researchAndDevelopment": "86000000", "operatingExpenses": "445000000", "investmentIncomeNet": "None", "netInterestIncome": "None", "interestIncome": "None", "interestExpense": "41000000", "nonInterestIncome": "None", "otherNonOperatingIncome": "2000000", "depreciation": "None", "depreciationAndAmortization": "59000000", "incomeBeforeTax": "345000000", "incomeTaxExpense": "98000000", "interestAndDebtExpense": "None", "netIncomeFromContinuingOperations": "247000000", "comprehensiveIncomeNetOfTax": "None", "ebit": "386000000", "ebitda": "445000000", "netIncome": "247000000"}, {"fiscalDateEnding": "2017-03-31", "reportedCurrency": "USD", "grossProfit": "788000000", "totalRevenue": "1231000000", "costOfRevenue": "443000000", "costofGoodsAndServicesSold": "443000000", "operatingIncome": "367000000", "sellingGeneralAndAdministrative": "309000000", "researchAndDevelopment": "90000000", "operatingExpenses": "421000000", "investmentIncomeNet": "None", "netInterestIncome": "None", "interestIncome": "None", "interestExpense": "41000000", "nonInterestIncome": "None", "otherNonOperatingIncome": "10000000", "depreciation": "None", "depreciationAndAmortization": "62000000", "incomeBeforeTax": "337000000", "incomeTaxExpense": "98000000", "interestAndDebtExpense": "None", "netIncomeFromContinuingOperations": "239000000", "comprehensiveIncomeNetOfTax": "None", "ebit": "379000000", "ebitda": "441000000", "netIncome": "238000000"}, {"fiscalDateEnding": "2016-12-31", "reportedCurrency": "USD", "grossProfit": "809000000", "totalRevenue": "1277000000", "costOfRevenue": "468000000", "costofGoodsAndServicesSold": "468000000", "operatingIncome": "319000000", "sellingGeneralAndAdministrative": "242000000", "researchAndDevelopment": "108000000", "operatingExpenses": "490000000", "investmentIncomeNet": "None", "netInterestIncome": "None", "interestIncome": "None", "interestExpense": "41000000", "nonInterestIncome": "None", "otherNonOperatingIncome": "-27000000", "depreciation": "None", "depreciationAndAmortization": "21000000", "incomeBeforeTax": "231000000", "incomeTaxExpense": "77000000", "interestAndDebtExpense": "None", "netIncomeFromContinuingOperations": "154000000", "comprehensiveIncomeNetOfTax": "None", "ebit": "187000000", "ebitda": "208000000", "netIncome": "154000000"}, {"fiscalDateEnding": "2016-09-30", "reportedCurrency": "USD", "grossProfit": "831000000", "totalRevenue": "1241000000", "costOfRevenue": "410000000", "costofGoodsAndServicesSold": "410000000", "operatingIncome": "375000000", "sellingGeneralAndAdministrative": "345000000", "researchAndDevelopment": "90000000", "operatingExpenses": "456000000", "investmentIncomeNet": "None", "netInterestIncome": "None", "interestIncome": "None", "interestExpense": "41000000", "nonInterestIncome": "None", "otherNonOperatingIncome": "3000000", "depreciation": "None", "depreciationAndAmortization": "21000000", "incomeBeforeTax": "333000000", "incomeTaxExpense": "96000000", "interestAndDebtExpense": "None", "netIncomeFromContinuingOperations": "237000000", "comprehensiveIncomeNetOfTax": "None", "ebit": "378000000", "ebitda": "399000000", "netIncome": "239000000"}, {"fiscalDateEnding": "2016-06-30", "reportedCurrency": "USD", "grossProfit": "809000000", "totalRevenue": "1208000000", "costOfRevenue": "399000000", "costofGoodsAndServicesSold": "399000000", "operatingIncome": "356000000", "sellingGeneralAndAdministrative": "343000000", "researchAndDevelopment": "88000000", "operatingExpenses": "453000000", "investmentIncomeNet": "None", "netInterestIncome": "None", "interestIncome": "None", "interestExpense": "41000000", "nonInterestIncome": "None", "otherNonOperatingIncome": "-4000000", "depreciation": "None", "depreciationAndAmortization": "22000000", "incomeBeforeTax": "332000000", "incomeTaxExpense": "108000000", "interestAndDebtExpense": "None", "netIncomeFromContinuingOperations": "224000000", "comprehensiveIncomeNetOfTax": "None", "ebit": "352000000", "ebitda": "374000000", "netIncome": "224000000"}, {"fiscalDateEnding": "2016-03-31", "reportedCurrency": "USD", "grossProfit": "773000000", "totalRevenue": "1162000000", "costOfRevenue": "389000000", "costofGoodsAndServicesSold": "389000000", "operatingIncome": "347000000", "sellingGeneralAndAdministrative": "315000000", "researchAndDevelopment": "90000000", "operatingExpenses": "426000000", "investmentIncomeNet": "None", "netInterestIncome": "None", "interestIncome": "None", "interestExpense": "43000000", "nonInterestIncome": "None", "otherNonOperatingIncome": "30000000", "depreciation": "None", "depreciationAndAmortization": "21000000", "incomeBeforeTax": "332000000", "incomeTaxExpense": "128000000", "interestAndDebtExpense": "None", "netIncomeFromContinuingOperations": "204000000", "comprehensiveIncomeNetOfTax": "None", "ebit": "377000000", "ebitda": "398000000", "netIncome": "204000000"}, {"fiscalDateEnding": "2015-12-31", "reportedCurrency": "USD", "grossProfit": "778000000", "totalRevenue": "1274000000", "costOfRevenue": "496000000", "costofGoodsAndServicesSold": "496000000", "operatingIncome": "228000000", "sellingGeneralAndAdministrative": "319000000", "researchAndDevelopment": "109000000", "operatingExpenses": "550000000", "investmentIncomeNet": "None", "netInterestIncome": "None", "interestIncome": "None", "interestExpense": "38000000", "nonInterestIncome": "None", "otherNonOperatingIncome": "-81000000", "depreciation": "None", "depreciationAndAmortization": "16000000", "incomeBeforeTax": "69000000", "incomeTaxExpense": "49000000", "interestAndDebtExpense": "None", "netIncomeFromContinuingOperations": "20000000", "comprehensiveIncomeNetOfTax": "None", "ebit": "146000000", "ebitda": "162000000", "netIncome": "22000000"}, {"fiscalDateEnding": "2015-09-30", "reportedCurrency": "USD", "grossProfit": "793000000", "totalRevenue": "1214000000", "costOfRevenue": "421000000", "costofGoodsAndServicesSold": "421000000", "operatingIncome": "313000000", "sellingGeneralAndAdministrative": "374000000", "researchAndDevelopment": "91000000", "operatingExpenses": "480000000", "investmentIncomeNet": "None", "netInterestIncome": "None", "interestIncome": "None", "interestExpense": "29000000", "nonInterestIncome": "None", "otherNonOperatingIncome": "2000000", "depreciation": "None", "depreciationAndAmortization": "15000000", "incomeBeforeTax": "273000000", "incomeTaxExpense": "83000000", "interestAndDebtExpense": "None", "netIncomeFromContinuingOperations": "190000000", "comprehensiveIncomeNetOfTax": "None", "ebit": "382000000", "ebitda": "397000000", "netIncome": "189000000"}, {"fiscalDateEnding": "2015-06-30", "reportedCurrency": "USD", "grossProfit": "748000000", "totalRevenue": "1175000000", "costOfRevenue": "427000000", "costofGoodsAndServicesSold": "427000000", "operatingIncome": "270000000", "sellingGeneralAndAdministrative": "379000000", "researchAndDevelopment": "84000000", "operatingExpenses": "478000000", "investmentIncomeNet": "None", "netInterestIncome": "None", "interestIncome": "None", "interestExpense": "29000000", "nonInterestIncome": "None", "otherNonOperatingIncome": "-2000000", "depreciation": "None", "depreciationAndAmortization": "15000000", "incomeBeforeTax": "-27000000", "incomeTaxExpense": "9000000", "interestAndDebtExpense": "None", "netIncomeFromContinuingOperations": "-36000000", "comprehensiveIncomeNetOfTax": "None", "ebit": "359000000", "ebitda": "374000000", "netIncome": "-37000000"}, {"fiscalDateEnding": "2015-03-31", "reportedCurrency": "USD", "grossProfit": "708000000", "totalRevenue": "1102000000", "costOfRevenue": "394000000", "costofGoodsAndServicesSold": "394000000", "operatingIncome": "259000000", "sellingGeneralAndAdministrative": "354000000", "researchAndDevelopment": "80000000", "operatingExpenses": "449000000", "investmentIncomeNet": "None", "netInterestIncome": "None", "interestIncome": "None", "interestExpense": "28000000", "nonInterestIncome": "None", "otherNonOperatingIncome": "None", "depreciation": "None", "depreciationAndAmortization": "15000000", "incomeBeforeTax": "230000000", "incomeTaxExpense": "65000000", "interestAndDebtExpense": "None", "netIncomeFromContinuingOperations": "165000000", "comprehensiveIncomeNetOfTax": "None", "ebit": "259000000", "ebitda": "274000000", "netIncome": "165000000"}, {"fiscalDateEnding": "2014-12-31", "reportedCurrency": "USD", "grossProfit": "829000000", "totalRevenue": "1320000000", "costOfRevenue": "491000000", "costofGoodsAndServicesSold": "491000000", "operatingIncome": "194000000", "sellingGeneralAndAdministrative": "365000000", "researchAndDevelopment": "124000000", "operatingExpenses": "635000000", "investmentIncomeNet": "None", "netInterestIncome": "None", "interestIncome": "None", "interestExpense": "30000000", "nonInterestIncome": "None", "otherNonOperatingIncome": "6000000", "depreciation": "None", "depreciationAndAmortization": "14000000", "incomeBeforeTax": "155000000", "incomeTaxExpense": "29000000", "interestAndDebtExpense": "None", "netIncomeFromContinuingOperations": "126000000", "comprehensiveIncomeNetOfTax": "None", "ebit": "20000000", "ebitda": "34000000", "netIncome": "126000000"}, {"fiscalDateEnding": "2014-09-30", "reportedCurrency": "USD", "grossProfit": "776000000", "totalRevenue": "1210000000", "costOfRevenue": "434000000", "costofGoodsAndServicesSold": "434000000", "operatingIncome": "273000000", "sellingGeneralAndAdministrative": "394000000", "researchAndDevelopment": "93000000", "operatingExpenses": "503000000", "investmentIncomeNet": "None", "netInterestIncome": "None", "interestIncome": "None", "interestExpense": "29000000", "nonInterestIncome": "None", "otherNonOperatingIncome": "-4000000", "depreciation": "None", "depreciationAndAmortization": "16000000", "incomeBeforeTax": "238000000", "incomeTaxExpense": "71000000", "interestAndDebtExpense": "None", "netIncomeFromContinuingOperations": "167000000", "comprehensiveIncomeNetOfTax": "None", "ebit": "339000000", "ebitda": "355000000", "netIncome": "166000000"}, {"fiscalDateEnding": "2014-06-30", "reportedCurrency": "USD", "grossProfit": "745000000", "totalRevenue": "1158000000", "costOfRevenue": "413000000", "costofGoodsAndServicesSold": "413000000", "operatingIncome": "242000000", "sellingGeneralAndAdministrative": "396000000", "researchAndDevelopment": "92000000", "operatingExpenses": "503000000", "investmentIncomeNet": "None", "netInterestIncome": "None", "interestIncome": "None", "interestExpense": "29000000", "nonInterestIncome": "None", "otherNonOperatingIncome": "-8000000", "depreciation": "None", "depreciationAndAmortization": "15000000", "incomeBeforeTax": "200000000", "incomeTaxExpense": "61000000", "interestAndDebtExpense": "None", "netIncomeFromContinuingOperations": "139000000", "comprehensiveIncomeNetOfTax": "None", "ebit": "317000000", "ebitda": "332000000", "netIncome": "136000000"}, {"fiscalDateEnding": "2014-03-31", "reportedCurrency": "USD", "grossProfit": "718000000", "totalRevenue": "1097000000", "costOfRevenue": "379000000", "costofGoodsAndServicesSold": "379000000", "operatingIncome": "260000000", "sellingGeneralAndAdministrative": "356000000", "researchAndDevelopment": "87000000", "operatingExpenses": "458000000", "investmentIncomeNet": "None", "netInterestIncome": "None", "interestIncome": "None", "interestExpense": "29000000", "nonInterestIncome": "None", "otherNonOperatingIncome": "-1000000", "depreciation": "None", "depreciationAndAmortization": "15000000", "incomeBeforeTax": "227000000", "incomeTaxExpense": "72000000", "interestAndDebtExpense": "None", "netIncomeFromContinuingOperations": "155000000", "comprehensiveIncomeNetOfTax": "None", "ebit": "291000000", "ebitda": "306000000", "netIncome": "155000000"}, {"fiscalDateEnding": "2013-12-31", "reportedCurrency": "USD", "grossProfit": "788000000", "totalRevenue": "1254000000", "costOfRevenue": "466000000", "costofGoodsAndServicesSold": "466000000", "operatingIncome": "194000000", "sellingGeneralAndAdministrative": "315000000", "researchAndDevelopment": "121000000", "operatingExpenses": "594000000", "investmentIncomeNet": "None", "netInterestIncome": "None", "interestIncome": "None", "interestExpense": "30000000", "nonInterestIncome": "None", "otherNonOperatingIncome": "3000000", "depreciation": "None", "depreciationAndAmortization": "15000000", "incomeBeforeTax": "126000000", "incomeTaxExpense": "22000000", "interestAndDebtExpense": "None", "netIncomeFromContinuingOperations": "104000000", "comprehensiveIncomeNetOfTax": "None", "ebit": "199000000", "ebitda": "214000000", "netIncome": "105000000"}, {"fiscalDateEnding": "2013-09-30", "reportedCurrency": "USD", "grossProfit": "718000000", "totalRevenue": "1103000000", "costOfRevenue": "385000000", "costofGoodsAndServicesSold": "385000000", "operatingIncome": "211000000", "sellingGeneralAndAdministrative": "399000000", "researchAndDevelopment": "93000000", "operatingExpenses": "507000000", "investmentIncomeNet": "None", "netInterestIncome": "None", "interestIncome": "None", "interestExpense": "29000000", "nonInterestIncome": "None", "otherNonOperatingIncome": "6000000", "depreciation": "None", "depreciationAndAmortization": "15000000", "incomeBeforeTax": "185000000", "incomeTaxExpense": "54000000", "interestAndDebtExpense": "None", "netIncomeFromContinuingOperations": "131000000", "comprehensiveIncomeNetOfTax": "None", "ebit": "288000000", "ebitda": "303000000", "netIncome": "131000000"}, {"fiscalDateEnding": "2013-06-30", "reportedCurrency": "USD", "grossProfit": "698000000", "totalRevenue": "1114000000", "costOfRevenue": "416000000", "costofGoodsAndServicesSold": "416000000", "operatingIncome": "189000000", "sellingGeneralAndAdministrative": "399000000", "researchAndDevelopment": "95000000", "operatingExpenses": "509000000", "investmentIncomeNet": "None", "netInterestIncome": "None", "interestIncome": "None", "interestExpense": "32000000", "nonInterestIncome": "None", "otherNonOperatingIncome": "None", "depreciation": "None", "depreciationAndAmortization": "15000000", "incomeBeforeTax": "187000000", "incomeTaxExpense": "59000000", "interestAndDebtExpense": "None", "netIncomeFromContinuingOperations": "128000000", "comprehensiveIncomeNetOfTax": "None", "ebit": "199000000", "ebitda": "214000000", "netIncome": "128000000"}, {"fiscalDateEnding": "2013-03-31", "reportedCurrency": "USD", "grossProfit": "688000000", "totalRevenue": "1090000000", "costOfRevenue": "402000000", "costofGoodsAndServicesSold": "402000000", "operatingIncome": "226000000", "sellingGeneralAndAdministrative": "357000000", "researchAndDevelopment": "90000000", "operatingExpenses": "462000000", "investmentIncomeNet": "None", "netInterestIncome": "None", "interestIncome": "None", "interestExpense": "22000000", "nonInterestIncome": "None", "otherNonOperatingIncome": "None", "depreciation": "None", "depreciationAndAmortization": "15000000", "incomeBeforeTax": "192000000", "incomeTaxExpense": "52000000", "interestAndDebtExpense": "None", "netIncomeFromContinuingOperations": "140000000", "comprehensiveIncomeNetOfTax": "None", "ebit": "250000000", "ebitda": "265000000", "netIncome": "140000000"}, {"fiscalDateEnding": "2012-12-31", "reportedCurrency": "USD", "grossProfit": "743000000", "totalRevenue": "1176000000", "costOfRevenue": "433000000", "costofGoodsAndServicesSold": "433000000", "operatingIncome": "153000000", "sellingGeneralAndAdministrative": "312000000", "researchAndDevelopment": "121000000", "operatingExpenses": "590000000", "investmentIncomeNet": "None", "netInterestIncome": "None", "interestIncome": "None", "interestExpense": "8000000", "nonInterestIncome": "None", "otherNonOperatingIncome": "None", "depreciation": "None", "depreciationAndAmortization": "44000000", "incomeBeforeTax": "74000000", "incomeTaxExpense": "84000000", "interestAndDebtExpense": "None", "netIncomeFromContinuingOperations": "0", "comprehensiveIncomeNetOfTax": "None", "ebit": "162000000", "ebitda": "206000000", "netIncome": "-10000000"}, {"fiscalDateEnding": "2012-09-30", "reportedCurrency": "USD", "grossProfit": "660000000", "totalRevenue": "1019000000", "costOfRevenue": "359000000", "costofGoodsAndServicesSold": "359000000", "operatingIncome": "215000000", "sellingGeneralAndAdministrative": "427000000", "researchAndDevelopment": "94000000", "operatingExpenses": "445000000", "investmentIncomeNet": "None", "netInterestIncome": "None", "interestIncome": "None", "interestExpense": "7000000", "nonInterestIncome": "None", "otherNonOperatingIncome": "None", "depreciation": "None", "depreciationAndAmortization": "54000000", "incomeBeforeTax": "213000000", "incomeTaxExpense": "52000000", "interestAndDebtExpense": "None", "netIncomeFromContinuingOperations": "0", "comprehensiveIncomeNetOfTax": "None", "ebit": "220000000", "ebitda": "274000000", "netIncome": "162000000"}, {"fiscalDateEnding": "2012-06-30", "reportedCurrency": "USD", "grossProfit": "716000000", "totalRevenue": "1094000000", "costOfRevenue": "378000000", "costofGoodsAndServicesSold": "378000000", "operatingIncome": "264000000", "sellingGeneralAndAdministrative": "435000000", "researchAndDevelopment": "92000000", "operatingExpenses": "452000000", "investmentIncomeNet": "None", "netInterestIncome": "None", "interestIncome": "None", "interestExpense": "8000000", "nonInterestIncome": "None", "otherNonOperatingIncome": "None", "depreciation": "None", "depreciationAndAmortization": "54000000", "incomeBeforeTax": "252000000", "incomeTaxExpense": "79000000", "interestAndDebtExpense": "None", "netIncomeFromContinuingOperations": "0", "comprehensiveIncomeNetOfTax": "None", "ebit": "271000000", "ebitda": "325000000", "netIncome": "173000000"}, {"fiscalDateEnding": "2012-03-31", "reportedCurrency": "USD", "grossProfit": "654000000", "totalRevenue": "1047000000", "costOfRevenue": "393000000", "costofGoodsAndServicesSold": "393000000", "operatingIncome": "198000000", "sellingGeneralAndAdministrative": "439000000", "researchAndDevelopment": "102000000", "operatingExpenses": "456000000", "investmentIncomeNet": "None", "netInterestIncome": "None", "interestIncome": "None", "interestExpense": "8000000", "nonInterestIncome": "None", "otherNonOperatingIncome": "None", "depreciation": "None", "depreciationAndAmortization": "48000000", "incomeBeforeTax": "171000000", "incomeTaxExpense": "59000000", "interestAndDebtExpense": "None", "netIncomeFromContinuingOperations": "0", "comprehensiveIncomeNetOfTax": "None", "ebit": "198000000", "ebitda": "246000000", "netIncome": "111000000"}, {"fiscalDateEnding": "2011-12-31", "reportedCurrency": "USD", "grossProfit": "708000000", "totalRevenue": "1127000000", "costOfRevenue": "419000000", "costofGoodsAndServicesSold": "419000000", "operatingIncome": "144000000", "sellingGeneralAndAdministrative": "1877000000", "researchAndDevelopment": "119000000", "operatingExpenses": "564000000", "investmentIncomeNet": "None", "netInterestIncome": "None", "interestIncome": "None", "interestExpense": "9000000", "nonInterestIncome": "None", "otherNonOperatingIncome": "None", "depreciation": "None", "depreciationAndAmortization": "54000000", "incomeBeforeTax": "30000000", "incomeTaxExpense": "20000000", "interestAndDebtExpense": "None", "netIncomeFromContinuingOperations": "0", "comprehensiveIncomeNetOfTax": "None", "ebit": "145000000", "ebitda": "199000000", "netIncome": "9000000"}, {"fiscalDateEnding": "2011-09-30", "reportedCurrency": "USD", "grossProfit": "651000000", "totalRevenue": "1049000000", "costOfRevenue": "398000000", "costofGoodsAndServicesSold": "398000000", "operatingIncome": "201000000", "sellingGeneralAndAdministrative": "None", "researchAndDevelopment": "102000000", "operatingExpenses": "450000000", "investmentIncomeNet": "None", "netInterestIncome": "None", "interestIncome": "None", "interestExpense": "9000000", "nonInterestIncome": "None", "otherNonOperatingIncome": "None", "depreciation": "None", "depreciationAndAmortization": "52000000", "incomeBeforeTax": "148000000", "incomeTaxExpense": "53000000", "interestAndDebtExpense": "None", "netIncomeFromContinuingOperations": "None", "comprehensiveIncomeNetOfTax": "None", "ebit": "221000000", "ebitda": "273000000", "netIncome": "94000000"}, {"fiscalDateEnding": "2011-06-30", "reportedCurrency": "USD", "grossProfit": "620000000", "totalRevenue": "1074000000", "costOfRevenue": "454000000", "costofGoodsAndServicesSold": "454000000", "operatingIncome": "137000000", "sellingGeneralAndAdministrative": "None", "researchAndDevelopment": "105000000", "operatingExpenses": "483000000", "investmentIncomeNet": "None", "netInterestIncome": "None", "interestIncome": "None", "interestExpense": "9000000", "nonInterestIncome": "None", "otherNonOperatingIncome": "None", "depreciation": "None", "depreciationAndAmortization": "50000000", "incomeBeforeTax": "104000000", "incomeTaxExpense": "38000000", "interestAndDebtExpense": "None", "netIncomeFromContinuingOperations": "None", "comprehensiveIncomeNetOfTax": "None", "ebit": "137000000", "ebitda": "187000000", "netIncome": "66000000"}, {"fiscalDateEnding": "2011-03-31", "reportedCurrency": "USD", "grossProfit": "602000000", "totalRevenue": "983000000", "costOfRevenue": "381000000", "costofGoodsAndServicesSold": "381000000", "operatingIncome": "150000000", "sellingGeneralAndAdministrative": "None", "researchAndDevelopment": "101000000", "operatingExpenses": "452000000", "investmentIncomeNet": "None", "netInterestIncome": "None", "interestIncome": "None", "interestExpense": "9000000", "nonInterestIncome": "None", "otherNonOperatingIncome": "None", "depreciation": "None", "depreciationAndAmortization": "49000000", "incomeBeforeTax": "112000000", "incomeTaxExpense": "35000000", "interestAndDebtExpense": "None", "netIncomeFromContinuingOperations": "None", "comprehensiveIncomeNetOfTax": "None", "ebit": "150000000", "ebitda": "199000000", "netIncome": "76000000"}, {"fiscalDateEnding": "2010-12-31", "reportedCurrency": "USD", "grossProfit": "2295000000", "totalRevenue": "3612000000", "costOfRevenue": "1317000000", "costofGoodsAndServicesSold": "1317000000", "operatingIncome": "334000000", "sellingGeneralAndAdministrative": "1793000000", "researchAndDevelopment": "411000000", "operatingExpenses": "0", "investmentIncomeNet": "None", "netInterestIncome": "None", "interestIncome": "None", "interestExpense": "37000000", "nonInterestIncome": "None", "otherNonOperatingIncome": "None", "depreciation": "None", "depreciationAndAmortization": "None", "incomeBeforeTax": "178000000", "incomeTaxExpense": "67000000", "interestAndDebtExpense": "None", "netIncomeFromContinuingOperations": "0", "comprehensiveIncomeNetOfTax": "None", "ebit": "0", "ebitda": "None", "netIncome": "110000000"}]}