{"symbol": "DAY", "annualReports": [{"fiscalDateEnding": "2024-12-31", "reportedCurrency": "USD", "grossProfit": "812100000", "totalRevenue": "1760000000", "costOfRevenue": "947900000", "costofGoodsAndServicesSold": "947900000", "operatingIncome": "104100000", "sellingGeneralAndAdministrative": "366000000", "researchAndDevelopment": "223800000", "operatingExpenses": "708000000", "investmentIncomeNet": "None", "netInterestIncome": "-40600000", "interestIncome": "None", "interestExpense": "40600000", "nonInterestIncome": "None", "otherNonOperatingIncome": "None", "depreciation": "None", "depreciationAndAmortization": "80400000", "incomeBeforeTax": "37600000", "incomeTaxExpense": "19500000", "interestAndDebtExpense": "None", "netIncomeFromContinuingOperations": "18100000", "comprehensiveIncomeNetOfTax": "None", "ebit": "78200000", "ebitda": "158600000", "netIncome": "18100000"}, {"fiscalDateEnding": "2023-12-31", "reportedCurrency": "USD", "grossProfit": "646500000", "totalRevenue": "1513700000", "costOfRevenue": "867200000", "costofGoodsAndServicesSold": "867200000", "operatingIncome": "133100000", "sellingGeneralAndAdministrative": "263200000", "researchAndDevelopment": "169900000", "operatingExpenses": "513400000", "investmentIncomeNet": "None", "netInterestIncome": "-35900000", "interestIncome": "None", "interestExpense": "36100000", "nonInterestIncome": "None", "otherNonOperatingIncome": "None", "depreciation": "None", "depreciationAndAmortization": "132500000", "incomeBeforeTax": "96000000", "incomeTaxExpense": "41200000", "interestAndDebtExpense": "None", "netIncomeFromContinuingOperations": "4000000", "comprehensiveIncomeNetOfTax": "None", "ebit": "132100000", "ebitda": "264600000", "netIncome": "54800000"}, {"fiscalDateEnding": "2022-12-31", "reportedCurrency": "USD", "grossProfit": "473200000", "totalRevenue": "1246200000", "costOfRevenue": "773000000", "costofGoodsAndServicesSold": "773000000", "operatingIncome": "-34300000", "sellingGeneralAndAdministrative": "247500000", "researchAndDevelopment": "169900000", "operatingExpenses": "499000000", "investmentIncomeNet": "None", "netInterestIncome": "-28600000", "interestIncome": "None", "interestExpense": "28600000", "nonInterestIncome": "None", "otherNonOperatingIncome": "-8500000", "depreciation": "None", "depreciationAndAmortization": "89000000", "incomeBeforeTax": "-62900000", "incomeTaxExpense": "10500000", "interestAndDebtExpense": "None", "netIncomeFromContinuingOperations": "-73400000", "comprehensiveIncomeNetOfTax": "None", "ebit": "-34300000", "ebitda": "54700000", "netIncome": "-73400000"}, {"fiscalDateEnding": "2021-12-31", "reportedCurrency": "USD", "grossProfit": "382300000", "totalRevenue": "1024200000", "costOfRevenue": "641900000", "costofGoodsAndServicesSold": "641900000", "operatingIncome": "-54400000", "sellingGeneralAndAdministrative": "410300000", "researchAndDevelopment": "134000000", "operatingExpenses": "417800000", "investmentIncomeNet": "None", "netInterestIncome": "-35900000", "interestIncome": "None", "interestExpense": "35900000", "nonInterestIncome": "None", "otherNonOperatingIncome": "-18900000", "depreciation": "None", "depreciationAndAmortization": "77500000", "incomeBeforeTax": "-90300000", "incomeTaxExpense": "-14900000", "interestAndDebtExpense": "None", "netIncomeFromContinuingOperations": "-75400000", "comprehensiveIncomeNetOfTax": "None", "ebit": "-54400000", "ebitda": "23100000", "netIncome": "-75400000"}, {"fiscalDateEnding": "2020-12-31", "reportedCurrency": "USD", "grossProfit": "341300000", "totalRevenue": "842500000", "costOfRevenue": "501200000", "costofGoodsAndServicesSold": "501200000", "operatingIncome": "5100000", "sellingGeneralAndAdministrative": "328000000", "researchAndDevelopment": "83700000", "operatingExpenses": "333500000", "investmentIncomeNet": "None", "netInterestIncome": "-25100000", "interestIncome": "None", "interestExpense": "25100000", "nonInterestIncome": "None", "otherNonOperatingIncome": "-2700000", "depreciation": "None", "depreciationAndAmortization": "51800000", "incomeBeforeTax": "-20000000", "incomeTaxExpense": "-16000000", "interestAndDebtExpense": "None", "netIncomeFromContinuingOperations": "-4000000", "comprehensiveIncomeNetOfTax": "None", "ebit": "5100000", "ebitda": "56900000", "netIncome": "-4000000"}, {"fiscalDateEnding": "2019-12-31", "reportedCurrency": "USD", "grossProfit": "368200000", "totalRevenue": "824100000", "costOfRevenue": "455900000", "costofGoodsAndServicesSold": "455900000", "operatingIncome": "72300000", "sellingGeneralAndAdministrative": "295900000", "researchAndDevelopment": "67900000", "operatingExpenses": "295900000", "investmentIncomeNet": "None", "netInterestIncome": "-32400000", "interestIncome": "None", "interestExpense": "32400000", "nonInterestIncome": "None", "otherNonOperatingIncome": "-5600000", "depreciation": "None", "depreciationAndAmortization": "57100000", "incomeBeforeTax": "34300000", "incomeTaxExpense": "-44400000", "interestAndDebtExpense": "None", "netIncomeFromContinuingOperations": "78700000", "comprehensiveIncomeNetOfTax": "None", "ebit": "66700000", "ebitda": "123800000", "netIncome": "78700000"}, {"fiscalDateEnding": "2018-12-31", "reportedCurrency": "USD", "grossProfit": "314900000", "totalRevenue": "740700000", "costOfRevenue": "425800000", "costofGoodsAndServicesSold": "425800000", "operatingIncome": "56100000", "sellingGeneralAndAdministrative": "12000000", "researchAndDevelopment": "59000000", "operatingExpenses": "258800000", "investmentIncomeNet": "None", "netInterestIncome": "-83200000", "interestIncome": "None", "interestExpense": "83200000", "nonInterestIncome": "None", "otherNonOperatingIncome": "None", "depreciation": "None", "depreciationAndAmortization": "56600000", "incomeBeforeTax": "-26900000", "incomeTaxExpense": "8400000", "interestAndDebtExpense": "None", "netIncomeFromContinuingOperations": "-38100000", "comprehensiveIncomeNetOfTax": "None", "ebit": "56300000", "ebitda": "112900000", "netIncome": "-60600000"}, {"fiscalDateEnding": "2017-12-31", "reportedCurrency": "USD", "grossProfit": "293000000", "totalRevenue": "750700000", "costOfRevenue": "457700000", "costofGoodsAndServicesSold": "457700000", "operatingIncome": "40000000", "sellingGeneralAndAdministrative": "1900000", "researchAndDevelopment": "43600000", "operatingExpenses": "253000000", "investmentIncomeNet": "None", "netInterestIncome": "-87100000", "interestIncome": "None", "interestExpense": "87100000", "nonInterestIncome": "None", "otherNonOperatingIncome": "None", "depreciation": "None", "depreciationAndAmortization": "53800000", "incomeBeforeTax": "-54500000", "incomeTaxExpense": "-44700000", "interestAndDebtExpense": "None", "netIncomeFromContinuingOperations": "-9800000", "comprehensiveIncomeNetOfTax": "None", "ebit": "44100000", "ebitda": "97900000", "netIncome": "-9200000"}, {"fiscalDateEnding": "2016-12-31", "reportedCurrency": "USD", "grossProfit": "227000000", "totalRevenue": "623400000", "costOfRevenue": "396400000", "costofGoodsAndServicesSold": "396400000", "operatingIncome": "-11200000", "sellingGeneralAndAdministrative": "5000000", "researchAndDevelopment": "49200000", "operatingExpenses": "231200000", "investmentIncomeNet": "None", "netInterestIncome": "-87400000", "interestIncome": "None", "interestExpense": "87400000", "nonInterestIncome": "None", "otherNonOperatingIncome": "None", "depreciation": "None", "depreciationAndAmortization": "57300000", "incomeBeforeTax": "-98600000", "incomeTaxExpense": "6700000", "interestAndDebtExpense": "None", "netIncomeFromContinuingOperations": "-105300000", "comprehensiveIncomeNetOfTax": "None", "ebit": "-15300000", "ebitda": "42000000", "netIncome": "-92900000"}, {"fiscalDateEnding": "2015-12-31", "reportedCurrency": "USD", "grossProfit": "280800000", "totalRevenue": "693900000", "costOfRevenue": "413100000", "costofGoodsAndServicesSold": "413100000", "operatingIncome": "35300000", "sellingGeneralAndAdministrative": "240100000", "researchAndDevelopment": "30600000", "operatingExpenses": "245500000", "investmentIncomeNet": "None", "netInterestIncome": "None", "interestIncome": "None", "interestExpense": "87800000", "nonInterestIncome": "None", "otherNonOperatingIncome": "None", "depreciation": "None", "depreciationAndAmortization": "56000000", "incomeBeforeTax": "-80300000", "incomeTaxExpense": "8600000", "interestAndDebtExpense": "None", "netIncomeFromContinuingOperations": "-108400000", "comprehensiveIncomeNetOfTax": "None", "ebit": "7500000", "ebitda": "63500000", "netIncome": "-104700000"}], "quarterlyReports": [{"fiscalDateEnding": "2024-12-31", "reportedCurrency": "USD", "grossProfit": "218600000", "totalRevenue": "465200000", "costOfRevenue": "246600000", "costofGoodsAndServicesSold": "246600000", "operatingIncome": "28500000", "sellingGeneralAndAdministrative": "96600000", "researchAndDevelopment": "57000000", "operatingExpenses": "190100000", "investmentIncomeNet": "None", "netInterestIncome": "-7400000", "interestIncome": "None", "interestExpense": "7400000", "nonInterestIncome": "None", "otherNonOperatingIncome": "None", "depreciation": "None", "depreciationAndAmortization": "-71100000", "incomeBeforeTax": "900000", "incomeTaxExpense": "-9900000", "interestAndDebtExpense": "None", "netIncomeFromContinuingOperations": "10800000", "comprehensiveIncomeNetOfTax": "None", "ebit": "8300000", "ebitda": "-62800000", "netIncome": "10800000"}, {"fiscalDateEnding": "2024-09-30", "reportedCurrency": "USD", "grossProfit": "201300000", "totalRevenue": "440000000", "costOfRevenue": "238700000", "costofGoodsAndServicesSold": "238700000", "operatingIncome": "20800000", "sellingGeneralAndAdministrative": "94100000", "researchAndDevelopment": "55400000", "operatingExpenses": "180500000", "investmentIncomeNet": "None", "netInterestIncome": "-8800000", "interestIncome": "None", "interestExpense": "8800000", "nonInterestIncome": "None", "otherNonOperatingIncome": "None", "depreciation": "None", "depreciationAndAmortization": "52100000", "incomeBeforeTax": "18300000", "incomeTaxExpense": "16300000", "interestAndDebtExpense": "None", "netIncomeFromContinuingOperations": "2000000", "comprehensiveIncomeNetOfTax": "None", "ebit": "27100000", "ebitda": "79200000", "netIncome": "2000000"}, {"fiscalDateEnding": "2024-06-30", "reportedCurrency": "USD", "grossProfit": "213800000", "totalRevenue": "423300000", "costOfRevenue": "209500000", "costofGoodsAndServicesSold": "209500000", "operatingIncome": "24600000", "sellingGeneralAndAdministrative": "89600000", "researchAndDevelopment": "58300000", "operatingExpenses": "189200000", "investmentIncomeNet": "None", "netInterestIncome": "-11100000", "interestIncome": "None", "interestExpense": "11100000", "nonInterestIncome": "None", "otherNonOperatingIncome": "None", "depreciation": "None", "depreciationAndAmortization": "50600000", "incomeBeforeTax": "0", "incomeTaxExpense": "1800000", "interestAndDebtExpense": "None", "netIncomeFromContinuingOperations": "-1800000", "comprehensiveIncomeNetOfTax": "None", "ebit": "11600000", "ebitda": "62200000", "netIncome": "-1800000"}, {"fiscalDateEnding": "2024-03-31", "reportedCurrency": "USD", "grossProfit": "205400000", "totalRevenue": "431500000", "costOfRevenue": "226100000", "costofGoodsAndServicesSold": "226100000", "operatingIncome": "40700000", "sellingGeneralAndAdministrative": "85700000", "researchAndDevelopment": "28400000", "operatingExpenses": "164700000", "investmentIncomeNet": "None", "netInterestIncome": "-13300000", "interestIncome": "None", "interestExpense": "13300000", "nonInterestIncome": "None", "otherNonOperatingIncome": "None", "depreciation": "None", "depreciationAndAmortization": "48800000", "incomeBeforeTax": "18400000", "incomeTaxExpense": "11300000", "interestAndDebtExpense": "None", "netIncomeFromContinuingOperations": "7100000", "comprehensiveIncomeNetOfTax": "None", "ebit": "31700000", "ebitda": "80500000", "netIncome": "7100000"}, {"fiscalDateEnding": "2023-12-31", "reportedCurrency": "USD", "grossProfit": "169800000", "totalRevenue": "399700000", "costOfRevenue": "229900000", "costofGoodsAndServicesSold": "229900000", "operatingIncome": "38800000", "sellingGeneralAndAdministrative": "58300000", "researchAndDevelopment": "56400000", "operatingExpenses": "187400000", "investmentIncomeNet": "None", "netInterestIncome": "-8900000", "interestIncome": "None", "interestExpense": "8900000", "nonInterestIncome": "None", "otherNonOperatingIncome": "None", "depreciation": "None", "depreciationAndAmortization": "48400000", "incomeBeforeTax": "35500000", "incomeTaxExpense": "-10100000", "interestAndDebtExpense": "None", "netIncomeFromContinuingOperations": "45600000", "comprehensiveIncomeNetOfTax": "None", "ebit": "29200000", "ebitda": "77600000", "netIncome": "45600000"}, {"fiscalDateEnding": "2023-09-30", "reportedCurrency": "USD", "grossProfit": "160500000", "totalRevenue": "377500000", "costOfRevenue": "217000000", "costofGoodsAndServicesSold": "217000000", "operatingIncome": "26500000", "sellingGeneralAndAdministrative": "65000000", "researchAndDevelopment": "53300000", "operatingExpenses": "134000000", "investmentIncomeNet": "None", "netInterestIncome": "-8900000", "interestIncome": "None", "interestExpense": "8900000", "nonInterestIncome": "None", "otherNonOperatingIncome": "None", "depreciation": "None", "depreciationAndAmortization": "38700000", "incomeBeforeTax": "12500000", "incomeTaxExpense": "16300000", "interestAndDebtExpense": "None", "netIncomeFromContinuingOperations": "-3800000", "comprehensiveIncomeNetOfTax": "None", "ebit": "21400000", "ebitda": "60100000", "netIncome": "-3800000"}, {"fiscalDateEnding": "2023-06-30", "reportedCurrency": "USD", "grossProfit": "155900000", "totalRevenue": "365900000", "costOfRevenue": "210000000", "costofGoodsAndServicesSold": "210000000", "operatingIncome": "29400000", "sellingGeneralAndAdministrative": "126500000", "researchAndDevelopment": "49200000", "operatingExpenses": "126500000", "investmentIncomeNet": "None", "netInterestIncome": "-9100000", "interestIncome": "None", "interestExpense": "9100000", "nonInterestIncome": "None", "otherNonOperatingIncome": "None", "depreciation": "None", "depreciationAndAmortization": "23300000", "incomeBeforeTax": "19600000", "incomeTaxExpense": "16500000", "interestAndDebtExpense": "None", "netIncomeFromContinuingOperations": "3100000", "comprehensiveIncomeNetOfTax": "None", "ebit": "28700000", "ebitda": "52000000", "netIncome": "3100000"}, {"fiscalDateEnding": "2023-03-31", "reportedCurrency": "USD", "grossProfit": "160300000", "totalRevenue": "370600000", "costOfRevenue": "210300000", "costofGoodsAndServicesSold": "210300000", "operatingIncome": "38400000", "sellingGeneralAndAdministrative": "67700000", "researchAndDevelopment": "51000000", "operatingExpenses": "121900000", "investmentIncomeNet": "None", "netInterestIncome": "-9200000", "interestIncome": "None", "interestExpense": "9200000", "nonInterestIncome": "None", "otherNonOperatingIncome": "-800000", "depreciation": "None", "depreciationAndAmortization": "21300000", "incomeBeforeTax": "28400000", "incomeTaxExpense": "18500000", "interestAndDebtExpense": "None", "netIncomeFromContinuingOperations": "9900000", "comprehensiveIncomeNetOfTax": "None", "ebit": "38400000", "ebitda": "59700000", "netIncome": "9900000"}, {"fiscalDateEnding": "2022-12-31", "reportedCurrency": "USD", "grossProfit": "135100000", "totalRevenue": "336100000", "costOfRevenue": "201000000", "costofGoodsAndServicesSold": "201000000", "operatingIncome": "-18400000", "sellingGeneralAndAdministrative": "247500000", "researchAndDevelopment": "130100000", "operatingExpenses": "131800000", "investmentIncomeNet": "None", "netInterestIncome": "-8700000", "interestIncome": "None", "interestExpense": "8700000", "nonInterestIncome": "None", "otherNonOperatingIncome": "2900000", "depreciation": "None", "depreciationAndAmortization": "24600000", "incomeBeforeTax": "-2500000", "incomeTaxExpense": "2700000", "interestAndDebtExpense": "None", "netIncomeFromContinuingOperations": "-5200000", "comprehensiveIncomeNetOfTax": "None", "ebit": "-18400000", "ebitda": "6200000", "netIncome": "-5200000"}, {"fiscalDateEnding": "2022-09-30", "reportedCurrency": "USD", "grossProfit": "119000000", "totalRevenue": "315600000", "costOfRevenue": "196600000", "costofGoodsAndServicesSold": "196600000", "operatingIncome": "-9600000", "sellingGeneralAndAdministrative": "60100000", "researchAndDevelopment": "44800000", "operatingExpenses": "122700000", "investmentIncomeNet": "None", "netInterestIncome": "-7400000", "interestIncome": "None", "interestExpense": "7400000", "nonInterestIncome": "None", "otherNonOperatingIncome": "-5900000", "depreciation": "None", "depreciationAndAmortization": "21900000", "incomeBeforeTax": "-17000000", "incomeTaxExpense": "4000000", "interestAndDebtExpense": "None", "netIncomeFromContinuingOperations": "-21000000", "comprehensiveIncomeNetOfTax": "None", "ebit": "-9600000", "ebitda": "12300000", "netIncome": "-21000000"}, {"fiscalDateEnding": "2022-06-30", "reportedCurrency": "USD", "grossProfit": "116000000", "totalRevenue": "301200000", "costOfRevenue": "185200000", "costofGoodsAndServicesSold": "185200000", "operatingIncome": "-12300000", "sellingGeneralAndAdministrative": "122500000", "researchAndDevelopment": "39800000", "operatingExpenses": "122500000", "investmentIncomeNet": "None", "netInterestIncome": "-6700000", "interestIncome": "None", "interestExpense": "6700000", "nonInterestIncome": "None", "otherNonOperatingIncome": "-5800000", "depreciation": "None", "depreciationAndAmortization": "21600000", "incomeBeforeTax": "-19000000", "incomeTaxExpense": "800000", "interestAndDebtExpense": "None", "netIncomeFromContinuingOperations": "-19800000", "comprehensiveIncomeNetOfTax": "None", "ebit": "-12300000", "ebitda": "9300000", "netIncome": "-19800000"}, {"fiscalDateEnding": "2022-03-31", "reportedCurrency": "USD", "grossProfit": "103100000", "totalRevenue": "293300000", "costOfRevenue": "190200000", "costofGoodsAndServicesSold": "190200000", "operatingIncome": "-18900000", "sellingGeneralAndAdministrative": "63600000", "researchAndDevelopment": "40400000", "operatingExpenses": "122000000", "investmentIncomeNet": "None", "netInterestIncome": "-5800000", "interestIncome": "None", "interestExpense": "5800000", "nonInterestIncome": "None", "otherNonOperatingIncome": "300000", "depreciation": "None", "depreciationAndAmortization": "20900000", "incomeBeforeTax": "-24400000", "incomeTaxExpense": "3000000", "interestAndDebtExpense": "None", "netIncomeFromContinuingOperations": "-27400000", "comprehensiveIncomeNetOfTax": "None", "ebit": "-18600000", "ebitda": "2300000", "netIncome": "-27400000"}, {"fiscalDateEnding": "2021-12-31", "reportedCurrency": "USD", "grossProfit": "103900000", "totalRevenue": "282100000", "costOfRevenue": "178200000", "costofGoodsAndServicesSold": "178200000", "operatingIncome": "2600000", "sellingGeneralAndAdministrative": "101300000", "researchAndDevelopment": "134000000", "operatingExpenses": "101300000", "investmentIncomeNet": "None", "netInterestIncome": "-10400000", "interestIncome": "None", "interestExpense": "10400000", "nonInterestIncome": "None", "otherNonOperatingIncome": "-2700000", "depreciation": "None", "depreciationAndAmortization": "18200000", "incomeBeforeTax": "-10500000", "incomeTaxExpense": "-1000000", "interestAndDebtExpense": "None", "netIncomeFromContinuingOperations": "-9500000", "comprehensiveIncomeNetOfTax": "None", "ebit": "-100000", "ebitda": "18100000", "netIncome": "-9500000"}, {"fiscalDateEnding": "2021-09-30", "reportedCurrency": "USD", "grossProfit": "93100000", "totalRevenue": "257200000", "costOfRevenue": "164100000", "costofGoodsAndServicesSold": "164100000", "operatingIncome": "-16000000", "sellingGeneralAndAdministrative": "109100000", "researchAndDevelopment": "36000000", "operatingExpenses": "109100000", "investmentIncomeNet": "None", "netInterestIncome": "-10000000", "interestIncome": "None", "interestExpense": "10000000", "nonInterestIncome": "None", "otherNonOperatingIncome": "-3400000", "depreciation": "None", "depreciationAndAmortization": "21000000", "incomeBeforeTax": "-29400000", "incomeTaxExpense": "-8500000", "interestAndDebtExpense": "None", "netIncomeFromContinuingOperations": "-20900000", "comprehensiveIncomeNetOfTax": "None", "ebit": "-19400000", "ebitda": "1600000", "netIncome": "-20900000"}, {"fiscalDateEnding": "2021-06-30", "reportedCurrency": "USD", "grossProfit": "92100000", "totalRevenue": "250400000", "costOfRevenue": "158300000", "costofGoodsAndServicesSold": "158300000", "operatingIncome": "-19700000", "sellingGeneralAndAdministrative": "111800000", "researchAndDevelopment": "31800000", "operatingExpenses": "111800000", "investmentIncomeNet": "None", "netInterestIncome": "-9900000", "interestIncome": "None", "interestExpense": "9900000", "nonInterestIncome": "None", "otherNonOperatingIncome": "-8200000", "depreciation": "None", "depreciationAndAmortization": "23300000", "incomeBeforeTax": "-37800000", "incomeTaxExpense": "-12000000", "interestAndDebtExpense": "None", "netIncomeFromContinuingOperations": "-25800000", "comprehensiveIncomeNetOfTax": "None", "ebit": "-27900000", "ebitda": "-4600000", "netIncome": "-25800000"}, {"fiscalDateEnding": "2021-03-31", "reportedCurrency": "USD", "grossProfit": "93200000", "totalRevenue": "234500000", "costOfRevenue": "141300000", "costofGoodsAndServicesSold": "141300000", "operatingIncome": "-2400000", "sellingGeneralAndAdministrative": "49500000", "researchAndDevelopment": "25800000", "operatingExpenses": "95600000", "investmentIncomeNet": "None", "netInterestIncome": "-5600000", "interestIncome": "None", "interestExpense": "5600000", "nonInterestIncome": "None", "otherNonOperatingIncome": "-4600000", "depreciation": "None", "depreciationAndAmortization": "15000000", "incomeBeforeTax": "-12600000", "incomeTaxExpense": "6600000", "interestAndDebtExpense": "None", "netIncomeFromContinuingOperations": "-19200000", "comprehensiveIncomeNetOfTax": "None", "ebit": "-7000000", "ebitda": "8000000", "netIncome": "-19200000"}, {"fiscalDateEnding": "2020-12-31", "reportedCurrency": "USD", "grossProfit": "85500000", "totalRevenue": "222800000", "costOfRevenue": "137300000", "costofGoodsAndServicesSold": "137300000", "operatingIncome": "-21900000", "sellingGeneralAndAdministrative": "74600000", "researchAndDevelopment": "83700000", "operatingExpenses": "107400000", "investmentIncomeNet": "None", "netInterestIncome": "-5700000", "interestIncome": "None", "interestExpense": "5700000", "nonInterestIncome": "None", "otherNonOperatingIncome": "None", "depreciation": "None", "depreciationAndAmortization": "14900000", "incomeBeforeTax": "-27600000", "incomeTaxExpense": "-10300000", "interestAndDebtExpense": "None", "netIncomeFromContinuingOperations": "-17300000", "comprehensiveIncomeNetOfTax": "None", "ebit": "-21900000", "ebitda": "-7000000", "netIncome": "-17300000"}, {"fiscalDateEnding": "2020-09-30", "reportedCurrency": "USD", "grossProfit": "76700000", "totalRevenue": "204400000", "costOfRevenue": "127700000", "costofGoodsAndServicesSold": "127700000", "operatingIncome": "-600000", "sellingGeneralAndAdministrative": "77300000", "researchAndDevelopment": "22900000", "operatingExpenses": "77300000", "investmentIncomeNet": "None", "netInterestIncome": "-5900000", "interestIncome": "None", "interestExpense": "5900000", "nonInterestIncome": "None", "otherNonOperatingIncome": "200000", "depreciation": "None", "depreciationAndAmortization": "13000000", "incomeBeforeTax": "-6300000", "incomeTaxExpense": "-5500000", "interestAndDebtExpense": "None", "netIncomeFromContinuingOperations": "-800000", "comprehensiveIncomeNetOfTax": "None", "ebit": "-400000", "ebitda": "12600000", "netIncome": "-800000"}, {"fiscalDateEnding": "2020-06-30", "reportedCurrency": "USD", "grossProfit": "78600000", "totalRevenue": "192600000", "costOfRevenue": "114000000", "costofGoodsAndServicesSold": "114000000", "operatingIncome": "4000000", "sellingGeneralAndAdministrative": "74600000", "researchAndDevelopment": "17000000", "operatingExpenses": "74600000", "investmentIncomeNet": "None", "netInterestIncome": "-6600000", "interestIncome": "None", "interestExpense": "6600000", "nonInterestIncome": "None", "otherNonOperatingIncome": "-300000", "depreciation": "None", "depreciationAndAmortization": "12100000", "incomeBeforeTax": "-2900000", "incomeTaxExpense": "-8400000", "interestAndDebtExpense": "None", "netIncomeFromContinuingOperations": "5500000", "comprehensiveIncomeNetOfTax": "None", "ebit": "3700000", "ebitda": "15800000", "netIncome": "5500000"}, {"fiscalDateEnding": "2020-03-31", "reportedCurrency": "USD", "grossProfit": "100500000", "totalRevenue": "222700000", "costOfRevenue": "122200000", "costofGoodsAndServicesSold": "122200000", "operatingIncome": "26300000", "sellingGeneralAndAdministrative": "30700000", "researchAndDevelopment": "17600000", "operatingExpenses": "74200000", "investmentIncomeNet": "None", "netInterestIncome": "-6900000", "interestIncome": "None", "interestExpense": "6900000", "nonInterestIncome": "None", "otherNonOperatingIncome": "-2600000", "depreciation": "None", "depreciationAndAmortization": "11800000", "incomeBeforeTax": "16800000", "incomeTaxExpense": "8200000", "interestAndDebtExpense": "None", "netIncomeFromContinuingOperations": "8600000", "comprehensiveIncomeNetOfTax": "None", "ebit": "23700000", "ebitda": "35500000", "netIncome": "8600000"}, {"fiscalDateEnding": "2019-12-31", "reportedCurrency": "USD", "grossProfit": "97800000", "totalRevenue": "221800000", "costOfRevenue": "124000000", "costofGoodsAndServicesSold": "124000000", "operatingIncome": "19700000", "sellingGeneralAndAdministrative": "72700000", "researchAndDevelopment": "67900000", "operatingExpenses": "78100000", "investmentIncomeNet": "None", "netInterestIncome": "-7200000", "interestIncome": "None", "interestExpense": "7200000", "nonInterestIncome": "None", "otherNonOperatingIncome": "None", "depreciation": "None", "depreciationAndAmortization": "13200000", "incomeBeforeTax": "11600000", "incomeTaxExpense": "13100000", "interestAndDebtExpense": "None", "netIncomeFromContinuingOperations": "-1500000", "comprehensiveIncomeNetOfTax": "None", "ebit": "23400000", "ebitda": "36600000", "netIncome": "-1500000"}, {"fiscalDateEnding": "2019-09-30", "reportedCurrency": "USD", "grossProfit": "88800000", "totalRevenue": "202300000", "costOfRevenue": "113500000", "costofGoodsAndServicesSold": "113500000", "operatingIncome": "-6500000", "sellingGeneralAndAdministrative": "82300000", "researchAndDevelopment": "17500000", "operatingExpenses": "82300000", "investmentIncomeNet": "None", "netInterestIncome": "-7800000", "interestIncome": "None", "interestExpense": "7800000", "nonInterestIncome": "None", "otherNonOperatingIncome": "-1600000", "depreciation": "None", "depreciationAndAmortization": "14900000", "incomeBeforeTax": "-2900000", "incomeTaxExpense": "-65600000", "interestAndDebtExpense": "None", "netIncomeFromContinuingOperations": "62700000", "comprehensiveIncomeNetOfTax": "None", "ebit": "4900000", "ebitda": "19800000", "netIncome": "62700000"}, {"fiscalDateEnding": "2019-06-30", "reportedCurrency": "USD", "grossProfit": "88000000", "totalRevenue": "196300000", "costOfRevenue": "108300000", "costofGoodsAndServicesSold": "108300000", "operatingIncome": "18700000", "sellingGeneralAndAdministrative": "69300000", "researchAndDevelopment": "16399999", "operatingExpenses": "69300000", "investmentIncomeNet": "None", "netInterestIncome": "-8500000", "interestIncome": "None", "interestExpense": "8500000", "nonInterestIncome": "None", "otherNonOperatingIncome": "-1500000", "depreciation": "None", "depreciationAndAmortization": "14600000", "incomeBeforeTax": "8700000", "incomeTaxExpense": "2400000", "interestAndDebtExpense": "None", "netIncomeFromContinuingOperations": "6300000", "comprehensiveIncomeNetOfTax": "None", "ebit": "17200000", "ebitda": "31800000", "netIncome": "6300000"}, {"fiscalDateEnding": "2019-03-31", "reportedCurrency": "USD", "grossProfit": "93600000", "totalRevenue": "203700000", "costOfRevenue": "110100000", "costofGoodsAndServicesSold": "110100000", "operatingIncome": "27400000", "sellingGeneralAndAdministrative": "66200000", "researchAndDevelopment": "15200000", "operatingExpenses": "66200000", "investmentIncomeNet": "None", "netInterestIncome": "-8900000", "interestIncome": "None", "interestExpense": "8900000", "nonInterestIncome": "None", "otherNonOperatingIncome": "-1600000", "depreciation": "None", "depreciationAndAmortization": "14400000", "incomeBeforeTax": "16900000", "incomeTaxExpense": "5700000", "interestAndDebtExpense": "None", "netIncomeFromContinuingOperations": "11200000", "comprehensiveIncomeNetOfTax": "None", "ebit": "25800000", "ebitda": "40200000", "netIncome": "11200000"}, {"fiscalDateEnding": "2018-12-31", "reportedCurrency": "USD", "grossProfit": "91500000", "totalRevenue": "200300000", "costOfRevenue": "108800000", "costofGoodsAndServicesSold": "108800000", "operatingIncome": "21500000", "sellingGeneralAndAdministrative": "64600000", "researchAndDevelopment": "59000000", "operatingExpenses": "72900000", "investmentIncomeNet": "None", "netInterestIncome": "None", "interestIncome": "None", "interestExpense": "8800000", "nonInterestIncome": "None", "otherNonOperatingIncome": "None", "depreciation": "None", "depreciationAndAmortization": "14200000", "incomeBeforeTax": "12700000", "incomeTaxExpense": "1900000", "interestAndDebtExpense": "None", "netIncomeFromContinuingOperations": "8900000", "comprehensiveIncomeNetOfTax": "None", "ebit": "21500000", "ebitda": "35700000", "netIncome": "-200000"}, {"fiscalDateEnding": "2018-09-30", "reportedCurrency": "USD", "grossProfit": "75000000", "totalRevenue": "179600000", "costOfRevenue": "104600000", "costofGoodsAndServicesSold": "104600000", "operatingIncome": "15300000", "sellingGeneralAndAdministrative": "59400000", "researchAndDevelopment": "14500000", "operatingExpenses": "59700000", "investmentIncomeNet": "None", "netInterestIncome": "None", "interestIncome": "None", "interestExpense": "8800000", "nonInterestIncome": "None", "otherNonOperatingIncome": "None", "depreciation": "None", "depreciationAndAmortization": "14300000", "incomeBeforeTax": "6500000", "incomeTaxExpense": "-900000", "interestAndDebtExpense": "None", "netIncomeFromContinuingOperations": "7400000", "comprehensiveIncomeNetOfTax": "None", "ebit": "15300000", "ebitda": "29600000", "netIncome": "4400000"}, {"fiscalDateEnding": "2018-06-30", "reportedCurrency": "USD", "grossProfit": "72800000", "totalRevenue": "179300000", "costOfRevenue": "106500000", "costofGoodsAndServicesSold": "106500000", "operatingIncome": "11300000", "sellingGeneralAndAdministrative": "11500000", "researchAndDevelopment": "15100000", "operatingExpenses": "84100000", "investmentIncomeNet": "None", "netInterestIncome": "None", "interestIncome": "None", "interestExpense": "43400000", "nonInterestIncome": "None", "otherNonOperatingIncome": "None", "depreciation": "None", "depreciationAndAmortization": "13200000", "incomeBeforeTax": "-54700000", "incomeTaxExpense": "1100000", "interestAndDebtExpense": "None", "netIncomeFromContinuingOperations": "-55800000", "comprehensiveIncomeNetOfTax": "None", "ebit": "-10300000", "ebitda": "2900000", "netIncome": "-65500000"}, {"fiscalDateEnding": "2018-03-31", "reportedCurrency": "USD", "grossProfit": "89200000", "totalRevenue": "208900000", "costOfRevenue": "119700000", "costofGoodsAndServicesSold": "119700000", "operatingIncome": "26400000", "sellingGeneralAndAdministrative": "500000", "researchAndDevelopment": "15400000", "operatingExpenses": "62800000", "investmentIncomeNet": "None", "netInterestIncome": "None", "interestIncome": "None", "interestExpense": "22200000", "nonInterestIncome": "None", "otherNonOperatingIncome": "2800000", "depreciation": "None", "depreciationAndAmortization": "14900000", "incomeBeforeTax": "4200000", "incomeTaxExpense": "6800000", "interestAndDebtExpense": "None", "netIncomeFromContinuingOperations": "-2600000", "comprehensiveIncomeNetOfTax": "None", "ebit": "26400000", "ebitda": "41300000", "netIncome": "-2100000"}, {"fiscalDateEnding": "2017-12-31", "reportedCurrency": "USD", "grossProfit": "108200000", "totalRevenue": "262300000", "costOfRevenue": "154100000", "costofGoodsAndServicesSold": "154100000", "operatingIncome": "23100000", "sellingGeneralAndAdministrative": "1900000", "researchAndDevelopment": "28900000", "operatingExpenses": "85100000", "investmentIncomeNet": "None", "netInterestIncome": "None", "interestIncome": "None", "interestExpense": "21800000", "nonInterestIncome": "None", "otherNonOperatingIncome": "None", "depreciation": "None", "depreciationAndAmortization": "18200000", "incomeBeforeTax": "-6100000", "incomeTaxExpense": "-48500000", "interestAndDebtExpense": "None", "netIncomeFromContinuingOperations": "12700000", "comprehensiveIncomeNetOfTax": "None", "ebit": "15700000", "ebitda": "33900000", "netIncome": "45000000"}, {"fiscalDateEnding": "2017-09-30", "reportedCurrency": "USD", "grossProfit": "61300000", "totalRevenue": "163500000", "costOfRevenue": "102200000", "costofGoodsAndServicesSold": "102200000", "operatingIncome": "5100000", "sellingGeneralAndAdministrative": "52400000", "researchAndDevelopment": "4400000", "operatingExpenses": "56200000", "investmentIncomeNet": "None", "netInterestIncome": "None", "interestIncome": "None", "interestExpense": "21900000", "nonInterestIncome": "None", "otherNonOperatingIncome": "None", "depreciation": "None", "depreciationAndAmortization": "13600000", "incomeBeforeTax": "-16800000", "incomeTaxExpense": "900000", "interestAndDebtExpense": "None", "netIncomeFromContinuingOperations": "-17200000", "comprehensiveIncomeNetOfTax": "None", "ebit": "5100000", "ebitda": "18700000", "netIncome": "-20100000"}, {"fiscalDateEnding": "2017-06-30", "reportedCurrency": "USD", "grossProfit": "57700000", "totalRevenue": "157500000", "costOfRevenue": "99800000", "costofGoodsAndServicesSold": "99800000", "operatingIncome": "900000", "sellingGeneralAndAdministrative": "500000", "researchAndDevelopment": "4099999", "operatingExpenses": "56800000", "investmentIncomeNet": "None", "netInterestIncome": "None", "interestIncome": "None", "interestExpense": "22000000", "nonInterestIncome": "None", "otherNonOperatingIncome": "None", "depreciation": "None", "depreciationAndAmortization": "12000000", "incomeBeforeTax": "-21100000", "incomeTaxExpense": "1900000", "interestAndDebtExpense": "None", "netIncomeFromContinuingOperations": "-30100000", "comprehensiveIncomeNetOfTax": "None", "ebit": "900000", "ebitda": "12900000", "netIncome": "-22900000"}, {"fiscalDateEnding": "2017-03-31", "reportedCurrency": "USD", "grossProfit": "73800000", "totalRevenue": "187000000", "costOfRevenue": "113200000", "costofGoodsAndServicesSold": "113200000", "operatingIncome": "12200000", "sellingGeneralAndAdministrative": "400000", "researchAndDevelopment": "5200000", "operatingExpenses": "61600000", "investmentIncomeNet": "None", "netInterestIncome": "None", "interestIncome": "None", "interestExpense": "21400000", "nonInterestIncome": "None", "otherNonOperatingIncome": "None", "depreciation": "None", "depreciationAndAmortization": "14100000", "incomeBeforeTax": "-9200000", "incomeTaxExpense": "2500000", "interestAndDebtExpense": "None", "netIncomeFromContinuingOperations": "30100000", "comprehensiveIncomeNetOfTax": "None", "ebit": "12200000", "ebitda": "26300000", "netIncome": "-11200000"}, {"fiscalDateEnding": "2016-12-31", "reportedCurrency": "USD", "grossProfit": "47700000", "totalRevenue": "108400000", "costOfRevenue": "60700000", "costofGoodsAndServicesSold": "60700000", "operatingIncome": "8800000", "sellingGeneralAndAdministrative": "26200000", "researchAndDevelopment": "26300000", "operatingExpenses": "43900000", "investmentIncomeNet": "None", "netInterestIncome": "None", "interestIncome": "None", "interestExpense": "21900000", "nonInterestIncome": "None", "otherNonOperatingIncome": "None", "depreciation": "None", "depreciationAndAmortization": "10300000", "incomeBeforeTax": "-18100000", "incomeTaxExpense": "1200000", "interestAndDebtExpense": "None", "netIncomeFromContinuingOperations": "-63700000", "comprehensiveIncomeNetOfTax": "None", "ebit": "8800000", "ebitda": "19100000", "netIncome": "-30200000"}, {"fiscalDateEnding": "2016-09-30", "reportedCurrency": "USD", "grossProfit": "59200000", "totalRevenue": "169900000", "costOfRevenue": "110700000", "costofGoodsAndServicesSold": "110700000", "operatingIncome": "-8800000", "sellingGeneralAndAdministrative": "61800000", "researchAndDevelopment": "0", "operatingExpenses": "71700000", "investmentIncomeNet": "None", "netInterestIncome": "None", "interestIncome": "None", "interestExpense": "21800000", "nonInterestIncome": "None", "otherNonOperatingIncome": "None", "depreciation": "None", "depreciationAndAmortization": "14299986", "incomeBeforeTax": "-34300000", "incomeTaxExpense": "7300000", "interestAndDebtExpense": "None", "netIncomeFromContinuingOperations": "-41600000", "comprehensiveIncomeNetOfTax": "None", "ebit": "-8800000", "ebitda": "5499986", "netIncome": "-42200000"}, {"fiscalDateEnding": "2016-06-30", "reportedCurrency": "USD", "grossProfit": "0", "totalRevenue": "166500000", "costOfRevenue": "109700000", "costofGoodsAndServicesSold": "109700000", "operatingIncome": "-11000000", "sellingGeneralAndAdministrative": "58700000", "researchAndDevelopment": "0", "operatingExpenses": "0", "investmentIncomeNet": "None", "netInterestIncome": "None", "interestIncome": "None", "interestExpense": "21800000", "nonInterestIncome": "None", "otherNonOperatingIncome": "None", "depreciation": "None", "depreciationAndAmortization": "None", "incomeBeforeTax": "0", "incomeTaxExpense": "-1500000", "interestAndDebtExpense": "None", "netIncomeFromContinuingOperations": "0", "comprehensiveIncomeNetOfTax": "None", "ebit": "0", "ebitda": "None", "netIncome": "0"}, {"fiscalDateEnding": "2016-03-31", "reportedCurrency": "USD", "grossProfit": "0", "totalRevenue": "178600000", "costOfRevenue": "103800000", "costofGoodsAndServicesSold": "103800000", "operatingIncome": "11000000", "sellingGeneralAndAdministrative": "63800000", "researchAndDevelopment": "0", "operatingExpenses": "0", "investmentIncomeNet": "None", "netInterestIncome": "None", "interestIncome": "None", "interestExpense": "21900000", "nonInterestIncome": "None", "otherNonOperatingIncome": "None", "depreciation": "None", "depreciationAndAmortization": "None", "incomeBeforeTax": "0", "incomeTaxExpense": "1500000", "interestAndDebtExpense": "None", "netIncomeFromContinuingOperations": "0", "comprehensiveIncomeNetOfTax": "None", "ebit": "0", "ebitda": "None", "netIncome": "0"}]}