{"symbol": "LHX", "annualReports": [{"fiscalDateEnding": "2024-12-31", "reportedCurrency": "USD", "grossProfit": "5524000000", "totalRevenue": "21325000000", "costOfRevenue": "15801000000", "costofGoodsAndServicesSold": "15801000000", "operatingIncome": "1918000000", "sellingGeneralAndAdministrative": "3568000000", "researchAndDevelopment": "515000000", "operatingExpenses": "3606000000", "investmentIncomeNet": "None", "netInterestIncome": "-675000000", "interestIncome": "None", "interestExpense": "675000000", "nonInterestIncome": "None", "otherNonOperatingIncome": "None", "depreciation": "None", "depreciationAndAmortization": "1289000000", "incomeBeforeTax": "1597000000", "incomeTaxExpense": "85000000", "interestAndDebtExpense": "None", "netIncomeFromContinuingOperations": "1512000000", "comprehensiveIncomeNetOfTax": "None", "ebit": "2272000000", "ebitda": "3561000000", "netIncome": "1502000000"}, {"fiscalDateEnding": "2023-12-31", "reportedCurrency": "USD", "grossProfit": "5113000000", "totalRevenue": "19419000000", "costOfRevenue": "14306000000", "costofGoodsAndServicesSold": "14306000000", "operatingIncome": "1426000000", "sellingGeneralAndAdministrative": "1471000000", "researchAndDevelopment": "480000000", "operatingExpenses": "3687000000", "investmentIncomeNet": "None", "netInterestIncome": "-543000000", "interestIncome": "None", "interestExpense": "543000000", "nonInterestIncome": "None", "otherNonOperatingIncome": "None", "depreciation": "None", "depreciationAndAmortization": "1166000000", "incomeBeforeTax": "1221000000", "incomeTaxExpense": "23000000", "interestAndDebtExpense": "None", "netIncomeFromContinuingOperations": "1198000000", "comprehensiveIncomeNetOfTax": "None", "ebit": "1766000000", "ebitda": "2932000000", "netIncome": "1227000000"}, {"fiscalDateEnding": "2022-12-31", "reportedCurrency": "USD", "grossProfit": "4927000000", "totalRevenue": "17062000000", "costOfRevenue": "12135000000", "costofGoodsAndServicesSold": "12135000000", "operatingIncome": "2372000000", "sellingGeneralAndAdministrative": "1226000000", "researchAndDevelopment": "603000000", "operatingExpenses": "2998000000", "investmentIncomeNet": "None", "netInterestIncome": "-279000000", "interestIncome": "None", "interestExpense": "279000000", "nonInterestIncome": "None", "otherNonOperatingIncome": "None", "depreciation": "None", "depreciationAndAmortization": "947000000", "incomeBeforeTax": "1273000000", "incomeTaxExpense": "212000000", "interestAndDebtExpense": "None", "netIncomeFromContinuingOperations": "1061000000", "comprehensiveIncomeNetOfTax": "None", "ebit": "1552000000", "ebitda": "2499000000", "netIncome": "1062000000"}, {"fiscalDateEnding": "2021-12-31", "reportedCurrency": "USD", "grossProfit": "5376000000", "totalRevenue": "17814000000", "costOfRevenue": "12438000000", "costofGoodsAndServicesSold": "12438000000", "operatingIncome": "2565000000", "sellingGeneralAndAdministrative": "3280000000", "researchAndDevelopment": "692000000", "operatingExpenses": "3280000000", "investmentIncomeNet": "None", "netInterestIncome": "-265000000", "interestIncome": "265000000", "interestExpense": "265000000", "nonInterestIncome": "None", "otherNonOperatingIncome": "None", "depreciation": "None", "depreciationAndAmortization": "970000000", "incomeBeforeTax": "2283000000", "incomeTaxExpense": "440000000", "interestAndDebtExpense": "None", "netIncomeFromContinuingOperations": "1843000000", "comprehensiveIncomeNetOfTax": "None", "ebit": "2548000000", "ebitda": "3518000000", "netIncome": "1846000000"}, {"fiscalDateEnding": "2020-12-31", "reportedCurrency": "USD", "grossProfit": "5308000000", "totalRevenue": "18194000000", "costOfRevenue": "12886000000", "costofGoodsAndServicesSold": "12886000000", "operatingIncome": "2394000000", "sellingGeneralAndAdministrative": "3315000000", "researchAndDevelopment": "684000000", "operatingExpenses": "3315000000", "investmentIncomeNet": "None", "netInterestIncome": "-254000000", "interestIncome": "16000000", "interestExpense": "254000000", "nonInterestIncome": "None", "otherNonOperatingIncome": "366000000", "depreciation": "None", "depreciationAndAmortization": "1047000000", "incomeBeforeTax": "1322000000", "incomeTaxExpense": "234000000", "interestAndDebtExpense": "None", "netIncomeFromContinuingOperations": "1088000000", "comprehensiveIncomeNetOfTax": "None", "ebit": "1592000000", "ebitda": "2639000000", "netIncome": "1119000000"}, {"fiscalDateEnding": "2019-12-31", "reportedCurrency": "USD", "grossProfit": "5074000000", "totalRevenue": "18526000000", "costOfRevenue": "13452000000", "costofGoodsAndServicesSold": "13452000000", "operatingIncome": "2260000000", "sellingGeneralAndAdministrative": "2040000000", "researchAndDevelopment": "658000000", "operatingExpenses": "2814000000", "investmentIncomeNet": "None", "netInterestIncome": "-167000000", "interestIncome": "2000000", "interestExpense": "167000000", "nonInterestIncome": "None", "otherNonOperatingIncome": "190000000", "depreciation": "None", "depreciationAndAmortization": "894000000", "incomeBeforeTax": "1816000000", "incomeTaxExpense": "146000000", "interestAndDebtExpense": "None", "netIncomeFromContinuingOperations": "953000000", "comprehensiveIncomeNetOfTax": "None", "ebit": "2086000000", "ebitda": "2980000000", "netIncome": "1644000000"}, {"fiscalDateEnding": "2018-12-31", "reportedCurrency": "USD", "grossProfit": "2102000000", "totalRevenue": "6168000000", "costOfRevenue": "4066000000", "costofGoodsAndServicesSold": "4066000000", "operatingIncome": "1122000000", "sellingGeneralAndAdministrative": "2000000000", "researchAndDevelopment": "311000000", "operatingExpenses": "1182000000", "investmentIncomeNet": "None", "netInterestIncome": "-168000000", "interestIncome": "2000000", "interestExpense": "170000000", "nonInterestIncome": "None", "otherNonOperatingIncome": "-26000000", "depreciation": "None", "depreciationAndAmortization": "260000000", "incomeBeforeTax": "908000000", "incomeTaxExpense": "206000000", "interestAndDebtExpense": "None", "netIncomeFromContinuingOperations": "721000000", "comprehensiveIncomeNetOfTax": "None", "ebit": "1096000000", "ebitda": "1356000000", "netIncome": "699000000"}, {"fiscalDateEnding": "2017-12-31", "reportedCurrency": "USD", "grossProfit": "2043000000", "totalRevenue": "5897000000", "costOfRevenue": "3854000000", "costofGoodsAndServicesSold": "3854000000", "operatingIncome": "1059000000", "sellingGeneralAndAdministrative": "1016000000", "researchAndDevelopment": "310000000", "operatingExpenses": "1150000000", "investmentIncomeNet": "None", "netInterestIncome": "-170000000", "interestIncome": "2000000", "interestExpense": "172000000", "nonInterestIncome": "None", "otherNonOperatingIncome": "4000000", "depreciation": "None", "depreciationAndAmortization": "273000000", "incomeBeforeTax": "889000000", "incomeTaxExpense": "261000000", "interestAndDebtExpense": "None", "netIncomeFromContinuingOperations": "638000000", "comprehensiveIncomeNetOfTax": "None", "ebit": "1077000000", "ebitda": "1350000000", "netIncome": "543000000"}, {"fiscalDateEnding": "2016-12-31", "reportedCurrency": "USD", "grossProfit": "2160000000", "totalRevenue": "5992000000", "costOfRevenue": "3832000000", "costofGoodsAndServicesSold": "3832000000", "operatingIncome": "1055000000", "sellingGeneralAndAdministrative": "1918000000", "researchAndDevelopment": "305000000", "operatingExpenses": "1105000000", "investmentIncomeNet": "None", "netInterestIncome": "-181000000", "interestIncome": "181000000", "interestExpense": "183000000", "nonInterestIncome": "None", "otherNonOperatingIncome": "12000000", "depreciation": "None", "depreciationAndAmortization": "361000000", "incomeBeforeTax": "884000000", "incomeTaxExpense": "273000000", "interestAndDebtExpense": "None", "netIncomeFromContinuingOperations": "345000000", "comprehensiveIncomeNetOfTax": "None", "ebit": "995000000", "ebitda": "1356000000", "netIncome": "324000000"}, {"fiscalDateEnding": "2015-12-31", "reportedCurrency": "USD", "grossProfit": "1515000000", "totalRevenue": "3885000000", "costOfRevenue": "2370000000", "costofGoodsAndServicesSold": "2370000000", "operatingIncome": "635000000", "sellingGeneralAndAdministrative": "1615000000", "researchAndDevelopment": "276000000", "operatingExpenses": "883000000", "investmentIncomeNet": "None", "netInterestIncome": "None", "interestIncome": "None", "interestExpense": "130000000", "nonInterestIncome": "None", "otherNonOperatingIncome": "-106000000", "depreciation": "None", "depreciationAndAmortization": "244000000", "incomeBeforeTax": "396000000", "incomeTaxExpense": "109000000", "interestAndDebtExpense": "None", "netIncomeFromContinuingOperations": "334000000", "comprehensiveIncomeNetOfTax": "None", "ebit": "635000000", "ebitda": "879000000", "netIncome": "334000000"}, {"fiscalDateEnding": "2014-12-31", "reportedCurrency": "USD", "grossProfit": "1702000000", "totalRevenue": "5012000000", "costOfRevenue": "3310000000", "costofGoodsAndServicesSold": "3310000000", "operatingIncome": "889000000", "sellingGeneralAndAdministrative": "1374500000", "researchAndDevelopment": "264000000", "operatingExpenses": "820000000", "investmentIncomeNet": "None", "netInterestIncome": "None", "interestIncome": "None", "interestExpense": "94000000", "nonInterestIncome": "None", "otherNonOperatingIncome": "7100000", "depreciation": "None", "depreciationAndAmortization": "204000000", "incomeBeforeTax": "795000000", "incomeTaxExpense": "256000000", "interestAndDebtExpense": "None", "netIncomeFromContinuingOperations": "539200000", "comprehensiveIncomeNetOfTax": "None", "ebit": "886400000", "ebitda": "1090400000", "netIncome": "535000000"}, {"fiscalDateEnding": "2013-12-31", "reportedCurrency": "USD", "grossProfit": "1727000000", "totalRevenue": "5112000000", "costOfRevenue": "3385000000", "costofGoodsAndServicesSold": "3385000000", "operatingIncome": "816000000", "sellingGeneralAndAdministrative": "1574400000", "researchAndDevelopment": "900000000", "operatingExpenses": "914000000", "investmentIncomeNet": "None", "netInterestIncome": "None", "interestIncome": "None", "interestExpense": "109000000", "nonInterestIncome": "None", "otherNonOperatingIncome": "-38500000", "depreciation": "None", "depreciationAndAmortization": "221000000", "incomeBeforeTax": "665000000", "incomeTaxExpense": "203000000", "interestAndDebtExpense": "None", "netIncomeFromContinuingOperations": "461900000", "comprehensiveIncomeNetOfTax": "None", "ebit": "904000000", "ebitda": "1125000000", "netIncome": "113000000"}, {"fiscalDateEnding": "2012-12-31", "reportedCurrency": "USD", "grossProfit": "1882000000", "totalRevenue": "5451300000", "costOfRevenue": "3569300000", "costofGoodsAndServicesSold": "3569300000", "operatingIncome": "955100000", "sellingGeneralAndAdministrative": "1662000000", "researchAndDevelopment": "218900000", "operatingExpenses": "940900000", "investmentIncomeNet": "None", "netInterestIncome": "None", "interestIncome": "None", "interestExpense": "113200000", "nonInterestIncome": "None", "otherNonOperatingIncome": "14000000", "depreciation": "None", "depreciationAndAmortization": "260300000", "incomeBeforeTax": "841900000", "incomeTaxExpense": "286000000", "interestAndDebtExpense": "None", "netIncomeFromContinuingOperations": "555900000", "comprehensiveIncomeNetOfTax": "None", "ebit": "916400000", "ebitda": "1176700000", "netIncome": "30600000"}, {"fiscalDateEnding": "2011-12-31", "reportedCurrency": "USD", "grossProfit": "1885900000", "totalRevenue": "5418400000", "costOfRevenue": "3532500000", "costofGoodsAndServicesSold": "3532500000", "operatingIncome": "996600000", "sellingGeneralAndAdministrative": "1951300000", "researchAndDevelopment": "335600000", "operatingExpenses": "890900000", "investmentIncomeNet": "None", "netInterestIncome": "None", "interestIncome": "None", "interestExpense": "90400000", "nonInterestIncome": "None", "otherNonOperatingIncome": "900000", "depreciation": "None", "depreciationAndAmortization": "212000000", "incomeBeforeTax": "905500000", "incomeTaxExpense": "306800000", "interestAndDebtExpense": "None", "netIncomeFromContinuingOperations": "587100000", "comprehensiveIncomeNetOfTax": "None", "ebit": "967000000", "ebitda": "1179000000", "netIncome": "588000000"}, {"fiscalDateEnding": "2010-12-31", "reportedCurrency": "USD", "grossProfit": "1672100000", "totalRevenue": "4725000000", "costOfRevenue": "3052900000", "costofGoodsAndServicesSold": "3052900000", "operatingIncome": "948800000", "sellingGeneralAndAdministrative": "1591100000", "researchAndDevelopment": "325800000", "operatingExpenses": "723200000", "investmentIncomeNet": "None", "netInterestIncome": "None", "interestIncome": "None", "interestExpense": "72100000", "nonInterestIncome": "None", "otherNonOperatingIncome": "-400000", "depreciation": "None", "depreciationAndAmortization": "165700000", "incomeBeforeTax": "876400000", "incomeTaxExpense": "295400000", "interestAndDebtExpense": "None", "netIncomeFromContinuingOperations": "561600000", "comprehensiveIncomeNetOfTax": "None", "ebit": "922700000", "ebitda": "1088400000", "netIncome": "561600000"}, {"fiscalDateEnding": "2009-12-31", "reportedCurrency": "USD", "grossProfit": "1584800000", "totalRevenue": "5005000000", "costOfRevenue": "3420200000", "costofGoodsAndServicesSold": "3420200000", "operatingIncome": "796700000", "sellingGeneralAndAdministrative": "1338800000", "researchAndDevelopment": "243500000", "operatingExpenses": "791300000", "investmentIncomeNet": "None", "netInterestIncome": "None", "interestIncome": "None", "interestExpense": "52800000", "nonInterestIncome": "None", "otherNonOperatingIncome": "None", "depreciation": "None", "depreciationAndAmortization": "177700000", "incomeBeforeTax": "485300000", "incomeTaxExpense": "172900000", "interestAndDebtExpense": "None", "netIncomeFromContinuingOperations": "None", "comprehensiveIncomeNetOfTax": "None", "ebit": "501900000", "ebitda": "679600000", "netIncome": "37900000"}, {"fiscalDateEnding": "2008-12-31", "reportedCurrency": "USD", "grossProfit": "1450500000", "totalRevenue": "4596100000", "costOfRevenue": "3145600000", "costofGoodsAndServicesSold": "3145600000", "operatingIncome": "709200000", "sellingGeneralAndAdministrative": "1631800000", "researchAndDevelopment": "275000000", "operatingExpenses": "746500000", "investmentIncomeNet": "None", "netInterestIncome": "None", "interestIncome": "None", "interestExpense": "53100000", "nonInterestIncome": "None", "otherNonOperatingIncome": "None", "depreciation": "None", "depreciationAndAmortization": "172200000", "incomeBeforeTax": "667500000", "incomeTaxExpense": "214000000", "interestAndDebtExpense": "None", "netIncomeFromContinuingOperations": "None", "comprehensiveIncomeNetOfTax": "None", "ebit": "684800000", "ebitda": "857000000", "netIncome": "444200000"}, {"fiscalDateEnding": "2007-12-31", "reportedCurrency": "USD", "grossProfit": "1371900000", "totalRevenue": "4243000000", "costOfRevenue": "2871100000", "costofGoodsAndServicesSold": "2871100000", "operatingIncome": "394100000", "sellingGeneralAndAdministrative": "1426100000", "researchAndDevelopment": "234600000", "operatingExpenses": "830700000", "investmentIncomeNet": "None", "netInterestIncome": "None", "interestIncome": "None", "interestExpense": "41100000", "nonInterestIncome": "None", "otherNonOperatingIncome": "None", "depreciation": "None", "depreciationAndAmortization": "135200000", "incomeBeforeTax": "660800000", "incomeTaxExpense": "190900000", "interestAndDebtExpense": "None", "netIncomeFromContinuingOperations": "None", "comprehensiveIncomeNetOfTax": "None", "ebit": "394100000", "ebitda": "529300000", "netIncome": "480400000"}, {"fiscalDateEnding": "2006-12-31", "reportedCurrency": "USD", "grossProfit": "1089000000", "totalRevenue": "3474800000", "costOfRevenue": "2385800000", "costofGoodsAndServicesSold": "2385800000", "operatingIncome": "407900000", "sellingGeneralAndAdministrative": "695400000", "researchAndDevelopment": "None", "operatingExpenses": "682300000", "investmentIncomeNet": "None", "netInterestIncome": "None", "interestIncome": "None", "interestExpense": "36500000", "nonInterestIncome": "None", "otherNonOperatingIncome": "None", "depreciation": "None", "depreciationAndAmortization": "98400000", "incomeBeforeTax": "380800000", "incomeTaxExpense": "142900000", "interestAndDebtExpense": "None", "netIncomeFromContinuingOperations": "None", "comprehensiveIncomeNetOfTax": "None", "ebit": "407900000", "ebitda": "506300000", "netIncome": "237900000"}, {"fiscalDateEnding": "2005-12-31", "reportedCurrency": "USD", "grossProfit": "823800000", "totalRevenue": "3000600000", "costOfRevenue": "2176800000", "costofGoodsAndServicesSold": "2176800000", "operatingIncome": "327500000", "sellingGeneralAndAdministrative": "1004600000", "researchAndDevelopment": "None", "operatingExpenses": "502600000", "investmentIncomeNet": "None", "netInterestIncome": "None", "interestIncome": "None", "interestExpense": "24000000", "nonInterestIncome": "None", "otherNonOperatingIncome": "None", "depreciation": "None", "depreciationAndAmortization": "82600000", "incomeBeforeTax": "298400000", "incomeTaxExpense": "96200000", "interestAndDebtExpense": "None", "netIncomeFromContinuingOperations": "None", "comprehensiveIncomeNetOfTax": "None", "ebit": "327500000", "ebitda": "410100000", "netIncome": "202200000"}], "quarterlyReports": [{"fiscalDateEnding": "2024-12-31", "reportedCurrency": "USD", "grossProfit": "1397000000", "totalRevenue": "5523000000", "costOfRevenue": "4126000000", "costofGoodsAndServicesSold": "4126000000", "operatingIncome": "569000000", "sellingGeneralAndAdministrative": "1070000000", "researchAndDevelopment": "None", "operatingExpenses": "828000000", "investmentIncomeNet": "None", "netInterestIncome": "-161000000", "interestIncome": "None", "interestExpense": "161000000", "nonInterestIncome": "None", "otherNonOperatingIncome": "None", "depreciation": "None", "depreciationAndAmortization": "326000000", "incomeBeforeTax": "487000000", "incomeTaxExpense": "31000000", "interestAndDebtExpense": "None", "netIncomeFromContinuingOperations": "456000000", "comprehensiveIncomeNetOfTax": "None", "ebit": "648000000", "ebitda": "974000000", "netIncome": "453000000"}, {"fiscalDateEnding": "2024-09-30", "reportedCurrency": "USD", "grossProfit": "1419000000", "totalRevenue": "5292000000", "costOfRevenue": "3873000000", "costofGoodsAndServicesSold": "3873000000", "operatingIncome": "495000000", "sellingGeneralAndAdministrative": "924000000", "researchAndDevelopment": "None", "operatingExpenses": "924000000", "investmentIncomeNet": "None", "netInterestIncome": "-166000000", "interestIncome": "None", "interestExpense": "166000000", "nonInterestIncome": "None", "otherNonOperatingIncome": "None", "depreciation": "None", "depreciationAndAmortization": "324000000", "incomeBeforeTax": "430000000", "incomeTaxExpense": "26000000", "interestAndDebtExpense": "None", "netIncomeFromContinuingOperations": "404000000", "comprehensiveIncomeNetOfTax": "None", "ebit": "596000000", "ebitda": "920000000", "netIncome": "400000000"}, {"fiscalDateEnding": "2024-06-30", "reportedCurrency": "USD", "grossProfit": "1166000000", "totalRevenue": "5299000000", "costOfRevenue": "4133000000", "costofGoodsAndServicesSold": "4133000000", "operatingIncome": "511000000", "sellingGeneralAndAdministrative": "803000000", "researchAndDevelopment": "None", "operatingExpenses": "655000000", "investmentIncomeNet": "None", "netInterestIncome": "-172000000", "interestIncome": "None", "interestExpense": "172000000", "nonInterestIncome": "None", "otherNonOperatingIncome": "None", "depreciation": "None", "depreciationAndAmortization": "319000000", "incomeBeforeTax": "390000000", "incomeTaxExpense": "23000000", "interestAndDebtExpense": "None", "netIncomeFromContinuingOperations": "367000000", "comprehensiveIncomeNetOfTax": "None", "ebit": "616000000", "ebitda": "935000000", "netIncome": "366000000"}, {"fiscalDateEnding": "2024-03-31", "reportedCurrency": "USD", "grossProfit": "1151000000", "totalRevenue": "5211000000", "costOfRevenue": "4060000000", "costofGoodsAndServicesSold": "4060000000", "operatingIncome": "418000000", "sellingGeneralAndAdministrative": "970000000", "researchAndDevelopment": "None", "operatingExpenses": "733000000", "investmentIncomeNet": "None", "netInterestIncome": "-176000000", "interestIncome": "None", "interestExpense": "176000000", "nonInterestIncome": "None", "otherNonOperatingIncome": "None", "depreciation": "None", "depreciationAndAmortization": "320000000", "incomeBeforeTax": "290000000", "incomeTaxExpense": "5000000", "interestAndDebtExpense": "None", "netIncomeFromContinuingOperations": "285000000", "comprehensiveIncomeNetOfTax": "None", "ebit": "625000000", "ebitda": "945000000", "netIncome": "283000000"}, {"fiscalDateEnding": "2023-12-31", "reportedCurrency": "USD", "grossProfit": "1405000000", "totalRevenue": "5340000000", "costOfRevenue": "3935000000", "costofGoodsAndServicesSold": "3935000000", "operatingIncome": "557000000", "sellingGeneralAndAdministrative": "878000000", "researchAndDevelopment": "480000000", "operatingExpenses": "704000000", "investmentIncomeNet": "None", "netInterestIncome": "-171000000", "interestIncome": "None", "interestExpense": "171000000", "nonInterestIncome": "None", "otherNonOperatingIncome": "None", "depreciation": "None", "depreciationAndAmortization": "350000000", "incomeBeforeTax": "76000000", "incomeTaxExpense": "-50000000", "interestAndDebtExpense": "None", "netIncomeFromContinuingOperations": "126000000", "comprehensiveIncomeNetOfTax": "None", "ebit": "756000000", "ebitda": "1106000000", "netIncome": "158000000"}, {"fiscalDateEnding": "2023-09-30", "reportedCurrency": "USD", "grossProfit": "1307000000", "totalRevenue": "4915000000", "costOfRevenue": "3608000000", "costofGoodsAndServicesSold": "3608000000", "operatingIncome": "559000000", "sellingGeneralAndAdministrative": "429000000", "researchAndDevelopment": "None", "operatingExpenses": "828000000", "investmentIncomeNet": "None", "netInterestIncome": "-159000000", "interestIncome": "159000000", "interestExpense": "159000000", "nonInterestIncome": "None", "otherNonOperatingIncome": "None", "depreciation": "None", "depreciationAndAmortization": "310000000", "incomeBeforeTax": "400000000", "incomeTaxExpense": "18000000", "interestAndDebtExpense": "None", "netIncomeFromContinuingOperations": "382000000", "comprehensiveIncomeNetOfTax": "None", "ebit": "559000000", "ebitda": "869000000", "netIncome": "383000000"}, {"fiscalDateEnding": "2023-06-30", "reportedCurrency": "USD", "grossProfit": "1217000000", "totalRevenue": "4693000000", "costOfRevenue": "3476000000", "costofGoodsAndServicesSold": "3476000000", "operatingIncome": "517000000", "sellingGeneralAndAdministrative": "706000000", "researchAndDevelopment": "None", "operatingExpenses": "706000000", "investmentIncomeNet": "None", "netInterestIncome": "-111000000", "interestIncome": "111000000", "interestExpense": "111000000", "nonInterestIncome": "None", "otherNonOperatingIncome": "None", "depreciation": "None", "depreciationAndAmortization": "256000000", "incomeBeforeTax": "372000000", "incomeTaxExpense": "21000000", "interestAndDebtExpense": "None", "netIncomeFromContinuingOperations": "351000000", "comprehensiveIncomeNetOfTax": "None", "ebit": "519000000", "ebitda": "775000000", "netIncome": "349000000"}, {"fiscalDateEnding": "2023-03-31", "reportedCurrency": "USD", "grossProfit": "1166000000", "totalRevenue": "4471000000", "costOfRevenue": "3305000000", "costofGoodsAndServicesSold": "3305000000", "operatingIncome": "475000000", "sellingGeneralAndAdministrative": "773000000", "researchAndDevelopment": "None", "operatingExpenses": "773000000", "investmentIncomeNet": "None", "netInterestIncome": "-102000000", "interestIncome": "102000000", "interestExpense": "102000000", "nonInterestIncome": "None", "otherNonOperatingIncome": "None", "depreciation": "None", "depreciationAndAmortization": "250000000", "incomeBeforeTax": "373000000", "incomeTaxExpense": "34000000", "interestAndDebtExpense": "None", "netIncomeFromContinuingOperations": "339000000", "comprehensiveIncomeNetOfTax": "None", "ebit": "475000000", "ebitda": "725000000", "netIncome": "337000000"}, {"fiscalDateEnding": "2022-12-31", "reportedCurrency": "USD", "grossProfit": "1262000000", "totalRevenue": "4578000000", "costOfRevenue": "3316000000", "costofGoodsAndServicesSold": "3316000000", "operatingIncome": "625000000", "sellingGeneralAndAdministrative": "2844000000", "researchAndDevelopment": "603000000", "operatingExpenses": "767000000", "investmentIncomeNet": "None", "netInterestIncome": "-74000000", "interestIncome": "74000000", "interestExpense": "74000000", "nonInterestIncome": "None", "otherNonOperatingIncome": "None", "depreciation": "None", "depreciationAndAmortization": "243000000", "incomeBeforeTax": "533000000", "incomeTaxExpense": "116000000", "interestAndDebtExpense": "None", "netIncomeFromContinuingOperations": "417000000", "comprehensiveIncomeNetOfTax": "None", "ebit": "607000000", "ebitda": "850000000", "netIncome": "416000000"}, {"fiscalDateEnding": "2022-09-30", "reportedCurrency": "USD", "grossProfit": "1194000000", "totalRevenue": "4246000000", "costOfRevenue": "3052000000", "costofGoodsAndServicesSold": "3052000000", "operatingIncome": "551000000", "sellingGeneralAndAdministrative": "742000000", "researchAndDevelopment": "None", "operatingExpenses": "742000000", "investmentIncomeNet": "None", "netInterestIncome": "-70000000", "interestIncome": "70000000", "interestExpense": "70000000", "nonInterestIncome": "None", "otherNonOperatingIncome": "None", "depreciation": "None", "depreciationAndAmortization": "235000000", "incomeBeforeTax": "-321000000", "incomeTaxExpense": "-20000000", "interestAndDebtExpense": "None", "netIncomeFromContinuingOperations": "-301000000", "comprehensiveIncomeNetOfTax": "None", "ebit": "-251000000", "ebitda": "-16000000", "netIncome": "-300000000"}, {"fiscalDateEnding": "2022-06-30", "reportedCurrency": "USD", "grossProfit": "1228000000", "totalRevenue": "4135000000", "costOfRevenue": "2907000000", "costofGoodsAndServicesSold": "2907000000", "operatingIncome": "592000000", "sellingGeneralAndAdministrative": "633000000", "researchAndDevelopment": "None", "operatingExpenses": "633000000", "investmentIncomeNet": "None", "netInterestIncome": "-67000000", "interestIncome": "67000000", "interestExpense": "67000000", "nonInterestIncome": "None", "otherNonOperatingIncome": "None", "depreciation": "None", "depreciationAndAmortization": "386000000", "incomeBeforeTax": "525000000", "incomeTaxExpense": "55000000", "interestAndDebtExpense": "None", "netIncomeFromContinuingOperations": "470000000", "comprehensiveIncomeNetOfTax": "None", "ebit": "592000000", "ebitda": "978000000", "netIncome": "471000000"}, {"fiscalDateEnding": "2022-03-31", "reportedCurrency": "USD", "grossProfit": "1243000000", "totalRevenue": "4103000000", "costOfRevenue": "2860000000", "costofGoodsAndServicesSold": "2860000000", "operatingIncome": "604000000", "sellingGeneralAndAdministrative": "713000000", "researchAndDevelopment": "None", "operatingExpenses": "745000000", "investmentIncomeNet": "None", "netInterestIncome": "-68000000", "interestIncome": "68000000", "interestExpense": "68000000", "nonInterestIncome": "None", "otherNonOperatingIncome": "None", "depreciation": "None", "depreciationAndAmortization": "235000000", "incomeBeforeTax": "536000000", "incomeTaxExpense": "61000000", "interestAndDebtExpense": "None", "netIncomeFromContinuingOperations": "475000000", "comprehensiveIncomeNetOfTax": "None", "ebit": "604000000", "ebitda": "839000000", "netIncome": "475000000"}, {"fiscalDateEnding": "2021-12-31", "reportedCurrency": "USD", "grossProfit": "1297000000", "totalRevenue": "4350000000", "costOfRevenue": "3053000000", "costofGoodsAndServicesSold": "3053000000", "operatingIncome": "627000000", "sellingGeneralAndAdministrative": "795000000", "researchAndDevelopment": "692000000", "operatingExpenses": "795000000", "investmentIncomeNet": "None", "netInterestIncome": "-67000000", "interestIncome": "67000000", "interestExpense": "67000000", "nonInterestIncome": "None", "otherNonOperatingIncome": "None", "depreciation": "None", "depreciationAndAmortization": "245000000", "incomeBeforeTax": "588000000", "incomeTaxExpense": "104000000", "interestAndDebtExpense": "None", "netIncomeFromContinuingOperations": "484000000", "comprehensiveIncomeNetOfTax": "None", "ebit": "655000000", "ebitda": "900000000", "netIncome": "484000000"}, {"fiscalDateEnding": "2021-09-30", "reportedCurrency": "USD", "grossProfit": "1308000000", "totalRevenue": "4229000000", "costOfRevenue": "2921000000", "costofGoodsAndServicesSold": "2921000000", "operatingIncome": "626000000", "sellingGeneralAndAdministrative": "793000000", "researchAndDevelopment": "None", "operatingExpenses": "793000000", "investmentIncomeNet": "None", "netInterestIncome": "-67000000", "interestIncome": "67000000", "interestExpense": "67000000", "nonInterestIncome": "None", "otherNonOperatingIncome": "None", "depreciation": "None", "depreciationAndAmortization": "241000000", "incomeBeforeTax": "586000000", "incomeTaxExpense": "107000000", "interestAndDebtExpense": "None", "netIncomeFromContinuingOperations": "479000000", "comprehensiveIncomeNetOfTax": "None", "ebit": "624000000", "ebitda": "865000000", "netIncome": "481000000"}, {"fiscalDateEnding": "2021-06-30", "reportedCurrency": "USD", "grossProfit": "1417000000", "totalRevenue": "4668000000", "costOfRevenue": "3251000000", "costofGoodsAndServicesSold": "3251000000", "operatingIncome": "612000000", "sellingGeneralAndAdministrative": "891000000", "researchAndDevelopment": "None", "operatingExpenses": "891000000", "investmentIncomeNet": "None", "netInterestIncome": "-65000000", "interestIncome": "65000000", "interestExpense": "65000000", "nonInterestIncome": "None", "otherNonOperatingIncome": "None", "depreciation": "None", "depreciationAndAmortization": "236000000", "incomeBeforeTax": "582000000", "incomeTaxExpense": "169000000", "interestAndDebtExpense": "None", "netIncomeFromContinuingOperations": "413000000", "comprehensiveIncomeNetOfTax": "None", "ebit": "609000000", "ebitda": "845000000", "netIncome": "413000000"}, {"fiscalDateEnding": "2021-03-31", "reportedCurrency": "USD", "grossProfit": "1354000000", "totalRevenue": "4567000000", "costOfRevenue": "3213000000", "costofGoodsAndServicesSold": "3213000000", "operatingIncome": "670000000", "sellingGeneralAndAdministrative": "801000000", "researchAndDevelopment": "None", "operatingExpenses": "801000000", "investmentIncomeNet": "None", "netInterestIncome": "-66000000", "interestIncome": "3000000", "interestExpense": "66000000", "nonInterestIncome": "None", "otherNonOperatingIncome": "None", "depreciation": "None", "depreciationAndAmortization": "251000000", "incomeBeforeTax": "527000000", "incomeTaxExpense": "60000000", "interestAndDebtExpense": "None", "netIncomeFromContinuingOperations": "467000000", "comprehensiveIncomeNetOfTax": "None", "ebit": "670000000", "ebitda": "921000000", "netIncome": "468000000"}, {"fiscalDateEnding": "2020-12-31", "reportedCurrency": "USD", "grossProfit": "1399000000", "totalRevenue": "4660000000", "costOfRevenue": "3261000000", "costofGoodsAndServicesSold": "3261000000", "operatingIncome": "675000000", "sellingGeneralAndAdministrative": "779000000", "researchAndDevelopment": "684000000", "operatingExpenses": "831000000", "investmentIncomeNet": "None", "netInterestIncome": "-64000000", "interestIncome": "4000000", "interestExpense": "68000000", "nonInterestIncome": "None", "otherNonOperatingIncome": "68000000", "depreciation": "None", "depreciationAndAmortization": "264000000", "incomeBeforeTax": "247000000", "incomeTaxExpense": "63000000", "interestAndDebtExpense": "None", "netIncomeFromContinuingOperations": "184000000", "comprehensiveIncomeNetOfTax": "None", "ebit": "805000000", "ebitda": "1069000000", "netIncome": "193000000"}, {"fiscalDateEnding": "2020-09-30", "reportedCurrency": "USD", "grossProfit": "1311000000", "totalRevenue": "4463000000", "costOfRevenue": "3152000000", "costofGoodsAndServicesSold": "3152000000", "operatingIncome": "590000000", "sellingGeneralAndAdministrative": "809000000", "researchAndDevelopment": "None", "operatingExpenses": "817000000", "investmentIncomeNet": "None", "netInterestIncome": "-62000000", "interestIncome": "62000000", "interestExpense": "62000000", "nonInterestIncome": "None", "otherNonOperatingIncome": "90000000", "depreciation": "None", "depreciationAndAmortization": "253000000", "incomeBeforeTax": "518000000", "incomeTaxExpense": "87000000", "interestAndDebtExpense": "None", "netIncomeFromContinuingOperations": "431000000", "comprehensiveIncomeNetOfTax": "None", "ebit": "590000000", "ebitda": "843000000", "netIncome": "426000000"}, {"fiscalDateEnding": "2020-06-30", "reportedCurrency": "USD", "grossProfit": "1270000000", "totalRevenue": "4445000000", "costOfRevenue": "3175000000", "costofGoodsAndServicesSold": "3175000000", "operatingIncome": "520000000", "sellingGeneralAndAdministrative": "1730000000", "researchAndDevelopment": "None", "operatingExpenses": "855000000", "investmentIncomeNet": "None", "netInterestIncome": "-65000000", "interestIncome": "3000000", "interestExpense": "65000000", "nonInterestIncome": "None", "otherNonOperatingIncome": "108000000", "depreciation": "None", "depreciationAndAmortization": "285000000", "incomeBeforeTax": "336000000", "incomeTaxExpense": "58000000", "interestAndDebtExpense": "None", "netIncomeFromContinuingOperations": "278000000", "comprehensiveIncomeNetOfTax": "None", "ebit": "520000000", "ebitda": "805000000", "netIncome": "283000000"}, {"fiscalDateEnding": "2020-03-31", "reportedCurrency": "USD", "grossProfit": "1328000000", "totalRevenue": "4626000000", "costOfRevenue": "3298000000", "costofGoodsAndServicesSold": "3298000000", "operatingIncome": "616000000", "sellingGeneralAndAdministrative": "1624000000", "researchAndDevelopment": "149000000", "operatingExpenses": "812000000", "investmentIncomeNet": "None", "netInterestIncome": "-63000000", "interestIncome": "5000000", "interestExpense": "68000000", "nonInterestIncome": "None", "otherNonOperatingIncome": "100000000", "depreciation": "None", "depreciationAndAmortization": "230000000", "incomeBeforeTax": "221000000", "incomeTaxExpense": "26000000", "interestAndDebtExpense": "None", "netIncomeFromContinuingOperations": "195000000", "comprehensiveIncomeNetOfTax": "None", "ebit": "662000000", "ebitda": "892000000", "netIncome": "217000000"}, {"fiscalDateEnding": "2019-12-31", "reportedCurrency": "USD", "grossProfit": "1348000000", "totalRevenue": "4832000000", "costOfRevenue": "3484000000", "costofGoodsAndServicesSold": "3484000000", "operatingIncome": "538000000", "sellingGeneralAndAdministrative": "1891000000", "researchAndDevelopment": "658000000", "operatingExpenses": "928000000", "investmentIncomeNet": "None", "netInterestIncome": "-65000000", "interestIncome": "65000000", "interestExpense": "68000000", "nonInterestIncome": "None", "otherNonOperatingIncome": "None", "depreciation": "None", "depreciationAndAmortization": "241000000", "incomeBeforeTax": "468000000", "incomeTaxExpense": "68000000", "interestAndDebtExpense": "None", "netIncomeFromContinuingOperations": "400000000", "comprehensiveIncomeNetOfTax": "None", "ebit": "1314000000", "ebitda": "1555000000", "netIncome": "393000000"}, {"fiscalDateEnding": "2019-09-30", "reportedCurrency": "USD", "grossProfit": "1189000000", "totalRevenue": "4431000000", "costOfRevenue": "3242000000", "costofGoodsAndServicesSold": "3242000000", "operatingIncome": "278000000", "sellingGeneralAndAdministrative": "1278000000", "researchAndDevelopment": "None", "operatingExpenses": "999000000", "investmentIncomeNet": "None", "netInterestIncome": "-58000000", "interestIncome": "9000000", "interestExpense": "67000000", "nonInterestIncome": "None", "otherNonOperatingIncome": "317000000", "depreciation": "None", "depreciationAndAmortization": "201000000", "incomeBeforeTax": "440000000", "incomeTaxExpense": "5000000", "interestAndDebtExpense": "None", "netIncomeFromContinuingOperations": "435000000", "comprehensiveIncomeNetOfTax": "None", "ebit": "278000000", "ebitda": "479000000", "netIncome": "429000000"}, {"fiscalDateEnding": "2019-06-30", "reportedCurrency": "USD", "grossProfit": "642000000", "totalRevenue": "1865000000", "costOfRevenue": "1223000000", "costofGoodsAndServicesSold": "1223000000", "operatingIncome": "341000000", "sellingGeneralAndAdministrative": "628000000", "researchAndDevelopment": "0", "operatingExpenses": "349000000", "investmentIncomeNet": "None", "netInterestIncome": "-39000000", "interestIncome": "39000000", "interestExpense": "39000000", "nonInterestIncome": "None", "otherNonOperatingIncome": "48000000", "depreciation": "None", "depreciationAndAmortization": "65000000", "incomeBeforeTax": "302000000", "incomeTaxExpense": "33000000", "interestAndDebtExpense": "None", "netIncomeFromContinuingOperations": "269000000", "comprehensiveIncomeNetOfTax": "None", "ebit": "336000000", "ebitda": "401000000", "netIncome": "268000000"}, {"fiscalDateEnding": "2019-03-31", "reportedCurrency": "USD", "grossProfit": "589000000", "totalRevenue": "1728000000", "costOfRevenue": "1139000000", "costofGoodsAndServicesSold": "1139000000", "operatingIncome": "326000000", "sellingGeneralAndAdministrative": "1160000000", "researchAndDevelopment": "72000000", "operatingExpenses": "310000000", "investmentIncomeNet": "None", "netInterestIncome": "-42000000", "interestIncome": "1000000", "interestExpense": "43000000", "nonInterestIncome": "None", "otherNonOperatingIncome": "47000000", "depreciation": "None", "depreciationAndAmortization": "64000000", "incomeBeforeTax": "283000000", "incomeTaxExpense": "40000000", "interestAndDebtExpense": "None", "netIncomeFromContinuingOperations": "243000000", "comprehensiveIncomeNetOfTax": "None", "ebit": "342000000", "ebitda": "406000000", "netIncome": "243000000"}, {"fiscalDateEnding": "2018-12-31", "reportedCurrency": "USD", "grossProfit": "571000000", "totalRevenue": "1666000000", "costOfRevenue": "1095000000", "costofGoodsAndServicesSold": "1095000000", "operatingIncome": "314000000", "sellingGeneralAndAdministrative": "580000000", "researchAndDevelopment": "0", "operatingExpenses": "304000000", "investmentIncomeNet": "None", "netInterestIncome": "None", "interestIncome": "None", "interestExpense": "43000000", "nonInterestIncome": "None", "otherNonOperatingIncome": "47000000", "depreciation": "None", "depreciationAndAmortization": "64000000", "incomeBeforeTax": "271000000", "incomeTaxExpense": "46000000", "interestAndDebtExpense": "None", "netIncomeFromContinuingOperations": "225000000", "comprehensiveIncomeNetOfTax": "None", "ebit": "314000000", "ebitda": "378000000", "netIncome": "225000000"}, {"fiscalDateEnding": "2018-09-30", "reportedCurrency": "USD", "grossProfit": "532000000", "totalRevenue": "1542000000", "costOfRevenue": "1010000000", "costofGoodsAndServicesSold": "1010000000", "operatingIncome": "301000000", "sellingGeneralAndAdministrative": "558000000", "researchAndDevelopment": "0", "operatingExpenses": "279000000", "investmentIncomeNet": "None", "netInterestIncome": "None", "interestIncome": "None", "interestExpense": "44000000", "nonInterestIncome": "None", "otherNonOperatingIncome": "48000000", "depreciation": "None", "depreciationAndAmortization": "65000000", "incomeBeforeTax": "257000000", "incomeTaxExpense": "41000000", "interestAndDebtExpense": "None", "netIncomeFromContinuingOperations": "216000000", "comprehensiveIncomeNetOfTax": "None", "ebit": "301000000", "ebitda": "366000000", "netIncome": "213000000"}, {"fiscalDateEnding": "2018-06-30", "reportedCurrency": "USD", "grossProfit": "639000000", "totalRevenue": "1666000000", "costOfRevenue": "1027000000", "costofGoodsAndServicesSold": "1027000000", "operatingIncome": "322000000", "sellingGeneralAndAdministrative": "609000000", "researchAndDevelopment": "311000000", "operatingExpenses": "317000000", "investmentIncomeNet": "None", "netInterestIncome": "None", "interestIncome": "None", "interestExpense": "46000000", "nonInterestIncome": "None", "otherNonOperatingIncome": "-25000000", "depreciation": "None", "depreciationAndAmortization": "67000000", "incomeBeforeTax": "251000000", "incomeTaxExpense": "39000000", "interestAndDebtExpense": "None", "netIncomeFromContinuingOperations": "212000000", "comprehensiveIncomeNetOfTax": "None", "ebit": "325000000", "ebitda": "392000000", "netIncome": "217000000"}, {"fiscalDateEnding": "2018-03-31", "reportedCurrency": "USD", "grossProfit": "534000000", "totalRevenue": "1562000000", "costOfRevenue": "1028000000", "costofGoodsAndServicesSold": "1028000000", "operatingIncome": "256000000", "sellingGeneralAndAdministrative": "636000000", "researchAndDevelopment": "None", "operatingExpenses": "331000000", "investmentIncomeNet": "None", "netInterestIncome": "None", "interestIncome": "None", "interestExpense": "41000000", "nonInterestIncome": "None", "otherNonOperatingIncome": "None", "depreciation": "None", "depreciationAndAmortization": "62000000", "incomeBeforeTax": "208000000", "incomeTaxExpense": "10000000", "interestAndDebtExpense": "None", "netIncomeFromContinuingOperations": "203000000", "comprehensiveIncomeNetOfTax": "None", "ebit": "294000000", "ebitda": "356000000", "netIncome": "196000000"}, {"fiscalDateEnding": "2017-12-31", "reportedCurrency": "USD", "grossProfit": "513000000", "totalRevenue": "1535000000", "costOfRevenue": "1022000000", "costofGoodsAndServicesSold": "1022000000", "operatingIncome": "272000000", "sellingGeneralAndAdministrative": "555000000", "researchAndDevelopment": "None", "operatingExpenses": "291000000", "investmentIncomeNet": "None", "netInterestIncome": "None", "interestIncome": "None", "interestExpense": "42000000", "nonInterestIncome": "None", "otherNonOperatingIncome": "-1000000", "depreciation": "None", "depreciationAndAmortization": "65000000", "incomeBeforeTax": "225000000", "incomeTaxExpense": "94000000", "interestAndDebtExpense": "None", "netIncomeFromContinuingOperations": "139000000", "comprehensiveIncomeNetOfTax": "None", "ebit": "268000000", "ebitda": "333000000", "netIncome": "131000000"}, {"fiscalDateEnding": "2017-09-30", "reportedCurrency": "USD", "grossProfit": "491000000", "totalRevenue": "1410000000", "costOfRevenue": "919000000", "costofGoodsAndServicesSold": "919000000", "operatingIncome": "272000000", "sellingGeneralAndAdministrative": "511000000", "researchAndDevelopment": "None", "operatingExpenses": "268000000", "investmentIncomeNet": "None", "netInterestIncome": "None", "interestIncome": "None", "interestExpense": "41000000", "nonInterestIncome": "None", "otherNonOperatingIncome": "None", "depreciation": "None", "depreciationAndAmortization": "65000000", "incomeBeforeTax": "228000000", "incomeTaxExpense": "63000000", "interestAndDebtExpense": "None", "netIncomeFromContinuingOperations": "167000000", "comprehensiveIncomeNetOfTax": "None", "ebit": "269000000", "ebitda": "334000000", "netIncome": "159000000"}, {"fiscalDateEnding": "2017-06-30", "reportedCurrency": "USD", "grossProfit": "523000000", "totalRevenue": "1542000000", "costOfRevenue": "1019000000", "costofGoodsAndServicesSold": "1019000000", "operatingIncome": "276000000", "sellingGeneralAndAdministrative": "248000000", "researchAndDevelopment": "310000000", "operatingExpenses": "248000000", "investmentIncomeNet": "None", "netInterestIncome": "None", "interestIncome": "None", "interestExpense": "42000000", "nonInterestIncome": "None", "otherNonOperatingIncome": "1000000", "depreciation": "None", "depreciationAndAmortization": "72000000", "incomeBeforeTax": "234000000", "incomeTaxExpense": "68000000", "interestAndDebtExpense": "None", "netIncomeFromContinuingOperations": "146000000", "comprehensiveIncomeNetOfTax": "None", "ebit": "285000000", "ebitda": "357000000", "netIncome": "131000000"}, {"fiscalDateEnding": "2017-03-31", "reportedCurrency": "USD", "grossProfit": "531000000", "totalRevenue": "1489000000", "costOfRevenue": "958000000", "costofGoodsAndServicesSold": "958000000", "operatingIncome": "275000000", "sellingGeneralAndAdministrative": "250000000", "researchAndDevelopment": "None", "operatingExpenses": "256000000", "investmentIncomeNet": "None", "netInterestIncome": "None", "interestIncome": "None", "interestExpense": "42000000", "nonInterestIncome": "None", "otherNonOperatingIncome": "None", "depreciation": "None", "depreciationAndAmortization": "72000000", "incomeBeforeTax": "233000000", "incomeTaxExpense": "69000000", "interestAndDebtExpense": "None", "netIncomeFromContinuingOperations": "164000000", "comprehensiveIncomeNetOfTax": "None", "ebit": "275000000", "ebitda": "347000000", "netIncome": "85000000"}, {"fiscalDateEnding": "2016-12-31", "reportedCurrency": "USD", "grossProfit": "529000000", "totalRevenue": "1449000000", "costOfRevenue": "920000000", "costofGoodsAndServicesSold": "920000000", "operatingIncome": "277000000", "sellingGeneralAndAdministrative": "513000000", "researchAndDevelopment": "None", "operatingExpenses": "252000000", "investmentIncomeNet": "None", "netInterestIncome": "None", "interestIncome": "None", "interestExpense": "44000000", "nonInterestIncome": "None", "otherNonOperatingIncome": "2000000", "depreciation": "None", "depreciationAndAmortization": "81000000", "incomeBeforeTax": "235000000", "incomeTaxExpense": "72000000", "interestAndDebtExpense": "None", "netIncomeFromContinuingOperations": "168000000", "comprehensiveIncomeNetOfTax": "None", "ebit": "290000000", "ebitda": "371000000", "netIncome": "177000000"}, {"fiscalDateEnding": "2016-09-30", "reportedCurrency": "USD", "grossProfit": "523000000", "totalRevenue": "1420000000", "costOfRevenue": "897000000", "costofGoodsAndServicesSold": "897000000", "operatingIncome": "246000000", "sellingGeneralAndAdministrative": "311000000", "researchAndDevelopment": "None", "operatingExpenses": "277000000", "investmentIncomeNet": "None", "netInterestIncome": "None", "interestIncome": "None", "interestExpense": "44000000", "nonInterestIncome": "None", "otherNonOperatingIncome": "1000000", "depreciation": "None", "depreciationAndAmortization": "86000000", "incomeBeforeTax": "203000000", "incomeTaxExpense": "58000000", "interestAndDebtExpense": "None", "netIncomeFromContinuingOperations": "160000000", "comprehensiveIncomeNetOfTax": "None", "ebit": "263000000", "ebitda": "349000000", "netIncome": "160000000"}, {"fiscalDateEnding": "2016-06-30", "reportedCurrency": "USD", "grossProfit": "585000000", "totalRevenue": "1904000000", "costOfRevenue": "1319000000", "costofGoodsAndServicesSold": "1319000000", "operatingIncome": "277000000", "sellingGeneralAndAdministrative": "587000000", "researchAndDevelopment": "305000000", "operatingExpenses": "309000000", "investmentIncomeNet": "None", "netInterestIncome": "None", "interestIncome": "None", "interestExpense": "44000000", "nonInterestIncome": "None", "otherNonOperatingIncome": "11000000", "depreciation": "None", "depreciationAndAmortization": "99000000", "incomeBeforeTax": "243000000", "incomeTaxExpense": "81000000", "interestAndDebtExpense": "None", "netIncomeFromContinuingOperations": "162000000", "comprehensiveIncomeNetOfTax": "None", "ebit": "231000000", "ebitda": "330000000", "netIncome": "160000000"}, {"fiscalDateEnding": "2016-03-31", "reportedCurrency": "USD", "grossProfit": "541000000", "totalRevenue": "1550000000", "costOfRevenue": "1009000000", "costofGoodsAndServicesSold": "1009000000", "operatingIncome": "267000000", "sellingGeneralAndAdministrative": "582000000", "researchAndDevelopment": "None", "operatingExpenses": "273000000", "investmentIncomeNet": "None", "netInterestIncome": "None", "interestIncome": "None", "interestExpense": "46000000", "nonInterestIncome": "None", "otherNonOperatingIncome": "-1000000", "depreciation": "None", "depreciationAndAmortization": "82000000", "incomeBeforeTax": "221000000", "incomeTaxExpense": "62000000", "interestAndDebtExpense": "None", "netIncomeFromContinuingOperations": "170000000", "comprehensiveIncomeNetOfTax": "None", "ebit": "267000000", "ebitda": "349000000", "netIncome": "168000000"}, {"fiscalDateEnding": "2015-12-31", "reportedCurrency": "USD", "grossProfit": "545000000", "totalRevenue": "1748000000", "costOfRevenue": "1203000000", "costofGoodsAndServicesSold": "1203000000", "operatingIncome": "328000000", "sellingGeneralAndAdministrative": "590000000", "researchAndDevelopment": "None", "operatingExpenses": "217000000", "investmentIncomeNet": "None", "netInterestIncome": "None", "interestIncome": "None", "interestExpense": "46000000", "nonInterestIncome": "None", "otherNonOperatingIncome": "None", "depreciation": "None", "depreciationAndAmortization": "86000000", "incomeBeforeTax": "282000000", "incomeTaxExpense": "85000000", "interestAndDebtExpense": "None", "netIncomeFromContinuingOperations": "-135000000", "comprehensiveIncomeNetOfTax": "None", "ebit": "328000000", "ebitda": "414000000", "netIncome": "-152000000"}, {"fiscalDateEnding": "2015-09-30", "reportedCurrency": "USD", "grossProfit": "591000000", "totalRevenue": "1811000000", "costOfRevenue": "1220000000", "costofGoodsAndServicesSold": "1220000000", "operatingIncome": "264000000", "sellingGeneralAndAdministrative": "464000000", "researchAndDevelopment": "None", "operatingExpenses": "329000000", "investmentIncomeNet": "None", "netInterestIncome": "None", "interestIncome": "None", "interestExpense": "48000000", "nonInterestIncome": "None", "otherNonOperatingIncome": "None", "depreciation": "None", "depreciationAndAmortization": "94000000", "incomeBeforeTax": "216000000", "incomeTaxExpense": "68000000", "interestAndDebtExpense": "None", "netIncomeFromContinuingOperations": "None", "comprehensiveIncomeNetOfTax": "None", "ebit": "264000000", "ebitda": "358000000", "netIncome": "148000000"}, {"fiscalDateEnding": "2015-06-30", "reportedCurrency": "USD", "grossProfit": "496500000", "totalRevenue": "1534700000", "costOfRevenue": "1038200000", "costofGoodsAndServicesSold": "1038200000", "operatingIncome": "-16200000", "sellingGeneralAndAdministrative": "1287500000", "researchAndDevelopment": "277000000", "operatingExpenses": "404500000", "investmentIncomeNet": "None", "netInterestIncome": "None", "interestIncome": "None", "interestExpense": "50500000", "nonInterestIncome": "None", "otherNonOperatingIncome": "-108200000", "depreciation": "None", "depreciationAndAmortization": "80100000", "incomeBeforeTax": "-66700000", "incomeTaxExpense": "-10500000", "interestAndDebtExpense": "None", "netIncomeFromContinuingOperations": "-56200000", "comprehensiveIncomeNetOfTax": "None", "ebit": "-188700000", "ebitda": "-108600000", "netIncome": "-56300000"}, {"fiscalDateEnding": "2015-03-31", "reportedCurrency": "USD", "grossProfit": "433000000", "totalRevenue": "1187000000", "costOfRevenue": "754000000", "costofGoodsAndServicesSold": "754000000", "operatingIncome": "213000000", "sellingGeneralAndAdministrative": "441800000", "researchAndDevelopment": "None", "operatingExpenses": "220000000", "investmentIncomeNet": "None", "netInterestIncome": "None", "interestIncome": "None", "interestExpense": "34000000", "nonInterestIncome": "None", "otherNonOperatingIncome": "600000", "depreciation": "None", "depreciationAndAmortization": "60000000", "incomeBeforeTax": "179000000", "incomeTaxExpense": "53000000", "interestAndDebtExpense": "None", "netIncomeFromContinuingOperations": "125600000", "comprehensiveIncomeNetOfTax": "None", "ebit": "213000000", "ebitda": "273000000", "netIncome": "126000000"}, {"fiscalDateEnding": "2014-12-31", "reportedCurrency": "USD", "grossProfit": "398000000", "totalRevenue": "1206000000", "costOfRevenue": "808000000", "costofGoodsAndServicesSold": "808000000", "operatingIncome": "211000000", "sellingGeneralAndAdministrative": "375000000", "researchAndDevelopment": "None", "operatingExpenses": "188000000", "investmentIncomeNet": "None", "netInterestIncome": "None", "interestIncome": "None", "interestExpense": "22000000", "nonInterestIncome": "None", "otherNonOperatingIncome": "900000", "depreciation": "None", "depreciationAndAmortization": "53000000", "incomeBeforeTax": "189000000", "incomeTaxExpense": "50000000", "interestAndDebtExpense": "None", "netIncomeFromContinuingOperations": "139500000", "comprehensiveIncomeNetOfTax": "None", "ebit": "211000000", "ebitda": "264000000", "netIncome": "139000000"}, {"fiscalDateEnding": "2014-09-30", "reportedCurrency": "USD", "grossProfit": "393000000", "totalRevenue": "1155000000", "costOfRevenue": "762000000", "costofGoodsAndServicesSold": "762000000", "operatingIncome": "199000000", "sellingGeneralAndAdministrative": "390000000", "researchAndDevelopment": "None", "operatingExpenses": "195000000", "investmentIncomeNet": "None", "netInterestIncome": "None", "interestIncome": "None", "interestExpense": "23000000", "nonInterestIncome": "None", "otherNonOperatingIncome": "700000", "depreciation": "None", "depreciationAndAmortization": "51000000", "incomeBeforeTax": "176000000", "incomeTaxExpense": "51000000", "interestAndDebtExpense": "None", "netIncomeFromContinuingOperations": "125100000", "comprehensiveIncomeNetOfTax": "None", "ebit": "199000000", "ebitda": "250000000", "netIncome": "125000000"}, {"fiscalDateEnding": "2014-06-30", "reportedCurrency": "USD", "grossProfit": "429800000", "totalRevenue": "1329400000", "costOfRevenue": "899600000", "costofGoodsAndServicesSold": "899600000", "operatingIncome": "226300000", "sellingGeneralAndAdministrative": "407900000", "researchAndDevelopment": "865000000", "operatingExpenses": "203900000", "investmentIncomeNet": "None", "netInterestIncome": "None", "interestIncome": "None", "interestExpense": "23000000", "nonInterestIncome": "None", "otherNonOperatingIncome": "400000", "depreciation": "None", "depreciationAndAmortization": "55700000", "incomeBeforeTax": "203300000", "incomeTaxExpense": "65700000", "interestAndDebtExpense": "None", "netIncomeFromContinuingOperations": "137600000", "comprehensiveIncomeNetOfTax": "None", "ebit": "226300000", "ebitda": "282000000", "netIncome": "131400000"}, {"fiscalDateEnding": "2014-03-31", "reportedCurrency": "USD", "grossProfit": "426500000", "totalRevenue": "1267500000", "costOfRevenue": "841000000", "costofGoodsAndServicesSold": "841000000", "operatingIncome": "224200000", "sellingGeneralAndAdministrative": "406200000", "researchAndDevelopment": "None", "operatingExpenses": "203200000", "investmentIncomeNet": "None", "netInterestIncome": "None", "interestIncome": "None", "interestExpense": "23200000", "nonInterestIncome": "None", "otherNonOperatingIncome": "900000", "depreciation": "None", "depreciationAndAmortization": "48200000", "incomeBeforeTax": "201000000", "incomeTaxExpense": "63900000", "interestAndDebtExpense": "None", "netIncomeFromContinuingOperations": "137100000", "comprehensiveIncomeNetOfTax": "None", "ebit": "224200000", "ebitda": "272400000", "netIncome": "141400000"}, {"fiscalDateEnding": "2013-12-31", "reportedCurrency": "USD", "grossProfit": "427800000", "totalRevenue": "1223200000", "costOfRevenue": "795400000", "costofGoodsAndServicesSold": "795400000", "operatingIncome": "227000000", "sellingGeneralAndAdministrative": "409700000", "researchAndDevelopment": "None", "operatingExpenses": "204700000", "investmentIncomeNet": "None", "netInterestIncome": "None", "interestIncome": "None", "interestExpense": "23700000", "nonInterestIncome": "None", "otherNonOperatingIncome": "3900000", "depreciation": "None", "depreciationAndAmortization": "50400000", "incomeBeforeTax": "203300000", "incomeTaxExpense": "66200000", "interestAndDebtExpense": "None", "netIncomeFromContinuingOperations": "137100000", "comprehensiveIncomeNetOfTax": "None", "ebit": "227000000", "ebitda": "277400000", "netIncome": "136200000"}, {"fiscalDateEnding": "2013-09-30", "reportedCurrency": "USD", "grossProfit": "417400000", "totalRevenue": "1191900000", "costOfRevenue": "774500000", "costofGoodsAndServicesSold": "774500000", "operatingIncome": "211500000", "sellingGeneralAndAdministrative": "414800000", "researchAndDevelopment": "None", "operatingExpenses": "207800000", "investmentIncomeNet": "None", "netInterestIncome": "None", "interestIncome": "None", "interestExpense": "23700000", "nonInterestIncome": "None", "otherNonOperatingIncome": "1900000", "depreciation": "None", "depreciationAndAmortization": "50000000", "incomeBeforeTax": "187800000", "incomeTaxExpense": "60400000", "interestAndDebtExpense": "None", "netIncomeFromContinuingOperations": "127400000", "comprehensiveIncomeNetOfTax": "None", "ebit": "211500000", "ebitda": "261500000", "netIncome": "125800000"}, {"fiscalDateEnding": "2013-06-30", "reportedCurrency": "USD", "grossProfit": "471800000", "totalRevenue": "1359600000", "costOfRevenue": "887800000", "costofGoodsAndServicesSold": "887800000", "operatingIncome": "132400000", "sellingGeneralAndAdministrative": "601700000", "researchAndDevelopment": "900000000", "operatingExpenses": "300700000", "investmentIncomeNet": "None", "netInterestIncome": "None", "interestIncome": "None", "interestExpense": "26000000", "nonInterestIncome": "None", "otherNonOperatingIncome": "-38700000", "depreciation": "None", "depreciationAndAmortization": "56300000", "incomeBeforeTax": "106400000", "incomeTaxExpense": "35900000", "interestAndDebtExpense": "None", "netIncomeFromContinuingOperations": "70500000", "comprehensiveIncomeNetOfTax": "None", "ebit": "132400000", "ebitda": "188700000", "netIncome": "55500000"}, {"fiscalDateEnding": "2013-03-31", "reportedCurrency": "USD", "grossProfit": "400200000", "totalRevenue": "1203700000", "costOfRevenue": "803500000", "costofGoodsAndServicesSold": "803500000", "operatingIncome": "198000000", "sellingGeneralAndAdministrative": "404500000", "researchAndDevelopment": "None", "operatingExpenses": "202500000", "investmentIncomeNet": "None", "netInterestIncome": "None", "interestIncome": "None", "interestExpense": "27600000", "nonInterestIncome": "None", "otherNonOperatingIncome": "300000", "depreciation": "None", "depreciationAndAmortization": "54100000", "incomeBeforeTax": "170400000", "incomeTaxExpense": "45800000", "interestAndDebtExpense": "None", "netIncomeFromContinuingOperations": "124600000", "comprehensiveIncomeNetOfTax": "None", "ebit": "198000000", "ebitda": "252100000", "netIncome": "94800000"}, {"fiscalDateEnding": "2012-12-31", "reportedCurrency": "USD", "grossProfit": "441500000", "totalRevenue": "1286900000", "costOfRevenue": "845400000", "costofGoodsAndServicesSold": "845400000", "operatingIncome": "227800000", "sellingGeneralAndAdministrative": "426100000", "researchAndDevelopment": "None", "operatingExpenses": "213100000", "investmentIncomeNet": "None", "netInterestIncome": "None", "interestIncome": "None", "interestExpense": "27600000", "nonInterestIncome": "None", "otherNonOperatingIncome": "-600000", "depreciation": "None", "depreciationAndAmortization": "55400000", "incomeBeforeTax": "200200000", "incomeTaxExpense": "61700000", "interestAndDebtExpense": "None", "netIncomeFromContinuingOperations": "138500000", "comprehensiveIncomeNetOfTax": "None", "ebit": "227800000", "ebitda": "283200000", "netIncome": "48500000"}, {"fiscalDateEnding": "2012-09-30", "reportedCurrency": "USD", "grossProfit": "413200000", "totalRevenue": "1261500000", "costOfRevenue": "848300000", "costofGoodsAndServicesSold": "848300000", "operatingIncome": "215500000", "sellingGeneralAndAdministrative": "396200000", "researchAndDevelopment": "None", "operatingExpenses": "198200000", "investmentIncomeNet": "None", "netInterestIncome": "None", "interestIncome": "None", "interestExpense": "27900000", "nonInterestIncome": "None", "otherNonOperatingIncome": "500000", "depreciation": "None", "depreciationAndAmortization": "54800000", "incomeBeforeTax": "187600000", "incomeTaxExpense": "59300000", "interestAndDebtExpense": "None", "netIncomeFromContinuingOperations": "128300000", "comprehensiveIncomeNetOfTax": "None", "ebit": "215500000", "ebitda": "270300000", "netIncome": "-85800000"}, {"fiscalDateEnding": "2012-06-30", "reportedCurrency": "USD", "grossProfit": "333000000", "totalRevenue": "1079000000", "costOfRevenue": "746000000", "costofGoodsAndServicesSold": "746000000", "operatingIncome": "267900000", "sellingGeneralAndAdministrative": "1193200000", "researchAndDevelopment": "None", "operatingExpenses": "76800000", "investmentIncomeNet": "None", "netInterestIncome": "None", "interestIncome": "None", "interestExpense": "27300000", "nonInterestIncome": "None", "otherNonOperatingIncome": "None", "depreciation": "None", "depreciationAndAmortization": "66300000", "incomeBeforeTax": "652900000", "incomeTaxExpense": "103000000", "interestAndDebtExpense": "None", "netIncomeFromContinuingOperations": "558800000", "comprehensiveIncomeNetOfTax": "None", "ebit": "267900000", "ebitda": "334200000", "netIncome": "129100000"}, {"fiscalDateEnding": "2012-03-31", "reportedCurrency": "USD", "grossProfit": "489000000", "totalRevenue": "1368800000", "costOfRevenue": "879800000", "costofGoodsAndServicesSold": "879800000", "operatingIncome": "256300000", "sellingGeneralAndAdministrative": "517900000", "researchAndDevelopment": "None", "operatingExpenses": "242000000", "investmentIncomeNet": "None", "netInterestIncome": "None", "interestIncome": "None", "interestExpense": "28700000", "nonInterestIncome": "None", "otherNonOperatingIncome": "9300000", "depreciation": "None", "depreciationAndAmortization": "64700000", "incomeBeforeTax": "227600000", "incomeTaxExpense": "73200000", "interestAndDebtExpense": "None", "netIncomeFromContinuingOperations": "-256300000", "comprehensiveIncomeNetOfTax": "None", "ebit": "256300000", "ebitda": "321000000", "netIncome": "-353200000"}, {"fiscalDateEnding": "2011-12-31", "reportedCurrency": "USD", "grossProfit": "454200000", "totalRevenue": "1310200000", "costOfRevenue": "856000000", "costofGoodsAndServicesSold": "856000000", "operatingIncome": "235000000", "sellingGeneralAndAdministrative": "499600000", "researchAndDevelopment": "None", "operatingExpenses": "222300000", "investmentIncomeNet": "None", "netInterestIncome": "None", "interestIncome": "None", "interestExpense": "29100000", "nonInterestIncome": "None", "otherNonOperatingIncome": "3100000", "depreciation": "None", "depreciationAndAmortization": "66000000", "incomeBeforeTax": "205900000", "incomeTaxExpense": "71100000", "interestAndDebtExpense": "None", "netIncomeFromContinuingOperations": "132300000", "comprehensiveIncomeNetOfTax": "None", "ebit": "235000000", "ebitda": "301000000", "netIncome": "133100000"}, {"fiscalDateEnding": "2011-09-30", "reportedCurrency": "USD", "grossProfit": "442200000", "totalRevenue": "1336100000", "costOfRevenue": "893900000", "costofGoodsAndServicesSold": "893900000", "operatingIncome": "220400000", "sellingGeneralAndAdministrative": "290900000", "researchAndDevelopment": "None", "operatingExpenses": "223400000", "investmentIncomeNet": "None", "netInterestIncome": "None", "interestIncome": "None", "interestExpense": "28100000", "nonInterestIncome": "None", "otherNonOperatingIncome": "1600000", "depreciation": "None", "depreciationAndAmortization": "63300000", "incomeBeforeTax": "192300000", "incomeTaxExpense": "61700000", "interestAndDebtExpense": "None", "netIncomeFromContinuingOperations": "121100000", "comprehensiveIncomeNetOfTax": "None", "ebit": "220400000", "ebitda": "283700000", "netIncome": "121600000"}, {"fiscalDateEnding": "2011-06-30", "reportedCurrency": "USD", "grossProfit": "574800000", "totalRevenue": "1667400000", "costOfRevenue": "1092600000", "costofGoodsAndServicesSold": "1092600000", "operatingIncome": "227400000", "sellingGeneralAndAdministrative": "1420100000", "researchAndDevelopment": "None", "operatingExpenses": "347900000", "investmentIncomeNet": "None", "netInterestIncome": "None", "interestIncome": "None", "interestExpense": "26200000", "nonInterestIncome": "None", "otherNonOperatingIncome": "200000", "depreciation": "None", "depreciationAndAmortization": "63500000", "incomeBeforeTax": "200900000", "incomeTaxExpense": "68000000", "interestAndDebtExpense": "None", "netIncomeFromContinuingOperations": "132900000", "comprehensiveIncomeNetOfTax": "None", "ebit": "227100000", "ebitda": "290600000", "netIncome": "133500000"}, {"fiscalDateEnding": "2011-03-31", "reportedCurrency": "USD", "grossProfit": "516200000", "totalRevenue": "1412800000", "costOfRevenue": "896600000", "costofGoodsAndServicesSold": "896600000", "operatingIncome": "236500000", "sellingGeneralAndAdministrative": "396700000", "researchAndDevelopment": "None", "operatingExpenses": "281000000", "investmentIncomeNet": "None", "netInterestIncome": "None", "interestIncome": "None", "interestExpense": "27100000", "nonInterestIncome": "None", "otherNonOperatingIncome": "1000000", "depreciation": "None", "depreciationAndAmortization": "52300000", "incomeBeforeTax": "209100000", "incomeTaxExpense": "67500000", "interestAndDebtExpense": "None", "netIncomeFromContinuingOperations": "139200000", "comprehensiveIncomeNetOfTax": "None", "ebit": "236200000", "ebitda": "288500000", "netIncome": "139500000"}, {"fiscalDateEnding": "2010-12-31", "reportedCurrency": "USD", "grossProfit": "498000000", "totalRevenue": "1438500000", "costOfRevenue": "940500000", "costofGoodsAndServicesSold": "940500000", "operatingIncome": "243200000", "sellingGeneralAndAdministrative": "255200000", "researchAndDevelopment": "None", "operatingExpenses": "255200000", "investmentIncomeNet": "None", "netInterestIncome": "None", "interestIncome": "None", "interestExpense": "20400000", "nonInterestIncome": "None", "otherNonOperatingIncome": "-500000", "depreciation": "None", "depreciationAndAmortization": "49400000", "incomeBeforeTax": "221900000", "incomeTaxExpense": "70800000", "interestAndDebtExpense": "None", "netIncomeFromContinuingOperations": "151100000", "comprehensiveIncomeNetOfTax": "None", "ebit": "242300000", "ebitda": "291700000", "netIncome": "151100000"}, {"fiscalDateEnding": "2010-09-30", "reportedCurrency": "USD", "grossProfit": "524300000", "totalRevenue": "1405400000", "costOfRevenue": "881100000", "costofGoodsAndServicesSold": "881100000", "operatingIncome": "269700000", "sellingGeneralAndAdministrative": "510200000", "researchAndDevelopment": "None", "operatingExpenses": "255200000", "investmentIncomeNet": "None", "netInterestIncome": "None", "interestIncome": "None", "interestExpense": "17800000", "nonInterestIncome": "None", "otherNonOperatingIncome": "200000", "depreciation": "None", "depreciationAndAmortization": "46800000", "incomeBeforeTax": "251500000", "incomeTaxExpense": "87600000", "interestAndDebtExpense": "None", "netIncomeFromContinuingOperations": "163900000", "comprehensiveIncomeNetOfTax": "None", "ebit": "269300000", "ebitda": "316100000", "netIncome": "163900000"}, {"fiscalDateEnding": "2010-06-30", "reportedCurrency": "USD", "grossProfit": "532200000", "totalRevenue": "1455900000", "costOfRevenue": "923700000", "costofGoodsAndServicesSold": "923700000", "operatingIncome": "246500000", "sellingGeneralAndAdministrative": "572100000", "researchAndDevelopment": "None", "operatingExpenses": "286100000", "investmentIncomeNet": "None", "netInterestIncome": "None", "interestIncome": "None", "interestExpense": "17600000", "nonInterestIncome": "None", "otherNonOperatingIncome": "-500000", "depreciation": "None", "depreciationAndAmortization": "44700000", "incomeBeforeTax": "228000000", "incomeTaxExpense": "76600000", "interestAndDebtExpense": "None", "netIncomeFromContinuingOperations": "151400000", "comprehensiveIncomeNetOfTax": "None", "ebit": "246500000", "ebitda": "291200000", "netIncome": "151400000"}, {"fiscalDateEnding": "2010-03-31", "reportedCurrency": "USD", "grossProfit": "509500000", "totalRevenue": "1329500000", "costOfRevenue": "820000000", "costofGoodsAndServicesSold": "820000000", "operatingIncome": "264900000", "sellingGeneralAndAdministrative": "490000000", "researchAndDevelopment": "None", "operatingExpenses": "245000000", "investmentIncomeNet": "None", "netInterestIncome": "None", "interestIncome": "None", "interestExpense": "18100000", "nonInterestIncome": "None", "otherNonOperatingIncome": "-100000", "depreciation": "None", "depreciationAndAmortization": "40200000", "incomeBeforeTax": "246300000", "incomeTaxExpense": "80100000", "interestAndDebtExpense": "None", "netIncomeFromContinuingOperations": "166200000", "comprehensiveIncomeNetOfTax": "None", "ebit": "264400000", "ebitda": "304600000", "netIncome": "166200000"}, {"fiscalDateEnding": "2009-12-31", "reportedCurrency": "USD", "grossProfit": "439100000", "totalRevenue": "1217700000", "costOfRevenue": "778600000", "costofGoodsAndServicesSold": "778600000", "operatingIncome": "223400000", "sellingGeneralAndAdministrative": "430700000", "researchAndDevelopment": "None", "operatingExpenses": "215700000", "investmentIncomeNet": "None", "netInterestIncome": "None", "interestIncome": "None", "interestExpense": "18200000", "nonInterestIncome": "None", "otherNonOperatingIncome": "None", "depreciation": "None", "depreciationAndAmortization": "38700000", "incomeBeforeTax": "205200000", "incomeTaxExpense": "65700000", "interestAndDebtExpense": "None", "netIncomeFromContinuingOperations": "139500000", "comprehensiveIncomeNetOfTax": "None", "ebit": "223400000", "ebitda": "262100000", "netIncome": "139500000"}, {"fiscalDateEnding": "2009-09-30", "reportedCurrency": "USD", "grossProfit": "390900000", "totalRevenue": "1203000000", "costOfRevenue": "812100000", "costofGoodsAndServicesSold": "812100000", "operatingIncome": "179200000", "sellingGeneralAndAdministrative": "424100000", "researchAndDevelopment": "None", "operatingExpenses": "212100000", "investmentIncomeNet": "None", "netInterestIncome": "None", "interestIncome": "None", "interestExpense": "18200000", "nonInterestIncome": "None", "otherNonOperatingIncome": "200000", "depreciation": "None", "depreciationAndAmortization": "42100000", "incomeBeforeTax": "160800000", "incomeTaxExpense": "56300000", "interestAndDebtExpense": "None", "netIncomeFromContinuingOperations": "104500000", "comprehensiveIncomeNetOfTax": "None", "ebit": "179000000", "ebitda": "221100000", "netIncome": "104500000"}, {"fiscalDateEnding": "2009-06-30", "reportedCurrency": "USD", "grossProfit": "273900000", "totalRevenue": "752200000", "costOfRevenue": "478300000", "costofGoodsAndServicesSold": "478300000", "operatingIncome": "199100000", "sellingGeneralAndAdministrative": "1012500000", "researchAndDevelopment": "None", "operatingExpenses": "74300000", "investmentIncomeNet": "None", "netInterestIncome": "None", "interestIncome": "None", "interestExpense": "11800000", "nonInterestIncome": "None", "otherNonOperatingIncome": "None", "depreciation": "None", "depreciationAndAmortization": "50200000", "incomeBeforeTax": "231900000", "incomeTaxExpense": "-41300000", "interestAndDebtExpense": "None", "netIncomeFromContinuingOperations": "None", "comprehensiveIncomeNetOfTax": "None", "ebit": "199100000", "ebitda": "249300000", "netIncome": "-156400000"}, {"fiscalDateEnding": "2009-03-31", "reportedCurrency": "USD", "grossProfit": "391800000", "totalRevenue": "1205100000", "costOfRevenue": "813300000", "costofGoodsAndServicesSold": "813300000", "operatingIncome": "204100000", "sellingGeneralAndAdministrative": "429400000", "researchAndDevelopment": "None", "operatingExpenses": "188400000", "investmentIncomeNet": "None", "netInterestIncome": "None", "interestIncome": "None", "interestExpense": "12600000", "nonInterestIncome": "None", "otherNonOperatingIncome": "None", "depreciation": "None", "depreciationAndAmortization": "41800000", "incomeBeforeTax": "198100000", "incomeTaxExpense": "62200000", "interestAndDebtExpense": "None", "netIncomeFromContinuingOperations": "None", "comprehensiveIncomeNetOfTax": "None", "ebit": "210700000", "ebitda": "252500000", "netIncome": "114200000"}, {"fiscalDateEnding": "2008-12-31", "reportedCurrency": "USD", "grossProfit": "407900000", "totalRevenue": "1333200000", "costOfRevenue": "925300000", "costofGoodsAndServicesSold": "925300000", "operatingIncome": "217000000", "sellingGeneralAndAdministrative": "427800000", "researchAndDevelopment": "None", "operatingExpenses": "191800000", "investmentIncomeNet": "None", "netInterestIncome": "None", "interestIncome": "None", "interestExpense": "13800000", "nonInterestIncome": "None", "otherNonOperatingIncome": "None", "depreciation": "None", "depreciationAndAmortization": "43200000", "incomeBeforeTax": "202500000", "incomeTaxExpense": "61900000", "interestAndDebtExpense": "None", "netIncomeFromContinuingOperations": "None", "comprehensiveIncomeNetOfTax": "None", "ebit": "216300000", "ebitda": "259500000", "netIncome": "-38600000"}, {"fiscalDateEnding": "2008-09-30", "reportedCurrency": "USD", "grossProfit": "380700000", "totalRevenue": "1172600000", "costOfRevenue": "791900000", "costofGoodsAndServicesSold": "791900000", "operatingIncome": "192100000", "sellingGeneralAndAdministrative": "429600000", "researchAndDevelopment": "None", "operatingExpenses": "189600000", "investmentIncomeNet": "None", "netInterestIncome": "None", "interestIncome": "None", "interestExpense": "12400000", "nonInterestIncome": "None", "otherNonOperatingIncome": "None", "depreciation": "None", "depreciationAndAmortization": "42500000", "incomeBeforeTax": "171600000", "incomeTaxExpense": "52200000", "interestAndDebtExpense": "None", "netIncomeFromContinuingOperations": "None", "comprehensiveIncomeNetOfTax": "None", "ebit": "184000000", "ebitda": "226500000", "netIncome": "118700000"}, {"fiscalDateEnding": "2008-06-30", "reportedCurrency": "USD", "grossProfit": "443200000", "totalRevenue": "1433200000", "costOfRevenue": "990000000", "costofGoodsAndServicesSold": "990000000", "operatingIncome": "170100000", "sellingGeneralAndAdministrative": "476900000", "researchAndDevelopment": "None", "operatingExpenses": "270200000", "investmentIncomeNet": "None", "netInterestIncome": "None", "interestIncome": "None", "interestExpense": "55700000", "nonInterestIncome": "None", "otherNonOperatingIncome": "None", "depreciation": "None", "depreciationAndAmortization": "46400000", "incomeBeforeTax": "164600000", "incomeTaxExpense": "52500000", "interestAndDebtExpense": "None", "netIncomeFromContinuingOperations": "None", "comprehensiveIncomeNetOfTax": "None", "ebit": "170100000", "ebitda": "216500000", "netIncome": "121700000"}, {"fiscalDateEnding": "2008-03-31", "reportedCurrency": "USD", "grossProfit": "395700000", "totalRevenue": "1329600000", "costOfRevenue": "933900000", "costofGoodsAndServicesSold": "933900000", "operatingIncome": "161200000", "sellingGeneralAndAdministrative": "328400000", "researchAndDevelopment": "None", "operatingExpenses": "236400000", "investmentIncomeNet": "None", "netInterestIncome": "None", "interestIncome": "None", "interestExpense": "13900000", "nonInterestIncome": "None", "otherNonOperatingIncome": "None", "depreciation": "None", "depreciationAndAmortization": "41600000", "incomeBeforeTax": "150100000", "incomeTaxExpense": "38900000", "interestAndDebtExpense": "None", "netIncomeFromContinuingOperations": "None", "comprehensiveIncomeNetOfTax": "None", "ebit": "164000000", "ebitda": "205600000", "netIncome": "108000000"}, {"fiscalDateEnding": "2007-12-31", "reportedCurrency": "USD", "grossProfit": "409500000", "totalRevenue": "1317700000", "costOfRevenue": "908200000", "costofGoodsAndServicesSold": "908200000", "operatingIncome": "174900000", "sellingGeneralAndAdministrative": "461300000", "researchAndDevelopment": "None", "operatingExpenses": "230300000", "investmentIncomeNet": "None", "netInterestIncome": "None", "interestIncome": "None", "interestExpense": "13800000", "nonInterestIncome": "None", "otherNonOperatingIncome": "None", "depreciation": "None", "depreciationAndAmortization": "42300000", "incomeBeforeTax": "171200000", "incomeTaxExpense": "57300000", "interestAndDebtExpense": "None", "netIncomeFromContinuingOperations": "None", "comprehensiveIncomeNetOfTax": "None", "ebit": "174900000", "ebitda": "217200000", "netIncome": "114300000"}, {"fiscalDateEnding": "2007-09-30", "reportedCurrency": "USD", "grossProfit": "380900000", "totalRevenue": "1230500000", "costOfRevenue": "849600000", "costofGoodsAndServicesSold": "849600000", "operatingIncome": "162300000", "sellingGeneralAndAdministrative": "432900000", "researchAndDevelopment": "None", "operatingExpenses": "216900000", "investmentIncomeNet": "None", "netInterestIncome": "None", "interestIncome": "None", "interestExpense": "15100000", "nonInterestIncome": "None", "otherNonOperatingIncome": "None", "depreciation": "None", "depreciationAndAmortization": "41900000", "incomeBeforeTax": "152600000", "incomeTaxExpense": "52800000", "interestAndDebtExpense": "None", "netIncomeFromContinuingOperations": "None", "comprehensiveIncomeNetOfTax": "None", "ebit": "162300000", "ebitda": "204200000", "netIncome": "100200000"}, {"fiscalDateEnding": "2007-06-30", "reportedCurrency": "USD", "grossProfit": "380200000", "totalRevenue": "1207600000", "costOfRevenue": "827400000", "costofGoodsAndServicesSold": "827400000", "operatingIncome": "142200000", "sellingGeneralAndAdministrative": "476400000", "researchAndDevelopment": "None", "operatingExpenses": "238400000", "investmentIncomeNet": "None", "netInterestIncome": "None", "interestIncome": "None", "interestExpense": "11000000", "nonInterestIncome": "None", "otherNonOperatingIncome": "None", "depreciation": "None", "depreciationAndAmortization": "46100000", "incomeBeforeTax": "134500000", "incomeTaxExpense": "50800000", "interestAndDebtExpense": "None", "netIncomeFromContinuingOperations": "None", "comprehensiveIncomeNetOfTax": "None", "ebit": "142200000", "ebitda": "188300000", "netIncome": "87600000"}, {"fiscalDateEnding": "2007-03-31", "reportedCurrency": "USD", "grossProfit": "353300000", "totalRevenue": "1072400000", "costOfRevenue": "719100000", "costofGoodsAndServicesSold": "719100000", "operatingIncome": "-54400000", "sellingGeneralAndAdministrative": "483500000", "researchAndDevelopment": "None", "operatingExpenses": "241500000", "investmentIncomeNet": "None", "netInterestIncome": "None", "interestIncome": "None", "interestExpense": "10500000", "nonInterestIncome": "None", "otherNonOperatingIncome": "None", "depreciation": "None", "depreciationAndAmortization": "34300000", "incomeBeforeTax": "272100000", "incomeTaxExpense": "63800000", "interestAndDebtExpense": "None", "netIncomeFromContinuingOperations": "None", "comprehensiveIncomeNetOfTax": "None", "ebit": "-54400000", "ebitda": "-20100000", "netIncome": "214900000"}, {"fiscalDateEnding": "2006-12-31", "reportedCurrency": "USD", "grossProfit": "332500000", "totalRevenue": "1016200000", "costOfRevenue": "683700000", "costofGoodsAndServicesSold": "683700000", "operatingIncome": "151300000", "sellingGeneralAndAdministrative": "362400000", "researchAndDevelopment": "None", "operatingExpenses": "181400000", "investmentIncomeNet": "None", "netInterestIncome": "None", "interestIncome": "None", "interestExpense": "9800000", "nonInterestIncome": "None", "otherNonOperatingIncome": "None", "depreciation": "None", "depreciationAndAmortization": "27500000", "incomeBeforeTax": "143600000", "incomeTaxExpense": "49600000", "interestAndDebtExpense": "None", "netIncomeFromContinuingOperations": "None", "comprehensiveIncomeNetOfTax": "None", "ebit": "151300000", "ebitda": "178800000", "netIncome": "94000000"}, {"fiscalDateEnding": "2006-09-30", "reportedCurrency": "USD", "grossProfit": "305900000", "totalRevenue": "946800000", "costOfRevenue": "640900000", "costofGoodsAndServicesSold": "640900000", "operatingIncome": "155000000", "sellingGeneralAndAdministrative": "338400000", "researchAndDevelopment": "None", "operatingExpenses": "169400000", "investmentIncomeNet": "None", "netInterestIncome": "None", "interestIncome": "None", "interestExpense": "9800000", "nonInterestIncome": "None", "otherNonOperatingIncome": "None", "depreciation": "None", "depreciationAndAmortization": "27300000", "incomeBeforeTax": "110600000", "incomeTaxExpense": "26700000", "interestAndDebtExpense": "None", "netIncomeFromContinuingOperations": "None", "comprehensiveIncomeNetOfTax": "None", "ebit": "155000000", "ebitda": "182300000", "netIncome": "83900000"}, {"fiscalDateEnding": "2006-06-30", "reportedCurrency": "USD", "grossProfit": "341000000", "totalRevenue": "992400000", "costOfRevenue": "651400000", "costofGoodsAndServicesSold": "651400000", "operatingIncome": "136300000", "sellingGeneralAndAdministrative": "205100000", "researchAndDevelopment": "None", "operatingExpenses": "205100000", "investmentIncomeNet": "None", "netInterestIncome": "None", "interestIncome": "None", "interestExpense": "None", "nonInterestIncome": "None", "otherNonOperatingIncome": "None", "depreciation": "None", "depreciationAndAmortization": "28800000", "incomeBeforeTax": "128900000", "incomeTaxExpense": "43800000", "interestAndDebtExpense": "None", "netIncomeFromContinuingOperations": "None", "comprehensiveIncomeNetOfTax": "None", "ebit": "136300000", "ebitda": "165100000", "netIncome": "85100000"}, {"fiscalDateEnding": "2006-03-31", "reportedCurrency": "USD", "grossProfit": "296900000", "totalRevenue": "881100000", "costOfRevenue": "584200000", "costofGoodsAndServicesSold": "584200000", "operatingIncome": "119100000", "sellingGeneralAndAdministrative": "177800000", "researchAndDevelopment": "None", "operatingExpenses": "177800000", "investmentIncomeNet": "None", "netInterestIncome": "None", "interestIncome": "None", "interestExpense": "None", "nonInterestIncome": "None", "otherNonOperatingIncome": "None", "depreciation": "None", "depreciationAndAmortization": "25100000", "incomeBeforeTax": "111300000", "incomeTaxExpense": "38800000", "interestAndDebtExpense": "None", "netIncomeFromContinuingOperations": "None", "comprehensiveIncomeNetOfTax": "None", "ebit": "119100000", "ebitda": "144200000", "netIncome": "72500000"}, {"fiscalDateEnding": "2005-12-31", "reportedCurrency": "USD", "grossProfit": "236000000", "totalRevenue": "841600000", "costOfRevenue": "605600000", "costofGoodsAndServicesSold": "605600000", "operatingIncome": "68500000", "sellingGeneralAndAdministrative": "338700000", "researchAndDevelopment": "None", "operatingExpenses": "167700000", "investmentIncomeNet": "None", "netInterestIncome": "None", "interestIncome": "None", "interestExpense": "10000000", "nonInterestIncome": "None", "otherNonOperatingIncome": "None", "depreciation": "None", "depreciationAndAmortization": "24300000", "incomeBeforeTax": "61000000", "incomeTaxExpense": "31000000", "interestAndDebtExpense": "None", "netIncomeFromContinuingOperations": "None", "comprehensiveIncomeNetOfTax": "None", "ebit": "68500000", "ebitda": "92800000", "netIncome": "30000000"}, {"fiscalDateEnding": "2005-09-30", "reportedCurrency": "USD", "grossProfit": "223100000", "totalRevenue": "759700000", "costOfRevenue": "536600000", "costofGoodsAndServicesSold": "536600000", "operatingIncome": "83900000", "sellingGeneralAndAdministrative": "282400000", "researchAndDevelopment": "None", "operatingExpenses": "139700000", "investmentIncomeNet": "None", "netInterestIncome": "None", "interestIncome": "None", "interestExpense": "6400000", "nonInterestIncome": "None", "otherNonOperatingIncome": "None", "depreciation": "None", "depreciationAndAmortization": "20200000", "incomeBeforeTax": "79600000", "incomeTaxExpense": "29300000", "interestAndDebtExpense": "None", "netIncomeFromContinuingOperations": "None", "comprehensiveIncomeNetOfTax": "None", "ebit": "83900000", "ebitda": "104100000", "netIncome": "50300000"}, {"fiscalDateEnding": "2005-06-30", "reportedCurrency": "USD", "grossProfit": "236800000", "totalRevenue": "821900000", "costOfRevenue": "585100000", "costofGoodsAndServicesSold": "585100000", "operatingIncome": "95500000", "sellingGeneralAndAdministrative": "282400000", "researchAndDevelopment": "None", "operatingExpenses": "141400000", "investmentIncomeNet": "None", "netInterestIncome": "None", "interestIncome": "None", "interestExpense": "6000000", "nonInterestIncome": "None", "otherNonOperatingIncome": "None", "depreciation": "None", "depreciationAndAmortization": "21000000", "incomeBeforeTax": "91400000", "incomeTaxExpense": "30200000", "interestAndDebtExpense": "None", "netIncomeFromContinuingOperations": "None", "comprehensiveIncomeNetOfTax": "None", "ebit": "95500000", "ebitda": "116500000", "netIncome": "61200000"}, {"fiscalDateEnding": "2005-03-31", "reportedCurrency": "USD", "grossProfit": "224700000", "totalRevenue": "772100000", "costOfRevenue": "547400000", "costofGoodsAndServicesSold": "547400000", "operatingIncome": "89700000", "sellingGeneralAndAdministrative": "272000000", "researchAndDevelopment": "None", "operatingExpenses": "136000000", "investmentIncomeNet": "None", "netInterestIncome": "None", "interestIncome": "None", "interestExpense": "6100000", "nonInterestIncome": "None", "otherNonOperatingIncome": "None", "depreciation": "None", "depreciationAndAmortization": "20600000", "incomeBeforeTax": "83200000", "incomeTaxExpense": "27400000", "interestAndDebtExpense": "None", "netIncomeFromContinuingOperations": "None", "comprehensiveIncomeNetOfTax": "None", "ebit": "89700000", "ebitda": "110300000", "netIncome": "55800000"}, {"fiscalDateEnding": "2004-12-31", "reportedCurrency": "USD", "grossProfit": "197000000", "totalRevenue": "737200000", "costOfRevenue": "540200000", "costofGoodsAndServicesSold": "540200000", "operatingIncome": "76300000", "sellingGeneralAndAdministrative": "124200000", "researchAndDevelopment": "None", "operatingExpenses": "124200000", "investmentIncomeNet": "None", "netInterestIncome": "None", "interestIncome": "None", "interestExpense": "6000000", "nonInterestIncome": "None", "otherNonOperatingIncome": "None", "depreciation": "None", "depreciationAndAmortization": "24800000", "incomeBeforeTax": "64900000", "incomeTaxExpense": "19800000", "interestAndDebtExpense": "None", "netIncomeFromContinuingOperations": "None", "comprehensiveIncomeNetOfTax": "None", "ebit": "76300000", "ebitda": "101100000", "netIncome": "45100000"}]}