{"symbol": "MTB", "annualReports": [{"fiscalDateEnding": "2024-12-31", "reportedCurrency": "USD", "grossProfit": "11026000000", "totalRevenue": "11026000000", "costOfRevenue": "None", "costofGoodsAndServicesSold": "None", "operatingIncome": "10922000000", "sellingGeneralAndAdministrative": "3274000000", "researchAndDevelopment": "None", "operatingExpenses": "104000000", "investmentIncomeNet": "None", "netInterestIncome": "6852000000", "interestIncome": "11026000000", "interestExpense": "4174000000", "nonInterestIncome": "None", "otherNonOperatingIncome": "None", "depreciation": "None", "depreciationAndAmortization": "None", "incomeBeforeTax": "3310000000", "incomeTaxExpense": "722000000", "interestAndDebtExpense": "None", "netIncomeFromContinuingOperations": "2588000000", "comprehensiveIncomeNetOfTax": "None", "ebit": "None", "ebitda": "None", "netIncome": "2588000000"}, {"fiscalDateEnding": "2023-12-31", "reportedCurrency": "USD", "grossProfit": "9398000000", "totalRevenue": "8998000000", "costOfRevenue": "-400000000", "costofGoodsAndServicesSold": "-400000000", "operatingIncome": "4523000000", "sellingGeneralAndAdministrative": "3115000000", "researchAndDevelopment": "None", "operatingExpenses": "4475000000", "investmentIncomeNet": "None", "netInterestIncome": "7220155000", "interestIncome": "9556218000", "interestExpense": "3109000000", "nonInterestIncome": "None", "otherNonOperatingIncome": "None", "depreciation": "None", "depreciationAndAmortization": "497000000", "incomeBeforeTax": "3619000000", "incomeTaxExpense": "878000000", "interestAndDebtExpense": "None", "netIncomeFromContinuingOperations": "3023970000", "comprehensiveIncomeNetOfTax": "None", "ebit": "3340000000", "ebitda": "3837000000", "netIncome": "2741000000"}, {"fiscalDateEnding": "2022-12-31", "reportedCurrency": "USD", "grossProfit": "8013000000", "totalRevenue": "8013000000", "costOfRevenue": "None", "costofGoodsAndServicesSold": "None", "operatingIncome": "3621000000", "sellingGeneralAndAdministrative": "2877000000", "researchAndDevelopment": "None", "operatingExpenses": "4041000000", "investmentIncomeNet": "None", "netInterestIncome": "5821956000", "interestIncome": "6247120000", "interestExpense": "425000000", "nonInterestIncome": "None", "otherNonOperatingIncome": "None", "depreciation": "None", "depreciationAndAmortization": "337680000", "incomeBeforeTax": "2611123000", "incomeTaxExpense": "619460000", "interestAndDebtExpense": "None", "netIncomeFromContinuingOperations": "1991663000", "comprehensiveIncomeNetOfTax": "None", "ebit": "2569036000", "ebitda": "2906716000", "netIncome": "1992000000"}, {"fiscalDateEnding": "2021-12-31", "reportedCurrency": "USD", "grossProfit": "5991772000", "totalRevenue": "5962000000", "costOfRevenue": "-29772000", "costofGoodsAndServicesSold": "-29772000", "operatingIncome": "2998000000", "sellingGeneralAndAdministrative": "2115381000", "researchAndDevelopment": "None", "operatingExpenses": "3069000000", "investmentIncomeNet": "None", "netInterestIncome": "3824778000", "interestIncome": "3938784000", "interestExpense": "113784000", "nonInterestIncome": "None", "otherNonOperatingIncome": "None", "depreciation": "None", "depreciationAndAmortization": "234441000", "incomeBeforeTax": "2455000000", "incomeTaxExpense": "596000000", "interestAndDebtExpense": "None", "netIncomeFromContinuingOperations": "1858746000", "comprehensiveIncomeNetOfTax": "None", "ebit": "2452532000", "ebitda": "2686973000", "netIncome": "1859000000"}, {"fiscalDateEnding": "2020-12-31", "reportedCurrency": "USD", "grossProfit": "5954761000", "totalRevenue": "5954761000", "costOfRevenue": "None", "costofGoodsAndServicesSold": "None", "operatingIncome": "1634842000", "sellingGeneralAndAdministrative": "2004495000", "researchAndDevelopment": "None", "operatingExpenses": "2632982000", "investmentIncomeNet": "None", "netInterestIncome": "3866317000", "interestIncome": "4192712000", "interestExpense": "326395000", "nonInterestIncome": "None", "otherNonOperatingIncome": "None", "depreciation": "None", "depreciationAndAmortization": "235467000", "incomeBeforeTax": "1769521000", "incomeTaxExpense": "416369000", "interestAndDebtExpense": "None", "netIncomeFromContinuingOperations": "1353152000", "comprehensiveIncomeNetOfTax": "None", "ebit": "1719663000", "ebitda": "1955130000", "netIncome": "1353152000"}, {"fiscalDateEnding": "2019-12-31", "reportedCurrency": "USD", "grossProfit": "6191943000", "totalRevenue": "6191943000", "costOfRevenue": "None", "costofGoodsAndServicesSold": "None", "operatingIncome": "3379971000", "sellingGeneralAndAdministrative": "1942332000", "researchAndDevelopment": "None", "operatingExpenses": "2587972000", "investmentIncomeNet": "None", "netInterestIncome": "4130264000", "interestIncome": "4879593000", "interestExpense": "749329000", "nonInterestIncome": "None", "otherNonOperatingIncome": "None", "depreciation": "None", "depreciationAndAmortization": "229427000", "incomeBeforeTax": "2547261000", "incomeTaxExpense": "618112000", "interestAndDebtExpense": "None", "netIncomeFromContinuingOperations": "1929149000", "comprehensiveIncomeNetOfTax": "None", "ebit": "2513949000", "ebitda": "2743376000", "netIncome": "1929149000"}, {"fiscalDateEnding": "2018-12-31", "reportedCurrency": "USD", "grossProfit": "5928302000", "totalRevenue": "5928302000", "costOfRevenue": "0", "costofGoodsAndServicesSold": "0", "operatingIncome": "3424817000", "sellingGeneralAndAdministrative": "1820790000", "researchAndDevelopment": "0", "operatingExpenses": "2371485000", "investmentIncomeNet": "None", "netInterestIncome": "4072302000", "interestIncome": "4598711000", "interestExpense": "526409000", "nonInterestIncome": "None", "otherNonOperatingIncome": "None", "depreciation": "None", "depreciationAndAmortization": "129386000", "incomeBeforeTax": "2508240000", "incomeTaxExpense": "590160000", "interestAndDebtExpense": "None", "netIncomeFromContinuingOperations": "1918080000", "comprehensiveIncomeNetOfTax": "None", "ebit": "2481690000", "ebitda": "2611076000", "netIncome": "1918080000"}, {"fiscalDateEnding": "2017-12-31", "reportedCurrency": "USD", "grossProfit": "5632187000", "totalRevenue": "5632187000", "costOfRevenue": "554751000", "costofGoodsAndServicesSold": "554751000", "operatingIncome": "3230476000", "sellingGeneralAndAdministrative": "1750665000", "researchAndDevelopment": "0", "operatingExpenses": "2233711000", "investmentIncomeNet": "None", "netInterestIncome": "3781044000", "interestIncome": "4167795000", "interestExpense": "386751000", "nonInterestIncome": "None", "otherNonOperatingIncome": "None", "depreciation": "None", "depreciationAndAmortization": "140953000", "incomeBeforeTax": "2323862000", "incomeTaxExpense": "915556000", "interestAndDebtExpense": "None", "netIncomeFromContinuingOperations": "1408306000", "comprehensiveIncomeNetOfTax": "None", "ebit": "2322025000", "ebitda": "2462978000", "netIncome": "1408306000"}, {"fiscalDateEnding": "2016-12-31", "reportedCurrency": "USD", "grossProfit": "5295883000", "totalRevenue": "5295883000", "costOfRevenue": "615984000", "costofGoodsAndServicesSold": "615984000", "operatingIncome": "2913279000", "sellingGeneralAndAdministrative": "1723119000", "researchAndDevelopment": "0", "operatingExpenses": "2192604000", "investmentIncomeNet": "None", "netInterestIncome": "3469887000", "interestIncome": "3895871000", "interestExpense": "425984000", "nonInterestIncome": "None", "otherNonOperatingIncome": "None", "depreciation": "None", "depreciationAndAmortization": "149609000", "incomeBeforeTax": "2058398000", "incomeTaxExpense": "743284000", "interestAndDebtExpense": "None", "netIncomeFromContinuingOperations": "1315114000", "comprehensiveIncomeNetOfTax": "None", "ebit": "2053285000", "ebitda": "2202894000", "netIncome": "1315114000"}, {"fiscalDateEnding": "2015-12-31", "reportedCurrency": "USD", "grossProfit": "4667624000", "totalRevenue": "4667624000", "costOfRevenue": "477257000", "costofGoodsAndServicesSold": "477257000", "operatingIncome": "2487362000", "sellingGeneralAndAdministrative": "1601643000", "researchAndDevelopment": "0", "operatingExpenses": "2031262000", "investmentIncomeNet": "None", "netInterestIncome": "2842587000", "interestIncome": "3170844000", "interestExpense": "328257000", "nonInterestIncome": "None", "otherNonOperatingIncome": "None", "depreciation": "None", "depreciationAndAmortization": "26424000", "incomeBeforeTax": "1674692000", "incomeTaxExpense": "595025000", "interestAndDebtExpense": "None", "netIncomeFromContinuingOperations": "1079667000", "comprehensiveIncomeNetOfTax": "None", "ebit": "1777086000", "ebitda": "1803510000", "netIncome": "1079667000"}, {"fiscalDateEnding": "2014-12-31", "reportedCurrency": "USD", "grossProfit": "4455719000", "totalRevenue": "4455719000", "costOfRevenue": "404431000", "costofGoodsAndServicesSold": "404431000", "operatingIncome": "1603534000", "sellingGeneralAndAdministrative": "1460481000", "researchAndDevelopment": "0", "operatingExpenses": "1911129000", "investmentIncomeNet": "None", "netInterestIncome": "None", "interestIncome": "None", "interestExpense": "280431000", "nonInterestIncome": "None", "otherNonOperatingIncome": "None", "depreciation": "None", "depreciationAndAmortization": "33824000", "incomeBeforeTax": "1588862000", "incomeTaxExpense": "522616000", "interestAndDebtExpense": "None", "netIncomeFromContinuingOperations": "1066246000", "comprehensiveIncomeNetOfTax": "None", "ebit": "1753768000", "ebitda": "1787592000", "netIncome": "1066246000"}, {"fiscalDateEnding": "2013-12-31", "reportedCurrency": "USD", "grossProfit": "4554560000", "totalRevenue": "4554560000", "costOfRevenue": "469105000", "costofGoodsAndServicesSold": "469105000", "operatingIncome": "1755839000", "sellingGeneralAndAdministrative": "1424762000", "researchAndDevelopment": "0", "operatingExpenses": "1712308000", "investmentIncomeNet": "None", "netInterestIncome": "None", "interestIncome": "None", "interestExpense": "284105000", "nonInterestIncome": "None", "otherNonOperatingIncome": "None", "depreciation": "None", "depreciationAndAmortization": "46912000", "incomeBeforeTax": "1717549000", "incomeTaxExpense": "579069000", "interestAndDebtExpense": "None", "netIncomeFromContinuingOperations": "1138480000", "comprehensiveIncomeNetOfTax": "None", "ebit": "1874372000", "ebitda": "1921284000", "netIncome": "1138480000"}, {"fiscalDateEnding": "2012-12-31", "reportedCurrency": "USD", "grossProfit": "4287297000", "totalRevenue": "4287297000", "costOfRevenue": "547169000", "costofGoodsAndServicesSold": "547169000", "operatingIncome": "1724146000", "sellingGeneralAndAdministrative": "1415650000", "researchAndDevelopment": "0", "operatingExpenses": "2509260000", "investmentIncomeNet": "None", "netInterestIncome": "None", "interestIncome": "None", "interestExpense": "343169000", "nonInterestIncome": "None", "otherNonOperatingIncome": "None", "depreciation": "None", "depreciationAndAmortization": "204561000", "incomeBeforeTax": "1552526000", "incomeTaxExpense": "523028000", "interestAndDebtExpense": "None", "netIncomeFromContinuingOperations": "1029498000", "comprehensiveIncomeNetOfTax": "None", "ebit": "1552526000", "ebitda": "1757087000", "netIncome": "1029498000"}, {"fiscalDateEnding": "2011-12-31", "reportedCurrency": "USD", "grossProfit": "2715052000", "totalRevenue": "2792087000", "costOfRevenue": "77035000", "costofGoodsAndServicesSold": "77035000", "operatingIncome": "1368635000", "sellingGeneralAndAdministrative": "1304223000", "researchAndDevelopment": "0", "operatingExpenses": "1422175000", "investmentIncomeNet": "None", "netInterestIncome": "None", "interestIncome": "None", "interestExpense": "402331000", "nonInterestIncome": "None", "otherNonOperatingIncome": "None", "depreciation": "None", "depreciationAndAmortization": "197780000", "incomeBeforeTax": "1224600000", "incomeTaxExpense": "365121000", "interestAndDebtExpense": "None", "netIncomeFromContinuingOperations": "None", "comprehensiveIncomeNetOfTax": "None", "ebit": "1224600000", "ebitda": "1422380000", "netIncome": "859479000"}, {"fiscalDateEnding": "2010-12-31", "reportedCurrency": "USD", "grossProfit": "3315113000", "totalRevenue": "3401394000", "costOfRevenue": "86281000", "costofGoodsAndServicesSold": "86281000", "operatingIncome": "1205609000", "sellingGeneralAndAdministrative": "1079033000", "researchAndDevelopment": "0", "operatingExpenses": "1199161000", "investmentIncomeNet": "None", "netInterestIncome": "None", "interestIncome": "None", "interestExpense": "462269000", "nonInterestIncome": "None", "otherNonOperatingIncome": "None", "depreciation": "None", "depreciationAndAmortization": "182362000", "incomeBeforeTax": "1092789000", "incomeTaxExpense": "356628000", "interestAndDebtExpense": "None", "netIncomeFromContinuingOperations": "736161000", "comprehensiveIncomeNetOfTax": "None", "ebit": "1092789000", "ebitda": "1275151000", "netIncome": "736161000"}, {"fiscalDateEnding": "2009-12-31", "reportedCurrency": "USD", "grossProfit": "3129752000", "totalRevenue": "3129752000", "costOfRevenue": "1273449000", "costofGoodsAndServicesSold": "1273449000", "operatingIncome": "772643000", "sellingGeneralAndAdministrative": "1098392000", "researchAndDevelopment": "0", "operatingExpenses": "1362755000", "investmentIncomeNet": "None", "netInterestIncome": "None", "interestIncome": "None", "interestExpense": "669449000", "nonInterestIncome": "None", "otherNonOperatingIncome": "None", "depreciation": "None", "depreciationAndAmortization": "190921000", "incomeBeforeTax": "519291000", "incomeTaxExpense": "139400000", "interestAndDebtExpense": "None", "netIncomeFromContinuingOperations": "None", "comprehensiveIncomeNetOfTax": "None", "ebit": "519291000", "ebitda": "710212000", "netIncome": "379891000"}, {"fiscalDateEnding": "2008-12-31", "reportedCurrency": "USD", "grossProfit": "2916228000", "totalRevenue": "2916228000", "costOfRevenue": "1749795000", "costofGoodsAndServicesSold": "1749795000", "operatingIncome": "963232000", "sellingGeneralAndAdministrative": "957086000", "researchAndDevelopment": "None", "operatingExpenses": "-719510000", "investmentIncomeNet": "None", "netInterestIncome": "None", "interestIncome": "None", "interestExpense": "1337795000", "nonInterestIncome": "None", "otherNonOperatingIncome": "None", "depreciation": "None", "depreciationAndAmortization": "185790000", "incomeBeforeTax": "739779000", "incomeTaxExpense": "183892000", "interestAndDebtExpense": "None", "netIncomeFromContinuingOperations": "None", "comprehensiveIncomeNetOfTax": "None", "ebit": "739779000", "ebitda": "925569000", "netIncome": "555887000"}, {"fiscalDateEnding": "2007-12-31", "reportedCurrency": "USD", "grossProfit": "2774291000", "totalRevenue": "2774291000", "costOfRevenue": "1886576000", "costofGoodsAndServicesSold": "1886576000", "operatingIncome": "1119902000", "sellingGeneralAndAdministrative": "908315000", "researchAndDevelopment": "None", "operatingExpenses": "1654389000", "investmentIncomeNet": "None", "netInterestIncome": "None", "interestIncome": "None", "interestExpense": "1694576000", "nonInterestIncome": "None", "otherNonOperatingIncome": "None", "depreciation": "None", "depreciationAndAmortization": "178159000", "incomeBeforeTax": "963537000", "incomeTaxExpense": "309278000", "interestAndDebtExpense": "None", "netIncomeFromContinuingOperations": "None", "comprehensiveIncomeNetOfTax": "None", "ebit": "2658113000", "ebitda": "2836272000", "netIncome": "654259000"}, {"fiscalDateEnding": "2006-12-31", "reportedCurrency": "USD", "grossProfit": "2863393000", "totalRevenue": "2863393000", "costOfRevenue": "1576552000", "costofGoodsAndServicesSold": "1576552000", "operatingIncome": "1231642000", "sellingGeneralAndAdministrative": "873353000", "researchAndDevelopment": "None", "operatingExpenses": "1631751000", "investmentIncomeNet": "None", "netInterestIncome": "None", "interestIncome": "None", "interestExpense": "1496552000", "nonInterestIncome": "None", "otherNonOperatingIncome": "None", "depreciation": "None", "depreciationAndAmortization": "175931000", "incomeBeforeTax": "1231642000", "incomeTaxExpense": "392453000", "interestAndDebtExpense": "None", "netIncomeFromContinuingOperations": "None", "comprehensiveIncomeNetOfTax": "None", "ebit": "2728194000", "ebitda": "2904125000", "netIncome": "839189000"}, {"fiscalDateEnding": "2005-12-31", "reportedCurrency": "USD", "grossProfit": "2744061000", "totalRevenue": "2744061000", "costOfRevenue": "1082351000", "costofGoodsAndServicesSold": "1082351000", "operatingIncome": "1170919000", "sellingGeneralAndAdministrative": "822239000", "researchAndDevelopment": "None", "operatingExpenses": "-578791000", "investmentIncomeNet": "None", "netInterestIncome": "None", "interestIncome": "None", "interestExpense": "994351000", "nonInterestIncome": "None", "otherNonOperatingIncome": "None", "depreciation": "None", "depreciationAndAmortization": "173748000", "incomeBeforeTax": "1170919000", "incomeTaxExpense": "388736000", "interestAndDebtExpense": "None", "netIncomeFromContinuingOperations": "None", "comprehensiveIncomeNetOfTax": "None", "ebit": "1170919000", "ebitda": "1344667000", "netIncome": "782183000"}], "quarterlyReports": [{"fiscalDateEnding": "2024-12-31", "reportedCurrency": "USD", "grossProfit": "2362000000", "totalRevenue": "2362000000", "costOfRevenue": "None", "costofGoodsAndServicesSold": "None", "operatingIncome": "None", "sellingGeneralAndAdministrative": "780000000", "researchAndDevelopment": "None", "operatingExpenses": "1937000000", "investmentIncomeNet": "None", "netInterestIncome": "1728000000", "interestIncome": "2707000000", "interestExpense": "979000000", "nonInterestIncome": "None", "otherNonOperatingIncome": "None", "depreciation": "None", "depreciationAndAmortization": "129000000", "incomeBeforeTax": "882000000", "incomeTaxExpense": "201000000", "interestAndDebtExpense": "None", "netIncomeFromContinuingOperations": "681000000", "comprehensiveIncomeNetOfTax": "None", "ebit": "None", "ebitda": "None", "netIncome": "681000000"}, {"fiscalDateEnding": "2024-09-30", "reportedCurrency": "USD", "grossProfit": "2332000000", "totalRevenue": "2332000000", "costOfRevenue": "-1059000000", "costofGoodsAndServicesSold": "-1059000000", "operatingIncome": "909000000", "sellingGeneralAndAdministrative": "800000000", "researchAndDevelopment": "None", "operatingExpenses": "1138000000", "investmentIncomeNet": "None", "netInterestIncome": "1726000000", "interestIncome": "2785000000", "interestExpense": "1059000000", "nonInterestIncome": "None", "otherNonOperatingIncome": "None", "depreciation": "None", "depreciationAndAmortization": "122000000", "incomeBeforeTax": "909000000", "incomeTaxExpense": "188000000", "interestAndDebtExpense": "None", "netIncomeFromContinuingOperations": "721000000", "comprehensiveIncomeNetOfTax": "None", "ebit": "875000000", "ebitda": "997000000", "netIncome": "721000000"}, {"fiscalDateEnding": "2024-06-30", "reportedCurrency": "USD", "grossProfit": "2302000000", "totalRevenue": "2302000000", "costOfRevenue": "None", "costofGoodsAndServicesSold": "None", "operatingIncome": "1021000000", "sellingGeneralAndAdministrative": "801000000", "researchAndDevelopment": "None", "operatingExpenses": "1131000000", "investmentIncomeNet": "None", "netInterestIncome": "1718000000", "interestIncome": "2789000000", "interestExpense": "1071000000", "nonInterestIncome": "None", "otherNonOperatingIncome": "None", "depreciation": "None", "depreciationAndAmortization": "13000000", "incomeBeforeTax": "855000000", "incomeTaxExpense": "200000000", "interestAndDebtExpense": "None", "netIncomeFromContinuingOperations": "655000000", "comprehensiveIncomeNetOfTax": "None", "ebit": "969000000", "ebitda": "982000000", "netIncome": "655000000"}, {"fiscalDateEnding": "2024-03-31", "reportedCurrency": "USD", "grossProfit": "2235000000", "totalRevenue": "2235000000", "costOfRevenue": "None", "costofGoodsAndServicesSold": "None", "operatingIncome": "873000000", "sellingGeneralAndAdministrative": "893000000", "researchAndDevelopment": "None", "operatingExpenses": "1187000000", "investmentIncomeNet": "None", "netInterestIncome": "1680000000", "interestIncome": "2745000000", "interestExpense": "1065000000", "nonInterestIncome": "None", "otherNonOperatingIncome": "None", "depreciation": "None", "depreciationAndAmortization": "95000000", "incomeBeforeTax": "664000000", "incomeTaxExpense": "133000000", "interestAndDebtExpense": "None", "netIncomeFromContinuingOperations": "531000000", "comprehensiveIncomeNetOfTax": "None", "ebit": "699000000", "ebitda": "794000000", "netIncome": "531000000"}, {"fiscalDateEnding": "2023-12-31", "reportedCurrency": "USD", "grossProfit": "2280334000", "totalRevenue": "2280334000", "costOfRevenue": "None", "costofGoodsAndServicesSold": "None", "operatingIncome": "706884999", "sellingGeneralAndAdministrative": "755399000", "researchAndDevelopment": "None", "operatingExpenses": "2333713000", "investmentIncomeNet": "None", "netInterestIncome": "1722219000", "interestIncome": "2739991000", "interestExpense": "1017772000", "nonInterestIncome": "None", "otherNonOperatingIncome": "None", "depreciation": "None", "depreciationAndAmortization": "129316000", "incomeBeforeTax": "625661000", "incomeTaxExpense": "143260000", "interestAndDebtExpense": "None", "netIncomeFromContinuingOperations": "482401000", "comprehensiveIncomeNetOfTax": "None", "ebit": "708275000", "ebitda": "837591000", "netIncome": "482401000"}, {"fiscalDateEnding": "2023-09-30", "reportedCurrency": "USD", "grossProfit": "2335000000", "totalRevenue": "2335000000", "costOfRevenue": "None", "costofGoodsAndServicesSold": "None", "operatingIncome": "865869000", "sellingGeneralAndAdministrative": "756000000", "researchAndDevelopment": "None", "operatingExpenses": "1081000000", "investmentIncomeNet": "None", "netInterestIncome": "1775000000", "interestIncome": "2641000000", "interestExpense": "866000000", "nonInterestIncome": "None", "otherNonOperatingIncome": "None", "depreciation": "None", "depreciationAndAmortization": "92926000", "incomeBeforeTax": "907000000", "incomeTaxExpense": "217000000", "interestAndDebtExpense": "None", "netIncomeFromContinuingOperations": "690000000", "comprehensiveIncomeNetOfTax": "None", "ebit": "902627000", "ebitda": "995553000", "netIncome": "689941000"}, {"fiscalDateEnding": "2023-06-30", "reportedCurrency": "USD", "grossProfit": "2602000000", "totalRevenue": "2602000000", "costOfRevenue": "None", "costofGoodsAndServicesSold": "None", "operatingIncome": "1351000000", "sellingGeneralAndAdministrative": "765597000", "researchAndDevelopment": "None", "operatingExpenses": "1101000000", "investmentIncomeNet": "None", "netInterestIncome": "1799129000", "interestIncome": "2515625000", "interestExpense": "716496000", "nonInterestIncome": "None", "otherNonOperatingIncome": "None", "depreciation": "None", "depreciationAndAmortization": "88250000", "incomeBeforeTax": "1159741000", "incomeTaxExpense": "292707000", "interestAndDebtExpense": "None", "netIncomeFromContinuingOperations": "867034000", "comprehensiveIncomeNetOfTax": "None", "ebit": "1196491000", "ebitda": "1284741000", "netIncome": "867000000"}, {"fiscalDateEnding": "2023-03-31", "reportedCurrency": "USD", "grossProfit": "2385000000", "totalRevenue": "2326985000", "costOfRevenue": "-58015000", "costofGoodsAndServicesSold": "-58015000", "operatingIncome": "1434888000", "sellingGeneralAndAdministrative": "838000000", "researchAndDevelopment": "None", "operatingExpenses": "2385000000", "investmentIncomeNet": "None", "netInterestIncome": "1818264000", "interestIncome": "2326985000", "interestExpense": "508721000", "nonInterestIncome": "None", "otherNonOperatingIncome": "None", "depreciation": "None", "depreciationAndAmortization": "113000000", "incomeBeforeTax": "926000000", "incomeTaxExpense": "224000000", "interestAndDebtExpense": "None", "netIncomeFromContinuingOperations": "701624000", "comprehensiveIncomeNetOfTax": "None", "ebit": "1434888000", "ebitda": "1452096000", "netIncome": "702000000"}, {"fiscalDateEnding": "2022-12-31", "reportedCurrency": "USD", "grossProfit": "2508911000", "totalRevenue": "2419352000", "costOfRevenue": "-89559000", "costofGoodsAndServicesSold": "-89559000", "operatingIncome": "1255458000", "sellingGeneralAndAdministrative": "505983000", "researchAndDevelopment": "None", "operatingExpenses": "2508911000", "investmentIncomeNet": "None", "netInterestIncome": "1827374000", "interestIncome": "2072209000", "interestExpense": "244835000", "nonInterestIncome": "None", "otherNonOperatingIncome": "None", "depreciation": "None", "depreciationAndAmortization": "101217000", "incomeBeforeTax": "1010623000", "incomeTaxExpense": "245252000", "interestAndDebtExpense": "None", "netIncomeFromContinuingOperations": "765371000", "comprehensiveIncomeNetOfTax": "None", "ebit": "1255458000", "ebitda": "1273058000", "netIncome": "765371000"}, {"fiscalDateEnding": "2022-09-30", "reportedCurrency": "USD", "grossProfit": "2241770000", "totalRevenue": "2241770000", "costOfRevenue": "None", "costofGoodsAndServicesSold": "None", "operatingIncome": "1152370000", "sellingGeneralAndAdministrative": "764459000", "researchAndDevelopment": "None", "operatingExpenses": "974400000", "investmentIncomeNet": "None", "netInterestIncome": "1678691000", "interestIncome": "1781513000", "interestExpense": "102822000", "nonInterestIncome": "None", "otherNonOperatingIncome": "None", "depreciation": "None", "depreciationAndAmortization": "103172000", "incomeBeforeTax": "847517000", "incomeTaxExpense": "200921000", "interestAndDebtExpense": "None", "netIncomeFromContinuingOperations": "646596000", "comprehensiveIncomeNetOfTax": "None", "ebit": "914040000", "ebitda": "1017212000", "netIncome": "646596000"}, {"fiscalDateEnding": "2022-06-30", "reportedCurrency": "USD", "grossProfit": "1982817000", "totalRevenue": "1982817000", "costOfRevenue": "None", "costofGoodsAndServicesSold": "None", "operatingIncome": "740112000", "sellingGeneralAndAdministrative": "798786000", "researchAndDevelopment": "None", "operatingExpenses": "940705000", "investmentIncomeNet": "None", "netInterestIncome": "1411717000", "interestIncome": "1465142000", "interestExpense": "53425000", "nonInterestIncome": "None", "otherNonOperatingIncome": "None", "depreciation": "None", "depreciationAndAmortization": "122276000", "incomeBeforeTax": "277663000", "incomeTaxExpense": "60141000", "interestAndDebtExpense": "None", "netIncomeFromContinuingOperations": "217522000", "comprehensiveIncomeNetOfTax": "None", "ebit": "434980000", "ebitda": "453364000", "netIncome": "217522000"}, {"fiscalDateEnding": "2022-03-31", "reportedCurrency": "USD", "grossProfit": "1445061000", "totalRevenue": "1445061000", "costOfRevenue": "None", "costofGoodsAndServicesSold": "None", "operatingIncome": "669332000", "sellingGeneralAndAdministrative": "593096000", "researchAndDevelopment": "None", "operatingExpenses": "765729000", "investmentIncomeNet": "None", "netInterestIncome": "904174000", "interestIncome": "928256000", "interestExpense": "24082000", "nonInterestIncome": "None", "otherNonOperatingIncome": "None", "depreciation": "None", "depreciationAndAmortization": "57995000", "incomeBeforeTax": "475320000", "incomeTaxExpense": "113146000", "interestAndDebtExpense": "None", "netIncomeFromContinuingOperations": "362174000", "comprehensiveIncomeNetOfTax": "None", "ebit": "500636000", "ebitda": "558631000", "netIncome": "362174000"}, {"fiscalDateEnding": "2021-12-31", "reportedCurrency": "USD", "grossProfit": "1512430000", "totalRevenue": "1512430000", "costOfRevenue": "None", "costofGoodsAndServicesSold": "None", "operatingIncome": "822789000", "sellingGeneralAndAdministrative": "533873000", "researchAndDevelopment": "None", "operatingExpenses": "64428000", "investmentIncomeNet": "None", "netInterestIncome": "933793000", "interestIncome": "958518000", "interestExpense": "24725000", "nonInterestIncome": "None", "otherNonOperatingIncome": "None", "depreciation": "None", "depreciationAndAmortization": "80763000", "incomeBeforeTax": "599930000", "incomeTaxExpense": "141962000", "interestAndDebtExpense": "None", "netIncomeFromContinuingOperations": "457968000", "comprehensiveIncomeNetOfTax": "None", "ebit": "703464000", "ebitda": "705418000", "netIncome": "457968000"}, {"fiscalDateEnding": "2021-09-30", "reportedCurrency": "USD", "grossProfit": "1536376000", "totalRevenue": "1536376000", "costOfRevenue": "None", "costofGoodsAndServicesSold": "None", "operatingIncome": "871230000", "sellingGeneralAndAdministrative": "529232000", "researchAndDevelopment": "None", "operatingExpenses": "685146000", "investmentIncomeNet": "None", "netInterestIncome": "967250000", "interestIncome": "992946000", "interestExpense": "25696000", "nonInterestIncome": "None", "otherNonOperatingIncome": "None", "depreciation": "None", "depreciationAndAmortization": "58511000", "incomeBeforeTax": "657042000", "incomeTaxExpense": "161582000", "interestAndDebtExpense": "None", "netIncomeFromContinuingOperations": "495460000", "comprehensiveIncomeNetOfTax": "None", "ebit": "682895000", "ebitda": "741406000", "netIncome": "495460000"}, {"fiscalDateEnding": "2021-06-30", "reportedCurrency": "USD", "grossProfit": "1455973000", "totalRevenue": "1455973000", "costOfRevenue": "None", "costofGoodsAndServicesSold": "None", "operatingIncome": "814323000", "sellingGeneralAndAdministrative": "497010000", "researchAndDevelopment": "None", "operatingExpenses": "656650000", "investmentIncomeNet": "None", "netInterestIncome": "942340000", "interestIncome": "970358000", "interestExpense": "28018000", "nonInterestIncome": "None", "otherNonOperatingIncome": "None", "depreciation": "None", "depreciationAndAmortization": "59080000", "incomeBeforeTax": "605628000", "incomeTaxExpense": "147559000", "interestAndDebtExpense": "None", "netIncomeFromContinuingOperations": "458069000", "comprehensiveIncomeNetOfTax": "None", "ebit": "625824000", "ebitda": "684904000", "netIncome": "458069000"}, {"fiscalDateEnding": "2021-03-31", "reportedCurrency": "USD", "grossProfit": "1486993000", "totalRevenue": "1486993000", "costOfRevenue": "None", "costofGoodsAndServicesSold": "None", "operatingIncome": "798748000", "sellingGeneralAndAdministrative": "555266000", "researchAndDevelopment": "None", "operatingExpenses": "713245000", "investmentIncomeNet": "None", "netInterestIncome": "981395000", "interestIncome": "1016962000", "interestExpense": "35567000", "nonInterestIncome": "None", "otherNonOperatingIncome": "None", "depreciation": "None", "depreciationAndAmortization": "79805000", "incomeBeforeTax": "592549000", "incomeTaxExpense": "145300000", "interestAndDebtExpense": "None", "netIncomeFromContinuingOperations": "447249000", "comprehensiveIncomeNetOfTax": "None", "ebit": "592549000", "ebitda": "672354000", "netIncome": "447249000"}, {"fiscalDateEnding": "2020-12-31", "reportedCurrency": "USD", "grossProfit": "1540530000", "totalRevenue": "1540530000", "costOfRevenue": "None", "costofGoodsAndServicesSold": "None", "operatingIncome": "810991000", "sellingGeneralAndAdministrative": "491314000", "researchAndDevelopment": "None", "operatingExpenses": "61904000", "investmentIncomeNet": "None", "netInterestIncome": "989280000", "interestIncome": "1038890000", "interestExpense": "49610000", "nonInterestIncome": "None", "otherNonOperatingIncome": "None", "depreciation": "None", "depreciationAndAmortization": "80233000", "incomeBeforeTax": "620522000", "incomeTaxExpense": "149382000", "interestAndDebtExpense": "None", "netIncomeFromContinuingOperations": "471140000", "comprehensiveIncomeNetOfTax": "None", "ebit": "763204000", "ebitda": "843437000", "netIncome": "471140000"}, {"fiscalDateEnding": "2020-09-30", "reportedCurrency": "USD", "grossProfit": "1463656000", "totalRevenue": "1463656000", "costOfRevenue": "None", "costofGoodsAndServicesSold": "None", "operatingIncome": "667742000", "sellingGeneralAndAdministrative": "491018000", "researchAndDevelopment": "None", "operatingExpenses": "645914000", "investmentIncomeNet": "None", "netInterestIncome": "943095000", "interestIncome": "1001161000", "interestExpense": "58066000", "nonInterestIncome": "None", "otherNonOperatingIncome": "None", "depreciation": "None", "depreciationAndAmortization": "85510000", "incomeBeforeTax": "486882000", "incomeTaxExpense": "114746000", "interestAndDebtExpense": "None", "netIncomeFromContinuingOperations": "372136000", "comprehensiveIncomeNetOfTax": "None", "ebit": "486882000", "ebitda": "572392000", "netIncome": "372136000"}, {"fiscalDateEnding": "2020-06-30", "reportedCurrency": "USD", "grossProfit": "1444410000", "totalRevenue": "1444410000", "costOfRevenue": "None", "costofGoodsAndServicesSold": "None", "operatingIncome": "501001000", "sellingGeneralAndAdministrative": "473049000", "researchAndDevelopment": "None", "operatingExpenses": "618409000", "investmentIncomeNet": "None", "netInterestIncome": "957137000", "interestIncome": "1032242000", "interestExpense": "75105000", "nonInterestIncome": "None", "otherNonOperatingIncome": "None", "depreciation": "None", "depreciationAndAmortization": "76885000", "incomeBeforeTax": "312368000", "incomeTaxExpense": "71314000", "interestAndDebtExpense": "None", "netIncomeFromContinuingOperations": "241054000", "comprehensiveIncomeNetOfTax": "None", "ebit": "312368000", "ebitda": "389253000", "netIncome": "241054000"}, {"fiscalDateEnding": "2020-03-31", "reportedCurrency": "USD", "grossProfit": "1506165000", "totalRevenue": "1506165000", "costOfRevenue": "None", "costofGoodsAndServicesSold": "None", "operatingIncome": "542045000", "sellingGeneralAndAdministrative": "549114000", "researchAndDevelopment": "None", "operatingExpenses": "714120000", "investmentIncomeNet": "None", "netInterestIncome": "976805000", "interestIncome": "1120419000", "interestExpense": "143614000", "nonInterestIncome": "None", "otherNonOperatingIncome": "None", "depreciation": "None", "depreciationAndAmortization": "77660000", "incomeBeforeTax": "349749000", "incomeTaxExpense": "80927000", "interestAndDebtExpense": "None", "netIncomeFromContinuingOperations": "268822000", "comprehensiveIncomeNetOfTax": "None", "ebit": "567110000", "ebitda": "571023000", "netIncome": "268822000"}, {"fiscalDateEnding": "2019-12-31", "reportedCurrency": "USD", "grossProfit": "1529873000", "totalRevenue": "1529873000", "costOfRevenue": "None", "costofGoodsAndServicesSold": "None", "operatingIncome": "825605000", "sellingGeneralAndAdministrative": "481511000", "researchAndDevelopment": "None", "operatingExpenses": "93472000", "investmentIncomeNet": "None", "netInterestIncome": "1008833000", "interestIncome": "1185902000", "interestExpense": "177069000", "nonInterestIncome": "None", "otherNonOperatingIncome": "None", "depreciation": "None", "depreciationAndAmortization": "77272000", "incomeBeforeTax": "652190000", "incomeTaxExpense": "159124000", "interestAndDebtExpense": "None", "netIncomeFromContinuingOperations": "493066000", "comprehensiveIncomeNetOfTax": "None", "ebit": "652190000", "ebitda": "729462000", "netIncome": "493066000"}, {"fiscalDateEnding": "2019-09-30", "reportedCurrency": "USD", "grossProfit": "1557669000", "totalRevenue": "1557669000", "costOfRevenue": "None", "costofGoodsAndServicesSold": "None", "operatingIncome": "860550000", "sellingGeneralAndAdministrative": "486686000", "researchAndDevelopment": "None", "operatingExpenses": "652119000", "investmentIncomeNet": "None", "netInterestIncome": "1029890000", "interestIncome": "1229469000", "interestExpense": "199579000", "nonInterestIncome": "None", "otherNonOperatingIncome": "None", "depreciation": "None", "depreciationAndAmortization": "77946000", "incomeBeforeTax": "635050000", "incomeTaxExpense": "154969000", "interestAndDebtExpense": "None", "netIncomeFromContinuingOperations": "480081000", "comprehensiveIncomeNetOfTax": "None", "ebit": "635050000", "ebitda": "712996000", "netIncome": "480081000"}, {"fiscalDateEnding": "2019-06-30", "reportedCurrency": "USD", "grossProfit": "1553576000", "totalRevenue": "1553576000", "costOfRevenue": "None", "costofGoodsAndServicesSold": "None", "operatingIncome": "826085000", "sellingGeneralAndAdministrative": "465509000", "researchAndDevelopment": "None", "operatingExpenses": "624491000", "investmentIncomeNet": "None", "netInterestIncome": "1041481000", "interestIncome": "1237913000", "interestExpense": "196432000", "nonInterestIncome": "None", "otherNonOperatingIncome": "None", "depreciation": "None", "depreciationAndAmortization": "73925000", "incomeBeforeTax": "625544000", "incomeTaxExpense": "152284000", "interestAndDebtExpense": "None", "netIncomeFromContinuingOperations": "473260000", "comprehensiveIncomeNetOfTax": "None", "ebit": "625544000", "ebitda": "699469000", "netIncome": "473260000"}, {"fiscalDateEnding": "2019-03-31", "reportedCurrency": "USD", "grossProfit": "1550825000", "totalRevenue": "1550825000", "costOfRevenue": "0", "costofGoodsAndServicesSold": "0", "operatingIncome": "877878000", "sellingGeneralAndAdministrative": "508626000", "researchAndDevelopment": "None", "operatingExpenses": "661094000", "investmentIncomeNet": "None", "netInterestIncome": "1050060000", "interestIncome": "1226309000", "interestExpense": "176249000", "nonInterestIncome": "None", "otherNonOperatingIncome": "None", "depreciation": "None", "depreciationAndAmortization": "72172000", "incomeBeforeTax": "634477000", "incomeTaxExpense": "151735000", "interestAndDebtExpense": "None", "netIncomeFromContinuingOperations": "482742000", "comprehensiveIncomeNetOfTax": "None", "ebit": "597477000", "ebitda": "669649000", "netIncome": "482742000"}, {"fiscalDateEnding": "2018-12-31", "reportedCurrency": "USD", "grossProfit": "1539556000", "totalRevenue": "1539556000", "costOfRevenue": "199321000", "costofGoodsAndServicesSold": "199321000", "operatingIncome": "898445000", "sellingGeneralAndAdministrative": "448765000", "researchAndDevelopment": "0", "operatingExpenses": "85710000", "investmentIncomeNet": "None", "netInterestIncome": "None", "interestIncome": "None", "interestExpense": "161321000", "nonInterestIncome": "None", "otherNonOperatingIncome": "None", "depreciation": "None", "depreciationAndAmortization": "43089000", "incomeBeforeTax": "699394000", "incomeTaxExpense": "153175000", "interestAndDebtExpense": "None", "netIncomeFromContinuingOperations": "546219000", "comprehensiveIncomeNetOfTax": "None", "ebit": "692394000", "ebitda": "735483000", "netIncome": "546219000"}, {"fiscalDateEnding": "2018-09-30", "reportedCurrency": "USD", "grossProfit": "1488332000", "totalRevenue": "1488332000", "costOfRevenue": "154337000", "costofGoodsAndServicesSold": "154337000", "operatingIncome": "882175000", "sellingGeneralAndAdministrative": "450220000", "researchAndDevelopment": "0", "operatingExpenses": "590157000", "investmentIncomeNet": "None", "netInterestIncome": "None", "interestIncome": "None", "interestExpense": "138337000", "nonInterestIncome": "None", "otherNonOperatingIncome": "None", "depreciation": "None", "depreciationAndAmortization": "6143000", "incomeBeforeTax": "696353000", "incomeTaxExpense": "170262000", "interestAndDebtExpense": "None", "netIncomeFromContinuingOperations": "526091000", "comprehensiveIncomeNetOfTax": "None", "ebit": "733807000", "ebitda": "739950000", "netIncome": "526091000"}, {"fiscalDateEnding": "2018-06-30", "reportedCurrency": "USD", "grossProfit": "1466201000", "totalRevenue": "1466201000", "costOfRevenue": "155118000", "costofGoodsAndServicesSold": "155118000", "operatingIncome": "859434000", "sellingGeneralAndAdministrative": "438097000", "researchAndDevelopment": "0", "operatingExpenses": "571767000", "investmentIncomeNet": "None", "netInterestIncome": "None", "interestIncome": "None", "interestExpense": "120118000", "nonInterestIncome": "None", "otherNonOperatingIncome": "None", "depreciation": "None", "depreciationAndAmortization": "6388000", "incomeBeforeTax": "654624000", "incomeTaxExpense": "161464000", "interestAndDebtExpense": "None", "netIncomeFromContinuingOperations": "493160000", "comprehensiveIncomeNetOfTax": "None", "ebit": "693986000", "ebitda": "700374000", "netIncome": "493160000"}, {"fiscalDateEnding": "2018-03-31", "reportedCurrency": "USD", "grossProfit": "1434213000", "totalRevenue": "1434213000", "costOfRevenue": "149633000", "costofGoodsAndServicesSold": "149633000", "operatingIncome": "778992000", "sellingGeneralAndAdministrative": "483708000", "researchAndDevelopment": "0", "operatingExpenses": "612221000", "investmentIncomeNet": "None", "netInterestIncome": "None", "interestIncome": "None", "interestExpense": "106633000", "nonInterestIncome": "None", "otherNonOperatingIncome": "None", "depreciation": "None", "depreciationAndAmortization": "6632000", "incomeBeforeTax": "457869000", "incomeTaxExpense": "105259000", "interestAndDebtExpense": "None", "netIncomeFromContinuingOperations": "352610000", "comprehensiveIncomeNetOfTax": "None", "ebit": "473806000", "ebitda": "480438000", "netIncome": "352610000"}, {"fiscalDateEnding": "2017-12-31", "reportedCurrency": "USD", "grossProfit": "1455503000", "totalRevenue": "1455503000", "costOfRevenue": "133689000", "costofGoodsAndServicesSold": "133689000", "operatingIncome": "626690000", "sellingGeneralAndAdministrative": "426600000", "researchAndDevelopment": "0", "operatingExpenses": "69203000", "investmentIncomeNet": "None", "netInterestIncome": "None", "interestIncome": "None", "interestExpense": "102689000", "nonInterestIncome": "None", "otherNonOperatingIncome": "None", "depreciation": "None", "depreciationAndAmortization": "31981000", "incomeBeforeTax": "628690000", "incomeTaxExpense": "306287000", "interestAndDebtExpense": "None", "netIncomeFromContinuingOperations": "322403000", "comprehensiveIncomeNetOfTax": "None", "ebit": "641387000", "ebitda": "673368000", "netIncome": "322403000"}, {"fiscalDateEnding": "2017-09-30", "reportedCurrency": "USD", "grossProfit": "1416563000", "totalRevenue": "1416563000", "costOfRevenue": "130076000", "costofGoodsAndServicesSold": "130076000", "operatingIncome": "840504000", "sellingGeneralAndAdministrative": "422574000", "researchAndDevelopment": "0", "operatingExpenses": "546059000", "investmentIncomeNet": "None", "netInterestIncome": "None", "interestIncome": "None", "interestExpense": "100076000", "nonInterestIncome": "None", "otherNonOperatingIncome": "None", "depreciation": "None", "depreciationAndAmortization": "7808000", "incomeBeforeTax": "580538000", "incomeTaxExpense": "224615000", "interestAndDebtExpense": "None", "netIncomeFromContinuingOperations": "355923000", "comprehensiveIncomeNetOfTax": "None", "ebit": "613759000", "ebitda": "621567000", "netIncome": "355923000"}, {"fiscalDateEnding": "2017-06-30", "reportedCurrency": "USD", "grossProfit": "1399016000", "totalRevenue": "1399016000", "costOfRevenue": "144213000", "costofGoodsAndServicesSold": "144213000", "operatingIncome": "805309000", "sellingGeneralAndAdministrative": "423407000", "researchAndDevelopment": "0", "operatingExpenses": "541707000", "investmentIncomeNet": "None", "netInterestIncome": "None", "interestIncome": "None", "interestExpense": "92213000", "nonInterestIncome": "None", "otherNonOperatingIncome": "None", "depreciation": "None", "depreciationAndAmortization": "8113000", "incomeBeforeTax": "596381000", "incomeTaxExpense": "215328000", "interestAndDebtExpense": "None", "netIncomeFromContinuingOperations": "381053000", "comprehensiveIncomeNetOfTax": "None", "ebit": "637294000", "ebitda": "645407000", "netIncome": "381053000"}, {"fiscalDateEnding": "2017-03-31", "reportedCurrency": "USD", "grossProfit": "1361105000", "totalRevenue": "1361105000", "costOfRevenue": "146773000", "costofGoodsAndServicesSold": "146773000", "operatingIncome": "711879000", "sellingGeneralAndAdministrative": "478568000", "researchAndDevelopment": "0", "operatingExpenses": "594226000", "investmentIncomeNet": "None", "netInterestIncome": "None", "interestIncome": "None", "interestExpense": "91773000", "nonInterestIncome": "None", "otherNonOperatingIncome": "None", "depreciation": "None", "depreciationAndAmortization": "8420000", "incomeBeforeTax": "518253000", "incomeTaxExpense": "169326000", "interestAndDebtExpense": "None", "netIncomeFromContinuingOperations": "348927000", "comprehensiveIncomeNetOfTax": "None", "ebit": "573225000", "ebitda": "581645000", "netIncome": "348927000"}, {"fiscalDateEnding": "2016-12-31", "reportedCurrency": "USD", "grossProfit": "1341223000", "totalRevenue": "1341223000", "costOfRevenue": "169137000", "costofGoodsAndServicesSold": "169137000", "operatingIncome": "742151000", "sellingGeneralAndAdministrative": "422345000", "researchAndDevelopment": "0", "operatingExpenses": "87137000", "investmentIncomeNet": "None", "netInterestIncome": "None", "interestIncome": "None", "interestExpense": "107137000", "nonInterestIncome": "None", "otherNonOperatingIncome": "None", "depreciation": "None", "depreciationAndAmortization": "49177000", "incomeBeforeTax": "510120000", "incomeTaxExpense": "179549000", "interestAndDebtExpense": "None", "netIncomeFromContinuingOperations": "330571000", "comprehensiveIncomeNetOfTax": "None", "ebit": "507120000", "ebitda": "556297000", "netIncome": "330571000"}, {"fiscalDateEnding": "2016-09-30", "reportedCurrency": "USD", "grossProfit": "1349690000", "totalRevenue": "1349690000", "costOfRevenue": "158175000", "costofGoodsAndServicesSold": "158175000", "operatingIncome": "753795000", "sellingGeneralAndAdministrative": "428245000", "researchAndDevelopment": "0", "operatingExpenses": "548895000", "investmentIncomeNet": "None", "netInterestIncome": "None", "interestIncome": "None", "interestExpense": "111175000", "nonInterestIncome": "None", "otherNonOperatingIncome": "None", "depreciation": "None", "depreciationAndAmortization": "9787000", "incomeBeforeTax": "550298000", "incomeTaxExpense": "200314000", "interestAndDebtExpense": "None", "netIncomeFromContinuingOperations": "349984000", "comprehensiveIncomeNetOfTax": "None", "ebit": "600614000", "ebitda": "610401000", "netIncome": "349984000"}, {"fiscalDateEnding": "2016-06-30", "reportedCurrency": "USD", "grossProfit": "1312073000", "totalRevenue": "1312073000", "costOfRevenue": "138802000", "costofGoodsAndServicesSold": "138802000", "operatingIncome": "738268000", "sellingGeneralAndAdministrative": "421045000", "researchAndDevelopment": "0", "operatingExpenses": "541805000", "investmentIncomeNet": "None", "netInterestIncome": "None", "interestIncome": "None", "interestExpense": "106802000", "nonInterestIncome": "None", "otherNonOperatingIncome": "None", "depreciation": "None", "depreciationAndAmortization": "50190000", "incomeBeforeTax": "530178000", "incomeTaxExpense": "194147000", "interestAndDebtExpense": "None", "netIncomeFromContinuingOperations": "336031000", "comprehensiveIncomeNetOfTax": "None", "ebit": "675752000", "ebitda": "687170000", "netIncome": "336031000"}, {"fiscalDateEnding": "2016-03-31", "reportedCurrency": "USD", "grossProfit": "1292897000", "totalRevenue": "1292897000", "costOfRevenue": "3619000", "costofGoodsAndServicesSold": "3619000", "operatingIncome": "673539000", "sellingGeneralAndAdministrative": "457010000", "researchAndDevelopment": "0", "operatingExpenses": "570358000", "investmentIncomeNet": "None", "netInterestIncome": "None", "interestIncome": "None", "interestExpense": "100870000", "nonInterestIncome": "None", "otherNonOperatingIncome": "None", "depreciation": "None", "depreciationAndAmortization": "51709000", "incomeBeforeTax": "467802000", "incomeTaxExpense": "169274000", "interestAndDebtExpense": "None", "netIncomeFromContinuingOperations": "298528000", "comprehensiveIncomeNetOfTax": "None", "ebit": "608062000", "ebitda": "620381000", "netIncome": "298528000"}, {"fiscalDateEnding": "2015-12-31", "reportedCurrency": "USD", "grossProfit": "1258376000", "totalRevenue": "1258376000", "costOfRevenue": "132333000", "costofGoodsAndServicesSold": "132333000", "operatingIncome": "544651000", "sellingGeneralAndAdministrative": "453975000", "researchAndDevelopment": "0", "operatingExpenses": "686767000", "investmentIncomeNet": "None", "netInterestIncome": "None", "interestIncome": "None", "interestExpense": "95333000", "nonInterestIncome": "None", "otherNonOperatingIncome": "None", "depreciation": "None", "depreciationAndAmortization": "47855000", "incomeBeforeTax": "411039000", "incomeTaxExpense": "140074000", "interestAndDebtExpense": "None", "netIncomeFromContinuingOperations": "270965000", "comprehensiveIncomeNetOfTax": "None", "ebit": "544651000", "ebitda": "554227000", "netIncome": "270965000"}, {"fiscalDateEnding": "2015-09-30", "reportedCurrency": "USD", "grossProfit": "1132526000", "totalRevenue": "1132526000", "costOfRevenue": "121199000", "costofGoodsAndServicesSold": "121199000", "operatingIncome": "647798000", "sellingGeneralAndAdministrative": "374657000", "researchAndDevelopment": "0", "operatingExpenses": "440728000", "investmentIncomeNet": "None", "netInterestIncome": "None", "interestIncome": "None", "interestExpense": "77199000", "nonInterestIncome": "None", "otherNonOperatingIncome": "None", "depreciation": "None", "depreciationAndAmortization": "41965000", "incomeBeforeTax": "434710000", "incomeTaxExpense": "154309000", "interestAndDebtExpense": "None", "netIncomeFromContinuingOperations": "280401000", "comprehensiveIncomeNetOfTax": "None", "ebit": "549784000", "ebitda": "553874000", "netIncome": "280401000"}, {"fiscalDateEnding": "2015-06-30", "reportedCurrency": "USD", "grossProfit": "1180155000", "totalRevenue": "1180155000", "costOfRevenue": "107226000", "costofGoodsAndServicesSold": "107226000", "operatingIncome": "712341000", "sellingGeneralAndAdministrative": "372458000", "researchAndDevelopment": "0", "operatingExpenses": "437814000", "investmentIncomeNet": "None", "netInterestIncome": "None", "interestIncome": "None", "interestExpense": "77226000", "nonInterestIncome": "None", "otherNonOperatingIncome": "None", "depreciation": "None", "depreciationAndAmortization": "42359000", "incomeBeforeTax": "453527000", "incomeTaxExpense": "166839000", "interestAndDebtExpense": "None", "netIncomeFromContinuingOperations": "286688000", "comprehensiveIncomeNetOfTax": "None", "ebit": "567147000", "ebitda": "573112000", "netIncome": "286688000"}, {"fiscalDateEnding": "2015-03-31", "reportedCurrency": "USD", "grossProfit": "1099791000", "totalRevenue": "1099791000", "costOfRevenue": "116499000", "costofGoodsAndServicesSold": "116499000", "operatingIncome": "595837999", "sellingGeneralAndAdministrative": "400553000", "researchAndDevelopment": "0", "operatingExpenses": "465953000", "investmentIncomeNet": "None", "netInterestIncome": "None", "interestIncome": "None", "interestExpense": "78499000", "nonInterestIncome": "None", "otherNonOperatingIncome": "None", "depreciation": "None", "depreciationAndAmortization": "43170000", "incomeBeforeTax": "375416000", "incomeTaxExpense": "133803000", "interestAndDebtExpense": "None", "netIncomeFromContinuingOperations": "241613000", "comprehensiveIncomeNetOfTax": "None", "ebit": "490292000", "ebitda": "497085000", "netIncome": "241613000"}, {"fiscalDateEnding": "2014-12-31", "reportedCurrency": "USD", "grossProfit": "1137532000", "totalRevenue": "1100483000", "costOfRevenue": "-37049000", "costofGoodsAndServicesSold": "-37049000", "operatingIncome": "684132000", "sellingGeneralAndAdministrative": "356830000", "researchAndDevelopment": "0", "operatingExpenses": "416351000", "investmentIncomeNet": "None", "netInterestIncome": "None", "interestIncome": "None", "interestExpense": "74772000", "nonInterestIncome": "None", "otherNonOperatingIncome": "None", "depreciation": "None", "depreciationAndAmortization": "45988000", "incomeBeforeTax": "420375000", "incomeTaxExpense": "142826000", "interestAndDebtExpense": "None", "netIncomeFromContinuingOperations": "277549000", "comprehensiveIncomeNetOfTax": "None", "ebit": "533965000", "ebitda": "541135000", "netIncome": "277549000"}, {"fiscalDateEnding": "2014-09-30", "reportedCurrency": "USD", "grossProfit": "1124284000", "totalRevenue": "1124284000", "costOfRevenue": "102964000", "costofGoodsAndServicesSold": "102964000", "operatingIncome": "665497000", "sellingGeneralAndAdministrative": "361969000", "researchAndDevelopment": "0", "operatingExpenses": "425673000", "investmentIncomeNet": "None", "netInterestIncome": "None", "interestIncome": "None", "interestExpense": "73964000", "nonInterestIncome": "None", "otherNonOperatingIncome": "None", "depreciation": "None", "depreciationAndAmortization": "49445000", "incomeBeforeTax": "411886000", "incomeTaxExpense": "136542000", "interestAndDebtExpense": "None", "netIncomeFromContinuingOperations": "275344000", "comprehensiveIncomeNetOfTax": "None", "ebit": "527937000", "ebitda": "535295000", "netIncome": "275344000"}, {"fiscalDateEnding": "2014-06-30", "reportedCurrency": "USD", "grossProfit": "1129581000", "totalRevenue": "1129581000", "costOfRevenue": "95176000", "costofGoodsAndServicesSold": "95176000", "operatingIncome": "678549000", "sellingGeneralAndAdministrative": "354868000", "researchAndDevelopment": "0", "operatingExpenses": "416977000", "investmentIncomeNet": "None", "netInterestIncome": "None", "interestIncome": "None", "interestExpense": "65176000", "nonInterestIncome": "None", "otherNonOperatingIncome": "None", "depreciation": "None", "depreciationAndAmortization": "50735000", "incomeBeforeTax": "414332000", "incomeTaxExpense": "129996000", "interestAndDebtExpense": "None", "netIncomeFromContinuingOperations": "284336000", "comprehensiveIncomeNetOfTax": "None", "ebit": "521009000", "ebitda": "530243000", "netIncome": "284336000"}, {"fiscalDateEnding": "2014-03-31", "reportedCurrency": "USD", "grossProfit": "1080994000", "totalRevenue": "1080994000", "costOfRevenue": "98519000", "costofGoodsAndServicesSold": "98519000", "operatingIncome": "591091000", "sellingGeneralAndAdministrative": "386814000", "researchAndDevelopment": "0", "operatingExpenses": "453449000", "investmentIncomeNet": "None", "netInterestIncome": "None", "interestIncome": "None", "interestExpense": "66519000", "nonInterestIncome": "None", "otherNonOperatingIncome": "None", "depreciation": "None", "depreciationAndAmortization": "52562000", "incomeBeforeTax": "342269000", "incomeTaxExpense": "113252000", "interestAndDebtExpense": "None", "netIncomeFromContinuingOperations": "229017000", "comprehensiveIncomeNetOfTax": "None", "ebit": "451288000", "ebitda": "461350000", "netIncome": "229017000"}, {"fiscalDateEnding": "2013-12-31", "reportedCurrency": "USD", "grossProfit": "1118866000", "totalRevenue": "1118866000", "costOfRevenue": "109982000", "costofGoodsAndServicesSold": "109982000", "operatingIncome": "600496000", "sellingGeneralAndAdministrative": "353733000", "researchAndDevelopment": "0", "operatingExpenses": "470234000", "investmentIncomeNet": "None", "netInterestIncome": "None", "interestIncome": "None", "interestExpense": "67982000", "nonInterestIncome": "None", "otherNonOperatingIncome": "None", "depreciation": "None", "depreciationAndAmortization": "53749000", "incomeBeforeTax": "327658000", "incomeTaxExpense": "106236000", "interestAndDebtExpense": "None", "netIncomeFromContinuingOperations": "221422000", "comprehensiveIncomeNetOfTax": "None", "ebit": "438950000", "ebitda": "449389000", "netIncome": "221422000"}, {"fiscalDateEnding": "2013-09-30", "reportedCurrency": "USD", "grossProfit": "1154377000", "totalRevenue": "1154377000", "costOfRevenue": "117578000", "costofGoodsAndServicesSold": "117578000", "operatingIncome": "687192000", "sellingGeneralAndAdministrative": "354209000", "researchAndDevelopment": "0", "operatingExpenses": "415304000", "investmentIncomeNet": "None", "netInterestIncome": "None", "interestIncome": "None", "interestExpense": "69578000", "nonInterestIncome": "None", "otherNonOperatingIncome": "None", "depreciation": "None", "depreciationAndAmortization": "50134000", "incomeBeforeTax": "443870000", "incomeTaxExpense": "149391000", "interestAndDebtExpense": "None", "netIncomeFromContinuingOperations": "294479000", "comprehensiveIncomeNetOfTax": "None", "ebit": "552954000", "ebitda": "563582000", "netIncome": "294479000"}, {"fiscalDateEnding": "2013-06-30", "reportedCurrency": "USD", "grossProfit": "1188729000", "totalRevenue": "1188729000", "costOfRevenue": "129620000", "costofGoodsAndServicesSold": "129620000", "operatingIncome": "542514000", "sellingGeneralAndAdministrative": "340831000", "researchAndDevelopment": "0", "operatingExpenses": "598591000", "investmentIncomeNet": "None", "netInterestIncome": "None", "interestIncome": "None", "interestExpense": "72620000", "nonInterestIncome": "None", "otherNonOperatingIncome": "None", "depreciation": "None", "depreciationAndAmortization": "49274000", "incomeBeforeTax": "530685000", "incomeTaxExpense": "182219000", "interestAndDebtExpense": "None", "netIncomeFromContinuingOperations": "348466000", "comprehensiveIncomeNetOfTax": "None", "ebit": "640077000", "ebitda": "652579000", "netIncome": "348466000"}, {"fiscalDateEnding": "2013-03-31", "reportedCurrency": "USD", "grossProfit": "1092588000", "totalRevenue": "1092588000", "costOfRevenue": "111925000", "costofGoodsAndServicesSold": "111925000", "operatingIncome": "452849000", "sellingGeneralAndAdministrative": "375989000", "researchAndDevelopment": "0", "operatingExpenses": "635596000", "investmentIncomeNet": "None", "netInterestIncome": "None", "interestIncome": "None", "interestExpense": "73925000", "nonInterestIncome": "None", "otherNonOperatingIncome": "None", "depreciation": "None", "depreciationAndAmortization": "50578000", "incomeBeforeTax": "415336000", "incomeTaxExpense": "141223000", "interestAndDebtExpense": "None", "netIncomeFromContinuingOperations": "274113000", "comprehensiveIncomeNetOfTax": "None", "ebit": "526496000", "ebitda": "539839000", "netIncome": "274113000"}, {"fiscalDateEnding": "2012-12-31", "reportedCurrency": "USD", "grossProfit": "1092196000", "totalRevenue": "1092196000", "costOfRevenue": "33331000", "costofGoodsAndServicesSold": "33331000", "operatingIncome": "482703000", "sellingGeneralAndAdministrative": "314896000", "researchAndDevelopment": "0", "operatingExpenses": "626146000", "investmentIncomeNet": "None", "netInterestIncome": "None", "interestIncome": "None", "interestExpense": "77931000", "nonInterestIncome": "None", "otherNonOperatingIncome": "None", "depreciation": "None", "depreciationAndAmortization": "13865000", "incomeBeforeTax": "445440000", "incomeTaxExpense": "149247000", "interestAndDebtExpense": "None", "netIncomeFromContinuingOperations": "0", "comprehensiveIncomeNetOfTax": "None", "ebit": "-49773000", "ebitda": "-35908000", "netIncome": "296193000"}, {"fiscalDateEnding": "2012-09-30", "reportedCurrency": "USD", "grossProfit": "1113638000", "totalRevenue": "1113638000", "costOfRevenue": "-5672000", "costofGoodsAndServicesSold": "-5672000", "operatingIncome": "566044000", "sellingGeneralAndAdministrative": "345547000", "researchAndDevelopment": "0", "operatingExpenses": "359491000", "investmentIncomeNet": "None", "netInterestIncome": "None", "interestIncome": "None", "interestExpense": "82129000", "nonInterestIncome": "None", "otherNonOperatingIncome": "None", "depreciation": "None", "depreciationAndAmortization": "51572000", "incomeBeforeTax": "446428000", "incomeTaxExpense": "152966000", "interestAndDebtExpense": "None", "netIncomeFromContinuingOperations": "0", "comprehensiveIncomeNetOfTax": "None", "ebit": "566044000", "ebitda": "580129000", "netIncome": "293462000"}, {"fiscalDateEnding": "2012-06-30", "reportedCurrency": "USD", "grossProfit": "1046268000", "totalRevenue": "1046268000", "costOfRevenue": "149403000", "costofGoodsAndServicesSold": "149403000", "operatingIncome": "476681000", "sellingGeneralAndAdministrative": "348648000", "researchAndDevelopment": "0", "operatingExpenses": "-569587000", "investmentIncomeNet": "None", "netInterestIncome": "None", "interestIncome": "None", "interestExpense": "89403000", "nonInterestIncome": "None", "otherNonOperatingIncome": "None", "depreciation": "None", "depreciationAndAmortization": "50944000", "incomeBeforeTax": "352241000", "incomeTaxExpense": "118861000", "interestAndDebtExpense": "None", "netIncomeFromContinuingOperations": "0", "comprehensiveIncomeNetOfTax": "None", "ebit": "476681000", "ebitda": "492588000", "netIncome": "233380000"}, {"fiscalDateEnding": "2012-03-31", "reportedCurrency": "USD", "grossProfit": "990378000", "totalRevenue": "1001864000", "costOfRevenue": "11486000", "costofGoodsAndServicesSold": "11486000", "operatingIncome": "437621000", "sellingGeneralAndAdministrative": "375047000", "researchAndDevelopment": "0", "operatingExpenses": "398405000", "investmentIncomeNet": "None", "netInterestIncome": "None", "interestIncome": "None", "interestExpense": "93706000", "nonInterestIncome": "None", "otherNonOperatingIncome": "None", "depreciation": "None", "depreciationAndAmortization": "52272000", "incomeBeforeTax": "308417000", "incomeTaxExpense": "101954000", "interestAndDebtExpense": "None", "netIncomeFromContinuingOperations": "0", "comprehensiveIncomeNetOfTax": "None", "ebit": "437621000", "ebitda": "454395000", "netIncome": "206463000"}, {"fiscalDateEnding": "2011-12-31", "reportedCurrency": "USD", "grossProfit": "969691000", "totalRevenue": "969691000", "costOfRevenue": "171969000", "costofGoodsAndServicesSold": "171969000", "operatingIncome": "300871000", "sellingGeneralAndAdministrative": "310836000", "researchAndDevelopment": "0", "operatingExpenses": "-993387000", "investmentIncomeNet": "None", "netInterestIncome": "None", "interestIncome": "None", "interestExpense": "97969000", "nonInterestIncome": "None", "otherNonOperatingIncome": "None", "depreciation": "None", "depreciationAndAmortization": "53210000", "incomeBeforeTax": "202902000", "incomeTaxExpense": "55162000", "interestAndDebtExpense": "None", "netIncomeFromContinuingOperations": "0", "comprehensiveIncomeNetOfTax": "None", "ebit": "300871000", "ebitda": "354081000", "netIncome": "147740000"}, {"fiscalDateEnding": "2011-09-30", "reportedCurrency": "USD", "grossProfit": "1001654000", "totalRevenue": "720351000", "costOfRevenue": "-281303000", "costofGoodsAndServicesSold": "-281303000", "operatingIncome": "368714000", "sellingGeneralAndAdministrative": "362491000", "researchAndDevelopment": "0", "operatingExpenses": "372133000", "investmentIncomeNet": "None", "netInterestIncome": "None", "interestIncome": "None", "interestExpense": "103632000", "nonInterestIncome": "None", "otherNonOperatingIncome": "None", "depreciation": "None", "depreciationAndAmortization": "52404000", "incomeBeforeTax": "265082000", "incomeTaxExpense": "81974000", "interestAndDebtExpense": "None", "netIncomeFromContinuingOperations": "183108000", "comprehensiveIncomeNetOfTax": "None", "ebit": "368714000", "ebitda": "421118000", "netIncome": "164668000"}, {"fiscalDateEnding": "2011-06-30", "reportedCurrency": "USD", "grossProfit": "1093081000", "totalRevenue": "1093081000", "costOfRevenue": "165051000", "costofGoodsAndServicesSold": "165051000", "operatingIncome": "583670000", "sellingGeneralAndAdministrative": "336510000", "researchAndDevelopment": "0", "operatingExpenses": "363040000", "investmentIncomeNet": "None", "netInterestIncome": "None", "interestIncome": "None", "interestExpense": "102051000", "nonInterestIncome": "None", "otherNonOperatingIncome": "None", "depreciation": "None", "depreciationAndAmortization": "48396000", "incomeBeforeTax": "447963000", "incomeTaxExpense": "125605000", "interestAndDebtExpense": "None", "netIncomeFromContinuingOperations": "322358000", "comprehensiveIncomeNetOfTax": "None", "ebit": "583670000", "ebitda": "598410000", "netIncome": "297164000"}, {"fiscalDateEnding": "2011-03-31", "reportedCurrency": "USD", "grossProfit": "873861000", "totalRevenue": "889902000", "costOfRevenue": "16041000", "costofGoodsAndServicesSold": "16041000", "operatingIncome": "438788000", "sellingGeneralAndAdministrative": "294386000", "researchAndDevelopment": "0", "operatingExpenses": "310427000", "investmentIncomeNet": "None", "netInterestIncome": "None", "interestIncome": "None", "interestExpense": "98679000", "nonInterestIncome": "None", "otherNonOperatingIncome": "None", "depreciation": "None", "depreciationAndAmortization": "43770000", "incomeBeforeTax": "308653000", "incomeTaxExpense": "102380000", "interestAndDebtExpense": "None", "netIncomeFromContinuingOperations": "206273000", "comprehensiveIncomeNetOfTax": "None", "ebit": "438788000", "ebitda": "451102000", "netIncome": "190113000"}, {"fiscalDateEnding": "2010-12-31", "reportedCurrency": "USD", "grossProfit": "801398000", "totalRevenue": "801398000", "costOfRevenue": "193628000", "costofGoodsAndServicesSold": "193628000", "operatingIncome": "415389000", "sellingGeneralAndAdministrative": "236330000", "researchAndDevelopment": "0", "operatingExpenses": "-553886000", "investmentIncomeNet": "None", "netInterestIncome": "None", "interestIncome": "None", "interestExpense": "108628000", "nonInterestIncome": "None", "otherNonOperatingIncome": "None", "depreciation": "None", "depreciationAndAmortization": "43395000", "incomeBeforeTax": "306761000", "incomeTaxExpense": "102319000", "interestAndDebtExpense": "None", "netIncomeFromContinuingOperations": "0", "comprehensiveIncomeNetOfTax": "None", "ebit": "415389000", "ebitda": "458784000", "netIncome": "182091000"}, {"fiscalDateEnding": "2010-09-30", "reportedCurrency": "USD", "grossProfit": "692854000", "totalRevenue": "685900000", "costOfRevenue": "-6954000", "costofGoodsAndServicesSold": "-6954000", "operatingIncome": "433846000", "sellingGeneralAndAdministrative": "254209000", "researchAndDevelopment": "0", "operatingExpenses": "263741000", "investmentIncomeNet": "None", "netInterestIncome": "None", "interestIncome": "None", "interestExpense": "116032000", "nonInterestIncome": "None", "otherNonOperatingIncome": "None", "depreciation": "None", "depreciationAndAmortization": "44706000", "incomeBeforeTax": "286634000", "incomeTaxExpense": "94619000", "interestAndDebtExpense": "None", "netIncomeFromContinuingOperations": "0", "comprehensiveIncomeNetOfTax": "None", "ebit": "433846000", "ebitda": "447372000", "netIncome": "166724000"}, {"fiscalDateEnding": "2010-06-30", "reportedCurrency": "USD", "grossProfit": "846963000", "totalRevenue": "869343000", "costOfRevenue": "22380000", "costofGoodsAndServicesSold": "22380000", "operatingIncome": "428374000", "sellingGeneralAndAdministrative": "276018000", "researchAndDevelopment": "0", "operatingExpenses": "276790000", "investmentIncomeNet": "None", "netInterestIncome": "None", "interestIncome": "None", "interestExpense": "117557000", "nonInterestIncome": "None", "otherNonOperatingIncome": "None", "depreciation": "None", "depreciationAndAmortization": "45934000", "incomeBeforeTax": "279716000", "incomeTaxExpense": "90967000", "interestAndDebtExpense": "None", "netIncomeFromContinuingOperations": "0", "comprehensiveIncomeNetOfTax": "None", "ebit": "428374000", "ebitda": "443207000", "netIncome": "188749000"}, {"fiscalDateEnding": "2010-03-31", "reportedCurrency": "USD", "grossProfit": "819754000", "totalRevenue": "676386000", "costOfRevenue": "-143368000", "costofGoodsAndServicesSold": "-143368000", "operatingIncome": "371582000", "sellingGeneralAndAdministrative": "285394000", "researchAndDevelopment": "0", "operatingExpenses": "312196000", "investmentIncomeNet": "None", "netInterestIncome": "None", "interestIncome": "None", "interestExpense": "120052000", "nonInterestIncome": "None", "otherNonOperatingIncome": "None", "depreciation": "None", "depreciationAndAmortization": "48327000", "incomeBeforeTax": "219678000", "incomeTaxExpense": "68723000", "interestAndDebtExpense": "None", "netIncomeFromContinuingOperations": "0", "comprehensiveIncomeNetOfTax": "None", "ebit": "371582000", "ebitda": "388057000", "netIncome": "136428000"}, {"fiscalDateEnding": "2009-12-31", "reportedCurrency": "USD", "grossProfit": "632507000", "totalRevenue": "632507000", "costOfRevenue": "278950000", "costofGoodsAndServicesSold": "278950000", "operatingIncome": "369119000", "sellingGeneralAndAdministrative": "238104000", "researchAndDevelopment": "0", "operatingExpenses": "-860288000", "investmentIncomeNet": "None", "netInterestIncome": "None", "interestIncome": "None", "interestExpense": "133950000", "nonInterestIncome": "None", "otherNonOperatingIncome": "None", "depreciation": "None", "depreciationAndAmortization": "53349000", "incomeBeforeTax": "201158000", "incomeTaxExpense": "64340000", "interestAndDebtExpense": "None", "netIncomeFromContinuingOperations": "0", "comprehensiveIncomeNetOfTax": "None", "ebit": "369119000", "ebitda": "422468000", "netIncome": "170829000"}, {"fiscalDateEnding": "2009-09-30", "reportedCurrency": "USD", "grossProfit": "901025000", "totalRevenue": "901025000", "costOfRevenue": "-64232000", "costofGoodsAndServicesSold": "-64232000", "operatingIncome": "342687000", "sellingGeneralAndAdministrative": "276573000", "researchAndDevelopment": "0", "operatingExpenses": "340805000", "investmentIncomeNet": "None", "netInterestIncome": "None", "interestIncome": "None", "interestExpense": "152938000", "nonInterestIncome": "None", "otherNonOperatingIncome": "None", "depreciation": "None", "depreciationAndAmortization": "48618000", "incomeBeforeTax": "171825000", "incomeTaxExpense": "44161000", "interestAndDebtExpense": "None", "netIncomeFromContinuingOperations": "0", "comprehensiveIncomeNetOfTax": "None", "ebit": "342687000", "ebitda": "359611000", "netIncome": "127664000"}, {"fiscalDateEnding": "2009-06-30", "reportedCurrency": "USD", "grossProfit": "773423000", "totalRevenue": "773423000", "costOfRevenue": "-75697000", "costofGoodsAndServicesSold": "-75697000", "operatingIncome": "257051000", "sellingGeneralAndAdministrative": "11554000", "researchAndDevelopment": "0", "operatingExpenses": "375286000", "investmentIncomeNet": "None", "netInterestIncome": "None", "interestIncome": "None", "interestExpense": "175856000", "nonInterestIncome": "None", "otherNonOperatingIncome": "None", "depreciation": "None", "depreciationAndAmortization": "44592000", "incomeBeforeTax": "62506000", "incomeTaxExpense": "11318000", "interestAndDebtExpense": "None", "netIncomeFromContinuingOperations": "0", "comprehensiveIncomeNetOfTax": "None", "ebit": "257051000", "ebitda": "272282000", "netIncome": "51188000"}, {"fiscalDateEnding": "2009-03-31", "reportedCurrency": "USD", "grossProfit": "716491000", "totalRevenue": "716491000", "costOfRevenue": "364705000", "costofGoodsAndServicesSold": "364705000", "operatingIncome": "290507000", "sellingGeneralAndAdministrative": "258487000", "researchAndDevelopment": "0", "operatingExpenses": "296542000", "investmentIncomeNet": "None", "netInterestIncome": "None", "interestIncome": "None", "interestExpense": "206705000", "nonInterestIncome": "None", "otherNonOperatingIncome": "None", "depreciation": "None", "depreciationAndAmortization": "44362000", "incomeBeforeTax": "83802000", "incomeTaxExpense": "19581000", "interestAndDebtExpense": "None", "netIncomeFromContinuingOperations": "0", "comprehensiveIncomeNetOfTax": "None", "ebit": "290507000", "ebitda": "334869000", "netIncome": "64221000"}, {"fiscalDateEnding": "2008-12-31", "reportedCurrency": "USD", "grossProfit": "764945000", "totalRevenue": "764945000", "costOfRevenue": "439426000", "costofGoodsAndServicesSold": "439426000", "operatingIncome": "418099000", "sellingGeneralAndAdministrative": "232410000", "researchAndDevelopment": "0", "operatingExpenses": "-724676000", "investmentIncomeNet": "None", "netInterestIncome": "None", "interestIncome": "None", "interestExpense": "288426000", "nonInterestIncome": "None", "otherNonOperatingIncome": "None", "depreciation": "None", "depreciationAndAmortization": "45612000", "incomeBeforeTax": "129673000", "incomeTaxExpense": "27432000", "interestAndDebtExpense": "None", "netIncomeFromContinuingOperations": "0", "comprehensiveIncomeNetOfTax": "None", "ebit": "418099000", "ebitda": "463711000", "netIncome": "102241000"}, {"fiscalDateEnding": "2008-09-30", "reportedCurrency": "USD", "grossProfit": "587476000", "totalRevenue": "601956000", "costOfRevenue": "14480000", "costofGoodsAndServicesSold": "14480000", "operatingIncome": "409609000", "sellingGeneralAndAdministrative": "236678000", "researchAndDevelopment": "0", "operatingExpenses": "-192347000", "investmentIncomeNet": "None", "netInterestIncome": "None", "interestIncome": "None", "interestExpense": "313115000", "nonInterestIncome": "None", "otherNonOperatingIncome": "None", "depreciation": "None", "depreciationAndAmortization": "46141000", "incomeBeforeTax": "66193000", "incomeTaxExpense": "-24992000", "interestAndDebtExpense": "None", "netIncomeFromContinuingOperations": "0", "comprehensiveIncomeNetOfTax": "None", "ebit": "409609000", "ebitda": "425449000", "netIncome": "91185000"}, {"fiscalDateEnding": "2008-06-30", "reportedCurrency": "USD", "grossProfit": "757814000", "totalRevenue": "757814000", "costOfRevenue": "430942000", "costofGoodsAndServicesSold": "430942000", "operatingIncome": "569046000", "sellingGeneralAndAdministrative": "236127000", "researchAndDevelopment": "0", "operatingExpenses": "-188768000", "investmentIncomeNet": "None", "netInterestIncome": "None", "interestIncome": "None", "interestExpense": "330942000", "nonInterestIncome": "None", "otherNonOperatingIncome": "None", "depreciation": "None", "depreciationAndAmortization": "45935000", "incomeBeforeTax": "238104000", "incomeTaxExpense": "77839000", "interestAndDebtExpense": "None", "netIncomeFromContinuingOperations": "0", "comprehensiveIncomeNetOfTax": "None", "ebit": "569046000", "ebitda": "614981000", "netIncome": "160265000"}, {"fiscalDateEnding": "2008-03-31", "reportedCurrency": "USD", "grossProfit": "792773000", "totalRevenue": "791513000", "costOfRevenue": "-1260000", "costofGoodsAndServicesSold": "-1260000", "operatingIncome": "711121000", "sellingGeneralAndAdministrative": "251871000", "researchAndDevelopment": "0", "operatingExpenses": "-80392000", "investmentIncomeNet": "None", "netInterestIncome": "None", "interestIncome": "None", "interestExpense": "405312000", "nonInterestIncome": "None", "otherNonOperatingIncome": "None", "depreciation": "None", "depreciationAndAmortization": "48102000", "incomeBeforeTax": "305809000", "incomeTaxExpense": "103613000", "interestAndDebtExpense": "None", "netIncomeFromContinuingOperations": "0", "comprehensiveIncomeNetOfTax": "None", "ebit": "711121000", "ebitda": "759223000", "netIncome": "202196000"}, {"fiscalDateEnding": "2007-12-31", "reportedCurrency": "USD", "grossProfit": "621765000", "totalRevenue": "621765000", "costOfRevenue": "543364000", "costofGoodsAndServicesSold": "543364000", "operatingIncome": "526591000", "sellingGeneralAndAdministrative": "226111000", "researchAndDevelopment": "0", "operatingExpenses": "-682204000", "investmentIncomeNet": "None", "netInterestIncome": "None", "interestIncome": "None", "interestExpense": "442364000", "nonInterestIncome": "None", "otherNonOperatingIncome": "None", "depreciation": "None", "depreciationAndAmortization": "43860000", "incomeBeforeTax": "84227000", "incomeTaxExpense": "19297000", "interestAndDebtExpense": "None", "netIncomeFromContinuingOperations": "0", "comprehensiveIncomeNetOfTax": "None", "ebit": "526591000", "ebitda": "570451000", "netIncome": "64930000"}, {"fiscalDateEnding": "2007-09-30", "reportedCurrency": "USD", "grossProfit": "720587000", "totalRevenue": "720587000", "costOfRevenue": "459326000", "costofGoodsAndServicesSold": "459326000", "operatingIncome": "721385000", "sellingGeneralAndAdministrative": "220750000", "researchAndDevelopment": "0", "operatingExpenses": "798000", "investmentIncomeNet": "None", "netInterestIncome": "None", "interestIncome": "None", "interestExpense": "425326000", "nonInterestIncome": "None", "otherNonOperatingIncome": "None", "depreciation": "None", "depreciationAndAmortization": "43710000", "incomeBeforeTax": "296059000", "incomeTaxExpense": "96872000", "interestAndDebtExpense": "None", "netIncomeFromContinuingOperations": "0", "comprehensiveIncomeNetOfTax": "None", "ebit": "721385000", "ebitda": "765095000", "netIncome": "199187000"}, {"fiscalDateEnding": "2007-06-30", "reportedCurrency": "USD", "grossProfit": "745029000", "totalRevenue": "745029000", "costOfRevenue": "446264000", "costofGoodsAndServicesSold": "446264000", "operatingIncome": "738642000", "sellingGeneralAndAdministrative": "224700000", "researchAndDevelopment": "0", "operatingExpenses": "-6387000", "investmentIncomeNet": "None", "netInterestIncome": "None", "interestIncome": "None", "interestExpense": "416264000", "nonInterestIncome": "None", "otherNonOperatingIncome": "None", "depreciation": "None", "depreciationAndAmortization": "44063000", "incomeBeforeTax": "322378000", "incomeTaxExpense": "108209000", "interestAndDebtExpense": "None", "netIncomeFromContinuingOperations": "0", "comprehensiveIncomeNetOfTax": "None", "ebit": "738642000", "ebitda": "782705000", "netIncome": "214169000"}, {"fiscalDateEnding": "2007-03-31", "reportedCurrency": "USD", "grossProfit": "686910000", "totalRevenue": "686910000", "costOfRevenue": "437622000", "costofGoodsAndServicesSold": "437622000", "operatingIncome": "671495000", "sellingGeneralAndAdministrative": "236754000", "researchAndDevelopment": "0", "operatingExpenses": "-15415000", "investmentIncomeNet": "None", "netInterestIncome": "None", "interestIncome": "None", "interestExpense": "410622000", "nonInterestIncome": "None", "otherNonOperatingIncome": "None", "depreciation": "None", "depreciationAndAmortization": "46526000", "incomeBeforeTax": "260873000", "incomeTaxExpense": "84900000", "interestAndDebtExpense": "None", "netIncomeFromContinuingOperations": "0", "comprehensiveIncomeNetOfTax": "None", "ebit": "671495000", "ebitda": "718021000", "netIncome": "175973000"}, {"fiscalDateEnding": "2006-12-31", "reportedCurrency": "USD", "grossProfit": "723135000", "totalRevenue": "723135000", "costOfRevenue": "432356000", "costofGoodsAndServicesSold": "432356000", "operatingIncome": "715681000", "sellingGeneralAndAdministrative": "213129000", "researchAndDevelopment": "0", "operatingExpenses": "7454000", "investmentIncomeNet": "None", "netInterestIncome": "None", "interestIncome": "None", "interestExpense": "404356000", "nonInterestIncome": "None", "otherNonOperatingIncome": "None", "depreciation": "None", "depreciationAndAmortization": "46748000", "incomeBeforeTax": "311325000", "incomeTaxExpense": "97996000", "interestAndDebtExpense": "None", "netIncomeFromContinuingOperations": "0", "comprehensiveIncomeNetOfTax": "None", "ebit": "715681000", "ebitda": "762429000", "netIncome": "213329000"}, {"fiscalDateEnding": "2006-09-30", "reportedCurrency": "USD", "grossProfit": "731086000", "totalRevenue": "731086000", "costOfRevenue": "412652000", "costofGoodsAndServicesSold": "412652000", "operatingIncome": "700797000", "sellingGeneralAndAdministrative": "218980000", "researchAndDevelopment": "0", "operatingExpenses": "-30289000", "investmentIncomeNet": "None", "netInterestIncome": "None", "interestIncome": "None", "interestExpense": "395652000", "nonInterestIncome": "None", "otherNonOperatingIncome": "None", "depreciation": "None", "depreciationAndAmortization": "47599000", "incomeBeforeTax": "305145000", "incomeTaxExpense": "94775000", "interestAndDebtExpense": "None", "netIncomeFromContinuingOperations": "0", "comprehensiveIncomeNetOfTax": "None", "ebit": "700797000", "ebitda": "748396000", "netIncome": "210370000"}, {"fiscalDateEnding": "2006-06-30", "reportedCurrency": "USD", "grossProfit": "709215000", "totalRevenue": "709215000", "costOfRevenue": "383298000", "costofGoodsAndServicesSold": "383298000", "operatingIncome": "681516000", "sellingGeneralAndAdministrative": "217162000", "researchAndDevelopment": "0", "operatingExpenses": "-27699000", "investmentIncomeNet": "None", "netInterestIncome": "None", "interestIncome": "None", "interestExpense": "366298000", "nonInterestIncome": "None", "otherNonOperatingIncome": "None", "depreciation": "None", "depreciationAndAmortization": "39330000", "incomeBeforeTax": "315218000", "incomeTaxExpense": "102645000", "interestAndDebtExpense": "None", "netIncomeFromContinuingOperations": "0", "comprehensiveIncomeNetOfTax": "None", "ebit": "681516000", "ebitda": "720846000", "netIncome": "212573000"}, {"fiscalDateEnding": "2006-03-31", "reportedCurrency": "USD", "grossProfit": "699957000", "totalRevenue": "699957000", "costOfRevenue": "348246000", "costofGoodsAndServicesSold": "348246000", "operatingIncome": "630200000", "sellingGeneralAndAdministrative": "224082000", "researchAndDevelopment": "0", "operatingExpenses": "-69757000", "investmentIncomeNet": "None", "netInterestIncome": "None", "interestIncome": "None", "interestExpense": "330246000", "nonInterestIncome": "None", "otherNonOperatingIncome": "None", "depreciation": "None", "depreciationAndAmortization": "42254000", "incomeBeforeTax": "299954000", "incomeTaxExpense": "97037000", "interestAndDebtExpense": "None", "netIncomeFromContinuingOperations": "0", "comprehensiveIncomeNetOfTax": "None", "ebit": "630200000", "ebitda": "672454000", "netIncome": "202917000"}, {"fiscalDateEnding": "2005-12-31", "reportedCurrency": "USD", "grossProfit": "698212000", "totalRevenue": "698212000", "costOfRevenue": "326493000", "costofGoodsAndServicesSold": "326493000", "operatingIncome": "609591000", "sellingGeneralAndAdministrative": "203317000", "researchAndDevelopment": "0", "operatingExpenses": "88621000", "investmentIncomeNet": "None", "netInterestIncome": "None", "interestIncome": "None", "interestExpense": "303493000", "nonInterestIncome": "None", "otherNonOperatingIncome": "None", "depreciation": "None", "depreciationAndAmortization": "41729000", "incomeBeforeTax": "306098000", "incomeTaxExpense": "101113000", "interestAndDebtExpense": "None", "netIncomeFromContinuingOperations": "0", "comprehensiveIncomeNetOfTax": "None", "ebit": "609591000", "ebitda": "651320000", "netIncome": "204985000"}, {"fiscalDateEnding": "2005-09-30", "reportedCurrency": "USD", "grossProfit": "676672000", "totalRevenue": "676672000", "costOfRevenue": "287576000", "costofGoodsAndServicesSold": "287576000", "operatingIncome": "551998000", "sellingGeneralAndAdministrative": "207705000", "researchAndDevelopment": "0", "operatingExpenses": "-124674000", "investmentIncomeNet": "None", "netInterestIncome": "None", "interestIncome": "None", "interestExpense": "265576000", "nonInterestIncome": "None", "otherNonOperatingIncome": "None", "depreciation": "None", "depreciationAndAmortization": "42942000", "incomeBeforeTax": "286422000", "incomeTaxExpense": "95348000", "interestAndDebtExpense": "None", "netIncomeFromContinuingOperations": "0", "comprehensiveIncomeNetOfTax": "None", "ebit": "551998000", "ebitda": "594940000", "netIncome": "191074000"}, {"fiscalDateEnding": "2005-06-30", "reportedCurrency": "USD", "grossProfit": "692864000", "totalRevenue": "692864000", "costOfRevenue": "248016000", "costofGoodsAndServicesSold": "248016000", "operatingIncome": "522439000", "sellingGeneralAndAdministrative": "204607000", "researchAndDevelopment": "0", "operatingExpenses": "-170425000", "investmentIncomeNet": "None", "netInterestIncome": "None", "interestIncome": "None", "interestExpense": "229016000", "nonInterestIncome": "None", "otherNonOperatingIncome": "None", "depreciation": "None", "depreciationAndAmortization": "43122000", "incomeBeforeTax": "293423000", "incomeTaxExpense": "96589000", "interestAndDebtExpense": "None", "netIncomeFromContinuingOperations": "0", "comprehensiveIncomeNetOfTax": "None", "ebit": "522439000", "ebitda": "565561000", "netIncome": "196834000"}, {"fiscalDateEnding": "2005-03-31", "reportedCurrency": "USD", "grossProfit": "676313000", "totalRevenue": "676313000", "costOfRevenue": "220266000", "costofGoodsAndServicesSold": "220266000", "operatingIncome": "481242000", "sellingGeneralAndAdministrative": "206610000", "researchAndDevelopment": "0", "operatingExpenses": "-195071000", "investmentIncomeNet": "None", "netInterestIncome": "None", "interestIncome": "None", "interestExpense": "196266000", "nonInterestIncome": "None", "otherNonOperatingIncome": "None", "depreciation": "None", "depreciationAndAmortization": "45955000", "incomeBeforeTax": "284976000", "incomeTaxExpense": "95686000", "interestAndDebtExpense": "None", "netIncomeFromContinuingOperations": "0", "comprehensiveIncomeNetOfTax": "None", "ebit": "481242000", "ebitda": "527197000", "netIncome": "189290000"}, {"fiscalDateEnding": "2004-12-31", "reportedCurrency": "USD", "grossProfit": "679751000", "totalRevenue": "679751000", "costOfRevenue": "194755000", "costofGoodsAndServicesSold": "194755000", "operatingIncome": "456584000", "sellingGeneralAndAdministrative": "198152000", "researchAndDevelopment": "0", "operatingExpenses": "223167000", "investmentIncomeNet": "None", "netInterestIncome": "None", "interestIncome": "None", "interestExpense": "166755000", "nonInterestIncome": "None", "otherNonOperatingIncome": "None", "depreciation": "None", "depreciationAndAmortization": "46387000", "incomeBeforeTax": "289829000", "incomeTaxExpense": "97624000", "interestAndDebtExpense": "None", "netIncomeFromContinuingOperations": "0", "comprehensiveIncomeNetOfTax": "None", "ebit": "456584000", "ebitda": "502971000", "netIncome": "192205000"}]}