{"symbol": "BG", "annualReports": [{"fiscalDateEnding": "2024-12-31", "reportedCurrency": "USD", "grossProfit": "3393000000", "totalRevenue": "53108000000", "costOfRevenue": "49715000000", "costofGoodsAndServicesSold": "49715000000", "operatingIncome": "1832000000", "sellingGeneralAndAdministrative": "1776000000", "researchAndDevelopment": "None", "operatingExpenses": "1561000000", "investmentIncomeNet": "None", "netInterestIncome": "-308000000", "interestIncome": "163000000", "interestExpense": "471000000", "nonInterestIncome": "None", "otherNonOperatingIncome": "None", "depreciation": "None", "depreciationAndAmortization": "468000000", "incomeBeforeTax": "1524000000", "incomeTaxExpense": "336000000", "interestAndDebtExpense": "None", "netIncomeFromContinuingOperations": "1188000000", "comprehensiveIncomeNetOfTax": "None", "ebit": "1995000000", "ebitda": "2463000000", "netIncome": "1137000000"}, {"fiscalDateEnding": "2023-12-31", "reportedCurrency": "USD", "grossProfit": "4845000000", "totalRevenue": "59540000000", "costOfRevenue": "54695000000", "costofGoodsAndServicesSold": "54695000000", "operatingIncome": "3419000000", "sellingGeneralAndAdministrative": "1610000000", "researchAndDevelopment": "35000000", "operatingExpenses": "1426000000", "investmentIncomeNet": "None", "netInterestIncome": "-329000000", "interestIncome": "142000000", "interestExpense": "516000000", "nonInterestIncome": "None", "otherNonOperatingIncome": "None", "depreciation": "None", "depreciationAndAmortization": "451000000", "incomeBeforeTax": "3051000000", "incomeTaxExpense": "714000000", "interestAndDebtExpense": "None", "netIncomeFromContinuingOperations": "2051000000", "comprehensiveIncomeNetOfTax": "None", "ebit": "3567000000", "ebitda": "4018000000", "netIncome": "2243000000"}, {"fiscalDateEnding": "2022-12-31", "reportedCurrency": "USD", "grossProfit": "3682000000", "totalRevenue": "67232000000", "costOfRevenue": "63550000000", "costofGoodsAndServicesSold": "63550000000", "operatingIncome": "2398000000", "sellingGeneralAndAdministrative": "1369000000", "researchAndDevelopment": "33000000", "operatingExpenses": "1284000000", "investmentIncomeNet": "None", "netInterestIncome": "-332000000", "interestIncome": "71000000", "interestExpense": "403000000", "nonInterestIncome": "None", "otherNonOperatingIncome": "51000000", "depreciation": "None", "depreciationAndAmortization": "408000000", "incomeBeforeTax": "2066000000", "incomeTaxExpense": "388000000", "interestAndDebtExpense": "None", "netIncomeFromContinuingOperations": "1678000000", "comprehensiveIncomeNetOfTax": "None", "ebit": "2469000000", "ebitda": "2877000000", "netIncome": "1610000000"}, {"fiscalDateEnding": "2021-12-31", "reportedCurrency": "USD", "grossProfit": "3363000000", "totalRevenue": "59152000000", "costOfRevenue": "55789000000", "costofGoodsAndServicesSold": "55789000000", "operatingIncome": "2760000000", "sellingGeneralAndAdministrative": "1234000000", "researchAndDevelopment": "33000000", "operatingExpenses": "603000000", "investmentIncomeNet": "None", "netInterestIncome": "-195000000", "interestIncome": "48000000", "interestExpense": "243000000", "nonInterestIncome": "None", "otherNonOperatingIncome": "519000000", "depreciation": "None", "depreciationAndAmortization": "424000000", "incomeBeforeTax": "2565000000", "incomeTaxExpense": "398000000", "interestAndDebtExpense": "None", "netIncomeFromContinuingOperations": "2167000000", "comprehensiveIncomeNetOfTax": "None", "ebit": "2808000000", "ebitda": "3232000000", "netIncome": "2078000000"}, {"fiscalDateEnding": "2020-12-31", "reportedCurrency": "USD", "grossProfit": "2785000000", "totalRevenue": "41404000000", "costOfRevenue": "38619000000", "costofGoodsAndServicesSold": "38619000000", "operatingIncome": "1656000000", "sellingGeneralAndAdministrative": "1358000000", "researchAndDevelopment": "24000000", "operatingExpenses": "1129000000", "investmentIncomeNet": "None", "netInterestIncome": "-243000000", "interestIncome": "140000000", "interestExpense": "265000000", "nonInterestIncome": "None", "otherNonOperatingIncome": "298000000", "depreciation": "None", "depreciationAndAmortization": "435000000", "incomeBeforeTax": "1413000000", "incomeTaxExpense": "248000000", "interestAndDebtExpense": "None", "netIncomeFromContinuingOperations": "1165000000", "comprehensiveIncomeNetOfTax": "None", "ebit": "1678000000", "ebitda": "2113000000", "netIncome": "1145000000"}, {"fiscalDateEnding": "2019-12-31", "reportedCurrency": "USD", "grossProfit": "542000000", "totalRevenue": "41140000000", "costOfRevenue": "40598000000", "costofGoodsAndServicesSold": "40598000000", "operatingIncome": "-897000000", "sellingGeneralAndAdministrative": "1351000000", "researchAndDevelopment": "15000000", "operatingExpenses": "1439000000", "investmentIncomeNet": "None", "netInterestIncome": "-308000000", "interestIncome": "31000000", "interestExpense": "339000000", "nonInterestIncome": "None", "otherNonOperatingIncome": "87000000", "depreciation": "None", "depreciationAndAmortization": "548000000", "incomeBeforeTax": "-1205000000", "incomeTaxExpense": "86000000", "interestAndDebtExpense": "None", "netIncomeFromContinuingOperations": "-1291000000", "comprehensiveIncomeNetOfTax": "None", "ebit": "-866000000", "ebitda": "-318000000", "netIncome": "-1280000000"}, {"fiscalDateEnding": "2018-12-31", "reportedCurrency": "USD", "grossProfit": "2266000000", "totalRevenue": "45743000000", "costOfRevenue": "43477000000", "costofGoodsAndServicesSold": "43477000000", "operatingIncome": "764000000", "sellingGeneralAndAdministrative": "1423000000", "researchAndDevelopment": "15000000", "operatingExpenses": "1502000000", "investmentIncomeNet": "None", "netInterestIncome": "-308000000", "interestIncome": "31000000", "interestExpense": "339000000", "nonInterestIncome": "None", "otherNonOperatingIncome": "-48000000", "depreciation": "None", "depreciationAndAmortization": "622000000", "incomeBeforeTax": "456000000", "incomeTaxExpense": "179000000", "interestAndDebtExpense": "None", "netIncomeFromContinuingOperations": "277000000", "comprehensiveIncomeNetOfTax": "None", "ebit": "795000000", "ebitda": "1417000000", "netIncome": "267000000"}, {"fiscalDateEnding": "2017-12-31", "reportedCurrency": "USD", "grossProfit": "1765000000", "totalRevenue": "45794000000", "costOfRevenue": "44029000000", "costofGoodsAndServicesSold": "44029000000", "operatingIncome": "455000000", "sellingGeneralAndAdministrative": "1445000000", "researchAndDevelopment": "20000000", "operatingExpenses": "1310000000", "investmentIncomeNet": "None", "netInterestIncome": "-225000000", "interestIncome": "38000000", "interestExpense": "263000000", "nonInterestIncome": "None", "otherNonOperatingIncome": "191000000", "depreciation": "None", "depreciationAndAmortization": "609000000", "incomeBeforeTax": "230000000", "incomeTaxExpense": "56000000", "interestAndDebtExpense": "None", "netIncomeFromContinuingOperations": "174000000", "comprehensiveIncomeNetOfTax": "None", "ebit": "493000000", "ebitda": "1102000000", "netIncome": "160000000"}, {"fiscalDateEnding": "2016-12-31", "reportedCurrency": "USD", "grossProfit": "2410000000", "totalRevenue": "42679000000", "costOfRevenue": "40269000000", "costofGoodsAndServicesSold": "40269000000", "operatingIncome": "1179000000", "sellingGeneralAndAdministrative": "1286000000", "researchAndDevelopment": "17000000", "operatingExpenses": "1231000000", "investmentIncomeNet": "None", "netInterestIncome": "-183000000", "interestIncome": "51000000", "interestExpense": "234000000", "nonInterestIncome": "None", "otherNonOperatingIncome": "177000000", "depreciation": "None", "depreciationAndAmortization": "547000000", "incomeBeforeTax": "996000000", "incomeTaxExpense": "220000000", "interestAndDebtExpense": "None", "netIncomeFromContinuingOperations": "776000000", "comprehensiveIncomeNetOfTax": "None", "ebit": "1230000000", "ebitda": "1777000000", "netIncome": "745000000"}, {"fiscalDateEnding": "2015-12-31", "reportedCurrency": "USD", "grossProfit": "2693000000", "totalRevenue": "43455000000", "costOfRevenue": "40762000000", "costofGoodsAndServicesSold": "40762000000", "operatingIncome": "1266000000", "sellingGeneralAndAdministrative": "1435000000", "researchAndDevelopment": "16000000", "operatingExpenses": "1427000000", "investmentIncomeNet": "None", "netInterestIncome": "None", "interestIncome": "178000000", "interestExpense": "258000000", "nonInterestIncome": "None", "otherNonOperatingIncome": "64000000", "depreciation": "None", "depreciationAndAmortization": "545000000", "incomeBeforeTax": "1051000000", "incomeTaxExpense": "296000000", "interestAndDebtExpense": "None", "netIncomeFromContinuingOperations": "755000000", "comprehensiveIncomeNetOfTax": "None", "ebit": "1309000000", "ebitda": "1854000000", "netIncome": "791000000"}, {"fiscalDateEnding": "2014-12-31", "reportedCurrency": "USD", "grossProfit": "2621000000", "totalRevenue": "57161000000", "costOfRevenue": "54540000000", "costofGoodsAndServicesSold": "54540000000", "operatingIncome": "994000000", "sellingGeneralAndAdministrative": "1691000000", "researchAndDevelopment": "20000000", "operatingExpenses": "1627000000", "investmentIncomeNet": "None", "netInterestIncome": "None", "interestIncome": "None", "interestExpense": "347000000", "nonInterestIncome": "None", "otherNonOperatingIncome": "151000000", "depreciation": "None", "depreciationAndAmortization": "607000000", "incomeBeforeTax": "734000000", "incomeTaxExpense": "249000000", "interestAndDebtExpense": "None", "netIncomeFromContinuingOperations": "485000000", "comprehensiveIncomeNetOfTax": "None", "ebit": "1081000000", "ebitda": "1688000000", "netIncome": "515000000"}, {"fiscalDateEnding": "2013-12-31", "reportedCurrency": "USD", "grossProfit": "2760000000", "totalRevenue": "61347000000", "costOfRevenue": "58587000000", "costofGoodsAndServicesSold": "58587000000", "operatingIncome": "1301000000", "sellingGeneralAndAdministrative": "1559000000", "researchAndDevelopment": "19000000", "operatingExpenses": "1459000000", "investmentIncomeNet": "None", "netInterestIncome": "None", "interestIncome": "None", "interestExpense": "363000000", "nonInterestIncome": "None", "otherNonOperatingIncome": "176000000", "depreciation": "None", "depreciationAndAmortization": "568000000", "incomeBeforeTax": "1014000000", "incomeTaxExpense": "904000000", "interestAndDebtExpense": "None", "netIncomeFromContinuingOperations": "110000000", "comprehensiveIncomeNetOfTax": "None", "ebit": "1377000000", "ebitda": "1945000000", "netIncome": "306000000"}, {"fiscalDateEnding": "2012-12-31", "reportedCurrency": "USD", "grossProfit": "2573000000", "totalRevenue": "60991000000", "costOfRevenue": "58418000000", "costofGoodsAndServicesSold": "58418000000", "operatingIncome": "613000000", "sellingGeneralAndAdministrative": "1563000000", "researchAndDevelopment": "19000000", "operatingExpenses": "1960000000", "investmentIncomeNet": "None", "netInterestIncome": "None", "interestIncome": "None", "interestExpense": "294000000", "nonInterestIncome": "None", "otherNonOperatingIncome": "170000000", "depreciation": "None", "depreciationAndAmortization": "570000000", "incomeBeforeTax": "372000000", "incomeTaxExpense": "-6000000", "interestAndDebtExpense": "None", "netIncomeFromContinuingOperations": "378000000", "comprehensiveIncomeNetOfTax": "None", "ebit": "666000000", "ebitda": "1236000000", "netIncome": "64000000"}, {"fiscalDateEnding": "2011-12-31", "reportedCurrency": "USD", "grossProfit": "2627000000", "totalRevenue": "56097000000", "costOfRevenue": "53470000000", "costofGoodsAndServicesSold": "53470000000", "operatingIncome": "1219000000", "sellingGeneralAndAdministrative": "1553000000", "researchAndDevelopment": "22000000", "operatingExpenses": "1408000000", "investmentIncomeNet": "None", "netInterestIncome": "None", "interestIncome": "None", "interestExpense": "295000000", "nonInterestIncome": "None", "otherNonOperatingIncome": "111000000", "depreciation": "None", "depreciationAndAmortization": "526000000", "incomeBeforeTax": "1020000000", "incomeTaxExpense": "55000000", "interestAndDebtExpense": "None", "netIncomeFromContinuingOperations": "896000000", "comprehensiveIncomeNetOfTax": "None", "ebit": "1315000000", "ebitda": "1841000000", "netIncome": "942000000"}, {"fiscalDateEnding": "2010-12-31", "reportedCurrency": "USD", "grossProfit": "2511000000", "totalRevenue": "45707000000", "costOfRevenue": "43196000000", "costofGoodsAndServicesSold": "43196000000", "operatingIncome": "953000000", "sellingGeneralAndAdministrative": "1558000000", "researchAndDevelopment": "24000000", "operatingExpenses": "1558000000", "investmentIncomeNet": "None", "netInterestIncome": "None", "interestIncome": "None", "interestExpense": "298000000", "nonInterestIncome": "None", "otherNonOperatingIncome": "2422000000", "depreciation": "None", "depreciationAndAmortization": "443000000", "incomeBeforeTax": "3050000000", "incomeTaxExpense": "689000000", "interestAndDebtExpense": "None", "netIncomeFromContinuingOperations": "2361000000", "comprehensiveIncomeNetOfTax": "None", "ebit": "1022000000", "ebitda": "1465000000", "netIncome": "2354000000"}, {"fiscalDateEnding": "2009-12-31", "reportedCurrency": "USD", "grossProfit": "1204000000", "totalRevenue": "41926000000", "costOfRevenue": "40722000000", "costofGoodsAndServicesSold": "40722000000", "operatingIncome": "-138000000", "sellingGeneralAndAdministrative": "1342000000", "researchAndDevelopment": "26000000", "operatingExpenses": "1342000000", "investmentIncomeNet": "None", "netInterestIncome": "None", "interestIncome": "None", "interestExpense": "283000000", "nonInterestIncome": "None", "otherNonOperatingIncome": "646000000", "depreciation": "None", "depreciationAndAmortization": "443000000", "incomeBeforeTax": "145000000", "incomeTaxExpense": "-110000000", "interestAndDebtExpense": "None", "netIncomeFromContinuingOperations": "255000000", "comprehensiveIncomeNetOfTax": "None", "ebit": "428000000", "ebitda": "871000000", "netIncome": "361000000"}, {"fiscalDateEnding": "2008-12-31", "reportedCurrency": "USD", "grossProfit": "4036000000", "totalRevenue": "52574000000", "costOfRevenue": "48538000000", "costofGoodsAndServicesSold": "48538000000", "operatingIncome": "2423000000", "sellingGeneralAndAdministrative": "1613000000", "researchAndDevelopment": "35000000", "operatingExpenses": "1613000000", "investmentIncomeNet": "None", "netInterestIncome": "None", "interestIncome": "None", "interestExpense": "361000000", "nonInterestIncome": "None", "otherNonOperatingIncome": "None", "depreciation": "None", "depreciationAndAmortization": "439000000", "incomeBeforeTax": "1537000000", "incomeTaxExpense": "245000000", "interestAndDebtExpense": "None", "netIncomeFromContinuingOperations": "None", "comprehensiveIncomeNetOfTax": "None", "ebit": "1898000000", "ebitda": "2337000000", "netIncome": "1064000000"}, {"fiscalDateEnding": "2007-12-31", "reportedCurrency": "USD", "grossProfit": "2515000000", "totalRevenue": "37842000000", "costOfRevenue": "35327000000", "costofGoodsAndServicesSold": "35327000000", "operatingIncome": "1156000000", "sellingGeneralAndAdministrative": "1359000000", "researchAndDevelopment": "34000000", "operatingExpenses": "1359000000", "investmentIncomeNet": "None", "netInterestIncome": "None", "interestIncome": "None", "interestExpense": "353000000", "nonInterestIncome": "None", "otherNonOperatingIncome": "None", "depreciation": "None", "depreciationAndAmortization": "385000000", "incomeBeforeTax": "1201000000", "incomeTaxExpense": "310000000", "interestAndDebtExpense": "None", "netIncomeFromContinuingOperations": "None", "comprehensiveIncomeNetOfTax": "None", "ebit": "1554000000", "ebitda": "1939000000", "netIncome": "778000000"}, {"fiscalDateEnding": "2006-12-31", "reportedCurrency": "USD", "grossProfit": "1571000000", "totalRevenue": "26274000000", "costOfRevenue": "24703000000", "costofGoodsAndServicesSold": "24703000000", "operatingIncome": "593000000", "sellingGeneralAndAdministrative": "978000000", "researchAndDevelopment": "22000000", "operatingExpenses": "978000000", "investmentIncomeNet": "None", "netInterestIncome": "None", "interestIncome": "None", "interestExpense": "280000000", "nonInterestIncome": "None", "otherNonOperatingIncome": "None", "depreciation": "None", "depreciationAndAmortization": "324000000", "incomeBeforeTax": "522000000", "incomeTaxExpense": "-36000000", "interestAndDebtExpense": "None", "netIncomeFromContinuingOperations": "None", "comprehensiveIncomeNetOfTax": "None", "ebit": "593000000", "ebitda": "917000000", "netIncome": "521000000"}, {"fiscalDateEnding": "2005-12-31", "reportedCurrency": "USD", "grossProfit": "1571000000", "totalRevenue": "24377000000", "costOfRevenue": "22806000000", "costofGoodsAndServicesSold": "22806000000", "operatingIncome": "615000000", "sellingGeneralAndAdministrative": "956000000", "researchAndDevelopment": "18000000", "operatingExpenses": "956000000", "investmentIncomeNet": "None", "netInterestIncome": "None", "interestIncome": "None", "interestExpense": "231000000", "nonInterestIncome": "None", "otherNonOperatingIncome": "None", "depreciation": "None", "depreciationAndAmortization": "278000000", "incomeBeforeTax": "488000000", "incomeTaxExpense": "-82000000", "interestAndDebtExpense": "None", "netIncomeFromContinuingOperations": "None", "comprehensiveIncomeNetOfTax": "None", "ebit": "615000000", "ebitda": "893000000", "netIncome": "530000000"}], "quarterlyReports": [{"fiscalDateEnding": "2024-12-31", "reportedCurrency": "USD", "grossProfit": "1081000000", "totalRevenue": "13542000000", "costOfRevenue": "12461000000", "costofGoodsAndServicesSold": "12461000000", "operatingIncome": "792000000", "sellingGeneralAndAdministrative": "451000000", "researchAndDevelopment": "None", "operatingExpenses": "289000000", "investmentIncomeNet": "None", "netInterestIncome": "-62000000", "interestIncome": "51000000", "interestExpense": "113000000", "nonInterestIncome": "None", "otherNonOperatingIncome": "None", "depreciation": "None", "depreciationAndAmortization": "123000000", "incomeBeforeTax": "730000000", "incomeTaxExpense": "100000000", "interestAndDebtExpense": "None", "netIncomeFromContinuingOperations": "630000000", "comprehensiveIncomeNetOfTax": "None", "ebit": "843000000", "ebitda": "966000000", "netIncome": "602000000"}, {"fiscalDateEnding": "2024-09-30", "reportedCurrency": "USD", "grossProfit": "772000000", "totalRevenue": "12908000000", "costOfRevenue": "12136000000", "costofGoodsAndServicesSold": "12136000000", "operatingIncome": "416000000", "sellingGeneralAndAdministrative": "437000000", "researchAndDevelopment": "None", "operatingExpenses": "356000000", "investmentIncomeNet": "None", "netInterestIncome": "-94000000", "interestIncome": "33000000", "interestExpense": "127000000", "nonInterestIncome": "None", "otherNonOperatingIncome": "None", "depreciation": "None", "depreciationAndAmortization": "119000000", "incomeBeforeTax": "322000000", "incomeTaxExpense": "89000000", "interestAndDebtExpense": "None", "netIncomeFromContinuingOperations": "233000000", "comprehensiveIncomeNetOfTax": "None", "ebit": "449000000", "ebitda": "568000000", "netIncome": "221000000"}, {"fiscalDateEnding": "2024-06-30", "reportedCurrency": "USD", "grossProfit": "664000000", "totalRevenue": "13241000000", "costOfRevenue": "12577000000", "costofGoodsAndServicesSold": "12577000000", "operatingIncome": "189000000", "sellingGeneralAndAdministrative": "449000000", "researchAndDevelopment": "None", "operatingExpenses": "475000000", "investmentIncomeNet": "None", "netInterestIncome": "-86000000", "interestIncome": "37000000", "interestExpense": "123000000", "nonInterestIncome": "None", "otherNonOperatingIncome": "None", "depreciation": "None", "depreciationAndAmortization": "114000000", "incomeBeforeTax": "103000000", "incomeTaxExpense": "30000000", "interestAndDebtExpense": "None", "netIncomeFromContinuingOperations": "73000000", "comprehensiveIncomeNetOfTax": "None", "ebit": "226000000", "ebitda": "340000000", "netIncome": "70000000"}, {"fiscalDateEnding": "2024-03-31", "reportedCurrency": "USD", "grossProfit": "876000000", "totalRevenue": "13417000000", "costOfRevenue": "12541000000", "costofGoodsAndServicesSold": "12541000000", "operatingIncome": "435000000", "sellingGeneralAndAdministrative": "439000000", "researchAndDevelopment": "None", "operatingExpenses": "441000000", "investmentIncomeNet": "None", "netInterestIncome": "-66000000", "interestIncome": "42000000", "interestExpense": "108000000", "nonInterestIncome": "None", "otherNonOperatingIncome": "None", "depreciation": "None", "depreciationAndAmortization": "112000000", "incomeBeforeTax": "369000000", "incomeTaxExpense": "117000000", "interestAndDebtExpense": "None", "netIncomeFromContinuingOperations": "252000000", "comprehensiveIncomeNetOfTax": "None", "ebit": "477000000", "ebitda": "589000000", "netIncome": "244000000"}, {"fiscalDateEnding": "2023-12-31", "reportedCurrency": "USD", "grossProfit": "1254000000", "totalRevenue": "14936000000", "costOfRevenue": "13682000000", "costofGoodsAndServicesSold": "13682000000", "operatingIncome": "994000000", "sellingGeneralAndAdministrative": "495000000", "researchAndDevelopment": "35000000", "operatingExpenses": "260000000", "investmentIncomeNet": "None", "netInterestIncome": "-115000000", "interestIncome": "27000000", "interestExpense": "142000000", "nonInterestIncome": "None", "otherNonOperatingIncome": "None", "depreciation": "None", "depreciationAndAmortization": "134000000", "incomeBeforeTax": "879000000", "incomeTaxExpense": "219000000", "interestAndDebtExpense": "None", "netIncomeFromContinuingOperations": "660000000", "comprehensiveIncomeNetOfTax": "None", "ebit": "1021000000", "ebitda": "1155000000", "netIncome": "616000000"}, {"fiscalDateEnding": "2023-09-30", "reportedCurrency": "USD", "grossProfit": "1045000000", "totalRevenue": "14227000000", "costOfRevenue": "13182000000", "costofGoodsAndServicesSold": "13182000000", "operatingIncome": "598000000", "sellingGeneralAndAdministrative": "447000000", "researchAndDevelopment": "None", "operatingExpenses": "447000000", "investmentIncomeNet": "None", "netInterestIncome": "-95000000", "interestIncome": "38000000", "interestExpense": "133000000", "nonInterestIncome": "None", "otherNonOperatingIncome": "None", "depreciation": "None", "depreciationAndAmortization": "109000000", "incomeBeforeTax": "503000000", "incomeTaxExpense": "114000000", "interestAndDebtExpense": "None", "netIncomeFromContinuingOperations": "389000000", "comprehensiveIncomeNetOfTax": "None", "ebit": "636000000", "ebitda": "745000000", "netIncome": "373000000"}, {"fiscalDateEnding": "2023-06-30", "reportedCurrency": "USD", "grossProfit": "1365000000", "totalRevenue": "15049000000", "costOfRevenue": "13684000000", "costofGoodsAndServicesSold": "13684000000", "operatingIncome": "916000000", "sellingGeneralAndAdministrative": "420000000", "researchAndDevelopment": "None", "operatingExpenses": "449000000", "investmentIncomeNet": "None", "netInterestIncome": "-89000000", "interestIncome": "130000000", "interestExpense": "129000000", "nonInterestIncome": "None", "otherNonOperatingIncome": "-14000000", "depreciation": "None", "depreciationAndAmortization": "106000000", "incomeBeforeTax": "827000000", "incomeTaxExpense": "198000000", "interestAndDebtExpense": "None", "netIncomeFromContinuingOperations": "629000000", "comprehensiveIncomeNetOfTax": "None", "ebit": "956000000", "ebitda": "1062000000", "netIncome": "622000000"}, {"fiscalDateEnding": "2023-03-31", "reportedCurrency": "USD", "grossProfit": "1181000000", "totalRevenue": "15328000000", "costOfRevenue": "14147000000", "costofGoodsAndServicesSold": "14147000000", "operatingIncome": "911000000", "sellingGeneralAndAdministrative": "353000000", "researchAndDevelopment": "None", "operatingExpenses": "270000000", "investmentIncomeNet": "None", "netInterestIncome": "-69000000", "interestIncome": "1000000", "interestExpense": "112000000", "nonInterestIncome": "None", "otherNonOperatingIncome": "107000000", "depreciation": "None", "depreciationAndAmortization": "102000000", "incomeBeforeTax": "842000000", "incomeTaxExpense": "183000000", "interestAndDebtExpense": "None", "netIncomeFromContinuingOperations": "659000000", "comprehensiveIncomeNetOfTax": "None", "ebit": "954000000", "ebitda": "1056000000", "netIncome": "632000000"}, {"fiscalDateEnding": "2022-12-31", "reportedCurrency": "USD", "grossProfit": "818000000", "totalRevenue": "16660000000", "costOfRevenue": "15842000000", "costofGoodsAndServicesSold": "15842000000", "operatingIncome": "581000000", "sellingGeneralAndAdministrative": "390000000", "researchAndDevelopment": "33000000", "operatingExpenses": "237000000", "investmentIncomeNet": "None", "netInterestIncome": "-76000000", "interestIncome": "21000000", "interestExpense": "97000000", "nonInterestIncome": "None", "otherNonOperatingIncome": "164000000", "depreciation": "None", "depreciationAndAmortization": "103000000", "incomeBeforeTax": "505000000", "incomeTaxExpense": "131000000", "interestAndDebtExpense": "None", "netIncomeFromContinuingOperations": "374000000", "comprehensiveIncomeNetOfTax": "None", "ebit": "602000000", "ebitda": "705000000", "netIncome": "336000000"}, {"fiscalDateEnding": "2022-09-30", "reportedCurrency": "USD", "grossProfit": "888000000", "totalRevenue": "16759000000", "costOfRevenue": "15871000000", "costofGoodsAndServicesSold": "15871000000", "operatingIncome": "569000000", "sellingGeneralAndAdministrative": "337000000", "researchAndDevelopment": "None", "operatingExpenses": "319000000", "investmentIncomeNet": "None", "netInterestIncome": "-73000000", "interestIncome": "95000000", "interestExpense": "103000000", "nonInterestIncome": "None", "otherNonOperatingIncome": "18000000", "depreciation": "None", "depreciationAndAmortization": "101000000", "incomeBeforeTax": "496000000", "incomeTaxExpense": "113000000", "interestAndDebtExpense": "None", "netIncomeFromContinuingOperations": "383000000", "comprehensiveIncomeNetOfTax": "None", "ebit": "599000000", "ebitda": "700000000", "netIncome": "380000000"}, {"fiscalDateEnding": "2022-06-30", "reportedCurrency": "USD", "grossProfit": "772000000", "totalRevenue": "17933000000", "costOfRevenue": "17161000000", "costofGoodsAndServicesSold": "17161000000", "operatingIncome": "342000000", "sellingGeneralAndAdministrative": "334000000", "researchAndDevelopment": "None", "operatingExpenses": "430000000", "investmentIncomeNet": "None", "netInterestIncome": "-81000000", "interestIncome": "11000000", "interestExpense": "92000000", "nonInterestIncome": "None", "otherNonOperatingIncome": "-105000000", "depreciation": "None", "depreciationAndAmortization": "102000000", "incomeBeforeTax": "261000000", "incomeTaxExpense": "36000000", "interestAndDebtExpense": "None", "netIncomeFromContinuingOperations": "225000000", "comprehensiveIncomeNetOfTax": "None", "ebit": "353000000", "ebitda": "455000000", "netIncome": "206000000"}, {"fiscalDateEnding": "2022-03-31", "reportedCurrency": "USD", "grossProfit": "1204000000", "totalRevenue": "15880000000", "costOfRevenue": "14676000000", "costofGoodsAndServicesSold": "14676000000", "operatingIncome": "906000000", "sellingGeneralAndAdministrative": "308000000", "researchAndDevelopment": "None", "operatingExpenses": "298000000", "investmentIncomeNet": "None", "netInterestIncome": "-102000000", "interestIncome": "9000000", "interestExpense": "111000000", "nonInterestIncome": "None", "otherNonOperatingIncome": "-26000000", "depreciation": "None", "depreciationAndAmortization": "102000000", "incomeBeforeTax": "804000000", "incomeTaxExpense": "108000000", "interestAndDebtExpense": "None", "netIncomeFromContinuingOperations": "696000000", "comprehensiveIncomeNetOfTax": "None", "ebit": "915000000", "ebitda": "1017000000", "netIncome": "688000000"}, {"fiscalDateEnding": "2021-12-31", "reportedCurrency": "USD", "grossProfit": "689000000", "totalRevenue": "16683000000", "costOfRevenue": "15994000000", "costofGoodsAndServicesSold": "15994000000", "operatingIncome": "341000000", "sellingGeneralAndAdministrative": "338000000", "researchAndDevelopment": "33000000", "operatingExpenses": "348000000", "investmentIncomeNet": "None", "netInterestIncome": "-45000000", "interestIncome": "14000000", "interestExpense": "59000000", "nonInterestIncome": "None", "otherNonOperatingIncome": "-22000000", "depreciation": "None", "depreciationAndAmortization": "107000000", "incomeBeforeTax": "296000000", "incomeTaxExpense": "64000000", "interestAndDebtExpense": "None", "netIncomeFromContinuingOperations": "232000000", "comprehensiveIncomeNetOfTax": "None", "ebit": "355000000", "ebitda": "462000000", "netIncome": "231000000"}, {"fiscalDateEnding": "2021-09-30", "reportedCurrency": "USD", "grossProfit": "862000000", "totalRevenue": "14117000000", "costOfRevenue": "13255000000", "costofGoodsAndServicesSold": "13255000000", "operatingIncome": "779000000", "sellingGeneralAndAdministrative": "327000000", "researchAndDevelopment": "None", "operatingExpenses": "83000000", "investmentIncomeNet": "None", "netInterestIncome": "-38000000", "interestIncome": "14000000", "interestExpense": "57000000", "nonInterestIncome": "None", "otherNonOperatingIncome": "203000000", "depreciation": "None", "depreciationAndAmortization": "105000000", "incomeBeforeTax": "741000000", "incomeTaxExpense": "92000000", "interestAndDebtExpense": "None", "netIncomeFromContinuingOperations": "649000000", "comprehensiveIncomeNetOfTax": "None", "ebit": "798000000", "ebitda": "903000000", "netIncome": "653000000"}, {"fiscalDateEnding": "2021-06-30", "reportedCurrency": "USD", "grossProfit": "665000000", "totalRevenue": "15391000000", "costOfRevenue": "14726000000", "costofGoodsAndServicesSold": "14726000000", "operatingIncome": "467000000", "sellingGeneralAndAdministrative": "297000000", "researchAndDevelopment": "None", "operatingExpenses": "198000000", "investmentIncomeNet": "None", "netInterestIncome": "-48000000", "interestIncome": "6000000", "interestExpense": "54000000", "nonInterestIncome": "None", "otherNonOperatingIncome": "76000000", "depreciation": "None", "depreciationAndAmortization": "106000000", "incomeBeforeTax": "419000000", "incomeTaxExpense": "50000000", "interestAndDebtExpense": "None", "netIncomeFromContinuingOperations": "369000000", "comprehensiveIncomeNetOfTax": "None", "ebit": "473000000", "ebitda": "579000000", "netIncome": "362000000"}, {"fiscalDateEnding": "2021-03-31", "reportedCurrency": "USD", "grossProfit": "1147000000", "totalRevenue": "12961000000", "costOfRevenue": "11814000000", "costofGoodsAndServicesSold": "11814000000", "operatingIncome": "1173000000", "sellingGeneralAndAdministrative": "271000000", "researchAndDevelopment": "None", "operatingExpenses": "-26000000", "investmentIncomeNet": "None", "netInterestIncome": "-64000000", "interestIncome": "9000000", "interestExpense": "73000000", "nonInterestIncome": "None", "otherNonOperatingIncome": "262000000", "depreciation": "None", "depreciationAndAmortization": "106000000", "incomeBeforeTax": "1109000000", "incomeTaxExpense": "192000000", "interestAndDebtExpense": "None", "netIncomeFromContinuingOperations": "917000000", "comprehensiveIncomeNetOfTax": "None", "ebit": "1182000000", "ebitda": "1288000000", "netIncome": "831000000"}, {"fiscalDateEnding": "2020-12-31", "reportedCurrency": "USD", "grossProfit": "904000000", "totalRevenue": "12610000000", "costOfRevenue": "11706000000", "costofGoodsAndServicesSold": "11706000000", "operatingIncome": "732000000", "sellingGeneralAndAdministrative": "295000000", "researchAndDevelopment": "24000000", "operatingExpenses": "172000000", "investmentIncomeNet": "None", "netInterestIncome": "-66000000", "interestIncome": "38000000", "interestExpense": "70000000", "nonInterestIncome": "None", "otherNonOperatingIncome": "212000000", "depreciation": "None", "depreciationAndAmortization": "112000000", "incomeBeforeTax": "666000000", "incomeTaxExpense": "97000000", "interestAndDebtExpense": "None", "netIncomeFromContinuingOperations": "569000000", "comprehensiveIncomeNetOfTax": "None", "ebit": "736000000", "ebitda": "848000000", "netIncome": "551000000"}, {"fiscalDateEnding": "2020-09-30", "reportedCurrency": "USD", "grossProfit": "602000000", "totalRevenue": "10159000000", "costOfRevenue": "9557000000", "costofGoodsAndServicesSold": "9557000000", "operatingIncome": "356000000", "sellingGeneralAndAdministrative": "352000000", "researchAndDevelopment": "None", "operatingExpenses": "246000000", "investmentIncomeNet": "None", "netInterestIncome": "-51000000", "interestIncome": "38000000", "interestExpense": "56000000", "nonInterestIncome": "None", "otherNonOperatingIncome": "76000000", "depreciation": "None", "depreciationAndAmortization": "106000000", "incomeBeforeTax": "305000000", "incomeTaxExpense": "38000000", "interestAndDebtExpense": "None", "netIncomeFromContinuingOperations": "267000000", "comprehensiveIncomeNetOfTax": "None", "ebit": "361000000", "ebitda": "467000000", "netIncome": "262000000"}, {"fiscalDateEnding": "2020-06-30", "reportedCurrency": "USD", "grossProfit": "1105000000", "totalRevenue": "9462000000", "costOfRevenue": "8357000000", "costofGoodsAndServicesSold": "8357000000", "operatingIncome": "746000000", "sellingGeneralAndAdministrative": "346000000", "researchAndDevelopment": "None", "operatingExpenses": "359000000", "investmentIncomeNet": "None", "netInterestIncome": "-56000000", "interestIncome": "6000000", "interestExpense": "62000000", "nonInterestIncome": "None", "otherNonOperatingIncome": "60000000", "depreciation": "None", "depreciationAndAmortization": "104000000", "incomeBeforeTax": "690000000", "incomeTaxExpense": "168000000", "interestAndDebtExpense": "None", "netIncomeFromContinuingOperations": "522000000", "comprehensiveIncomeNetOfTax": "None", "ebit": "752000000", "ebitda": "856000000", "netIncome": "516000000"}, {"fiscalDateEnding": "2020-03-31", "reportedCurrency": "USD", "grossProfit": "174000000", "totalRevenue": "9173000000", "costOfRevenue": "8999000000", "costofGoodsAndServicesSold": "8999000000", "operatingIncome": "-178000000", "sellingGeneralAndAdministrative": "295000000", "researchAndDevelopment": "None", "operatingExpenses": "352000000", "investmentIncomeNet": "None", "netInterestIncome": "-70000000", "interestIncome": "7000000", "interestExpense": "77000000", "nonInterestIncome": "None", "otherNonOperatingIncome": "-50000000", "depreciation": "None", "depreciationAndAmortization": "113000000", "incomeBeforeTax": "-248000000", "incomeTaxExpense": "-55000000", "interestAndDebtExpense": "None", "netIncomeFromContinuingOperations": "-193000000", "comprehensiveIncomeNetOfTax": "None", "ebit": "-171000000", "ebitda": "-58000000", "netIncome": "-184000000"}, {"fiscalDateEnding": "2019-12-31", "reportedCurrency": "USD", "grossProfit": "571000000", "totalRevenue": "10783000000", "costOfRevenue": "10212000000", "costofGoodsAndServicesSold": "10212000000", "operatingIncome": "26000000", "sellingGeneralAndAdministrative": "382000000", "researchAndDevelopment": "15000000", "operatingExpenses": "545000000", "investmentIncomeNet": "None", "netInterestIncome": "-81000000", "interestIncome": "9000000", "interestExpense": "90000000", "nonInterestIncome": "None", "otherNonOperatingIncome": "-10000000", "depreciation": "None", "depreciationAndAmortization": "120000000", "incomeBeforeTax": "-55000000", "incomeTaxExpense": "16000000", "interestAndDebtExpense": "None", "netIncomeFromContinuingOperations": "-71000000", "comprehensiveIncomeNetOfTax": "None", "ebit": "35000000", "ebitda": "155000000", "netIncome": "-51000000"}, {"fiscalDateEnding": "2019-09-30", "reportedCurrency": "USD", "grossProfit": "-978000000", "totalRevenue": "10323000000", "costOfRevenue": "11301000000", "costofGoodsAndServicesSold": "11301000000", "operatingIncome": "-1432000000", "sellingGeneralAndAdministrative": "329000000", "researchAndDevelopment": "None", "operatingExpenses": "454000000", "investmentIncomeNet": "None", "netInterestIncome": "-78000000", "interestIncome": "8000000", "interestExpense": "86000000", "nonInterestIncome": "None", "otherNonOperatingIncome": "-117000000", "depreciation": "None", "depreciationAndAmortization": "134000000", "incomeBeforeTax": "-1510000000", "incomeTaxExpense": "-28000000", "interestAndDebtExpense": "None", "netIncomeFromContinuingOperations": "-1482000000", "comprehensiveIncomeNetOfTax": "None", "ebit": "-1424000000", "ebitda": "-1290000000", "netIncome": "-1488000000"}, {"fiscalDateEnding": "2019-06-30", "reportedCurrency": "USD", "grossProfit": "512000000", "totalRevenue": "10096000000", "costOfRevenue": "9584000000", "costofGoodsAndServicesSold": "9584000000", "operatingIncome": "353000000", "sellingGeneralAndAdministrative": "335000000", "researchAndDevelopment": "None", "operatingExpenses": "159000000", "investmentIncomeNet": "None", "netInterestIncome": "-81000000", "interestIncome": "7000000", "interestExpense": "88000000", "nonInterestIncome": "None", "otherNonOperatingIncome": "183000000", "depreciation": "None", "depreciationAndAmortization": "155000000", "incomeBeforeTax": "272000000", "incomeTaxExpense": "60000000", "interestAndDebtExpense": "None", "netIncomeFromContinuingOperations": "212000000", "comprehensiveIncomeNetOfTax": "None", "ebit": "360000000", "ebitda": "515000000", "netIncome": "214000000"}, {"fiscalDateEnding": "2019-03-31", "reportedCurrency": "USD", "grossProfit": "437000000", "totalRevenue": "9938000000", "costOfRevenue": "9501000000", "costofGoodsAndServicesSold": "9501000000", "operatingIncome": "156000000", "sellingGeneralAndAdministrative": "305000000", "researchAndDevelopment": "None", "operatingExpenses": "281000000", "investmentIncomeNet": "None", "netInterestIncome": "-68000000", "interestIncome": "75000000", "interestExpense": "75000000", "nonInterestIncome": "None", "otherNonOperatingIncome": "31000000", "depreciation": "None", "depreciationAndAmortization": "139000000", "incomeBeforeTax": "88000000", "incomeTaxExpense": "38000000", "interestAndDebtExpense": "None", "netIncomeFromContinuingOperations": "50000000", "comprehensiveIncomeNetOfTax": "None", "ebit": "163000000", "ebitda": "302000000", "netIncome": "45000000"}, {"fiscalDateEnding": "2018-12-31", "reportedCurrency": "USD", "grossProfit": "422000000", "totalRevenue": "11543000000", "costOfRevenue": "11121000000", "costofGoodsAndServicesSold": "11121000000", "operatingIncome": "81000000", "sellingGeneralAndAdministrative": "369000000", "researchAndDevelopment": "15000000", "operatingExpenses": "341000000", "investmentIncomeNet": "None", "netInterestIncome": "None", "interestIncome": "None", "interestExpense": "74000000", "nonInterestIncome": "None", "otherNonOperatingIncome": "38000000", "depreciation": "None", "depreciationAndAmortization": "159000000", "incomeBeforeTax": "17000000", "incomeTaxExpense": "73000000", "interestAndDebtExpense": "None", "netIncomeFromContinuingOperations": "-56000000", "comprehensiveIncomeNetOfTax": "None", "ebit": "91000000", "ebitda": "250000000", "netIncome": "-65000000"}, {"fiscalDateEnding": "2018-09-30", "reportedCurrency": "USD", "grossProfit": "918000000", "totalRevenue": "11412000000", "costOfRevenue": "10494000000", "costofGoodsAndServicesSold": "10494000000", "operatingIncome": "546000000", "sellingGeneralAndAdministrative": "333000000", "researchAndDevelopment": "0", "operatingExpenses": "372000000", "investmentIncomeNet": "None", "netInterestIncome": "None", "interestIncome": "None", "interestExpense": "101000000", "nonInterestIncome": "None", "otherNonOperatingIncome": "-32000000", "depreciation": "None", "depreciationAndAmortization": "159000000", "incomeBeforeTax": "452000000", "incomeTaxExpense": "85000000", "interestAndDebtExpense": "None", "netIncomeFromContinuingOperations": "367000000", "comprehensiveIncomeNetOfTax": "None", "ebit": "553000000", "ebitda": "712000000", "netIncome": "365000000"}, {"fiscalDateEnding": "2018-06-30", "reportedCurrency": "USD", "grossProfit": "542000000", "totalRevenue": "12147000000", "costOfRevenue": "11605000000", "costofGoodsAndServicesSold": "11605000000", "operatingIncome": "73000000", "sellingGeneralAndAdministrative": "377000000", "researchAndDevelopment": "0", "operatingExpenses": "469000000", "investmentIncomeNet": "None", "netInterestIncome": "None", "interestIncome": "None", "interestExpense": "94000000", "nonInterestIncome": "None", "otherNonOperatingIncome": "-86000000", "depreciation": "None", "depreciationAndAmortization": "162000000", "incomeBeforeTax": "-15000000", "incomeTaxExpense": "2000000", "interestAndDebtExpense": "None", "netIncomeFromContinuingOperations": "-17000000", "comprehensiveIncomeNetOfTax": "None", "ebit": "79000000", "ebitda": "241000000", "netIncome": "-12000000"}, {"fiscalDateEnding": "2018-03-31", "reportedCurrency": "USD", "grossProfit": "384000000", "totalRevenue": "10641000000", "costOfRevenue": "10257000000", "costofGoodsAndServicesSold": "10257000000", "operatingIncome": "64000000", "sellingGeneralAndAdministrative": "344000000", "researchAndDevelopment": "0", "operatingExpenses": "320000000", "investmentIncomeNet": "None", "netInterestIncome": "None", "interestIncome": "None", "interestExpense": "70000000", "nonInterestIncome": "None", "otherNonOperatingIncome": "32000000", "depreciation": "None", "depreciationAndAmortization": "142000000", "incomeBeforeTax": "2000000", "incomeTaxExpense": "19000000", "interestAndDebtExpense": "None", "netIncomeFromContinuingOperations": "-17000000", "comprehensiveIncomeNetOfTax": "None", "ebit": "72000000", "ebitda": "214000000", "netIncome": "-21000000"}, {"fiscalDateEnding": "2017-12-31", "reportedCurrency": "USD", "grossProfit": "459000000", "totalRevenue": "11605000000", "costOfRevenue": "11146000000", "costofGoodsAndServicesSold": "11146000000", "operatingIncome": "64000000", "sellingGeneralAndAdministrative": "399000000", "researchAndDevelopment": "20000000", "operatingExpenses": "395000000", "investmentIncomeNet": "None", "netInterestIncome": "None", "interestIncome": "None", "interestExpense": "72000000", "nonInterestIncome": "None", "otherNonOperatingIncome": "30000000", "depreciation": "None", "depreciationAndAmortization": "161000000", "incomeBeforeTax": "1000000", "incomeTaxExpense": "54000000", "interestAndDebtExpense": "None", "netIncomeFromContinuingOperations": "-53000000", "comprehensiveIncomeNetOfTax": "None", "ebit": "73000000", "ebitda": "234000000", "netIncome": "-60000000"}, {"fiscalDateEnding": "2017-09-30", "reportedCurrency": "USD", "grossProfit": "489000000", "totalRevenue": "11423000000", "costOfRevenue": "10934000000", "costofGoodsAndServicesSold": "10934000000", "operatingIncome": "176000000", "sellingGeneralAndAdministrative": "340000000", "researchAndDevelopment": "0", "operatingExpenses": "313000000", "investmentIncomeNet": "None", "netInterestIncome": "None", "interestIncome": "None", "interestExpense": "64000000", "nonInterestIncome": "None", "otherNonOperatingIncome": "35000000", "depreciation": "None", "depreciationAndAmortization": "166000000", "incomeBeforeTax": "121000000", "incomeTaxExpense": "29000000", "interestAndDebtExpense": "None", "netIncomeFromContinuingOperations": "92000000", "comprehensiveIncomeNetOfTax": "None", "ebit": "185000000", "ebitda": "351000000", "netIncome": "92000000"}, {"fiscalDateEnding": "2017-06-30", "reportedCurrency": "USD", "grossProfit": "355000000", "totalRevenue": "11645000000", "costOfRevenue": "11290000000", "costofGoodsAndServicesSold": "11290000000", "operatingIncome": "80000000", "sellingGeneralAndAdministrative": "328000000", "researchAndDevelopment": "0", "operatingExpenses": "275000000", "investmentIncomeNet": "None", "netInterestIncome": "None", "interestIncome": "None", "interestExpense": "62000000", "nonInterestIncome": "None", "otherNonOperatingIncome": "61000000", "depreciation": "None", "depreciationAndAmortization": "152000000", "incomeBeforeTax": "26000000", "incomeTaxExpense": "-55000000", "interestAndDebtExpense": "None", "netIncomeFromContinuingOperations": "81000000", "comprehensiveIncomeNetOfTax": "None", "ebit": "88000000", "ebitda": "240000000", "netIncome": "81000000"}, {"fiscalDateEnding": "2017-03-31", "reportedCurrency": "USD", "grossProfit": "460000000", "totalRevenue": "11121000000", "costOfRevenue": "10661000000", "costofGoodsAndServicesSold": "10661000000", "operatingIncome": "135000000", "sellingGeneralAndAdministrative": "378000000", "researchAndDevelopment": "0", "operatingExpenses": "325000000", "investmentIncomeNet": "None", "netInterestIncome": "None", "interestIncome": "None", "interestExpense": "65000000", "nonInterestIncome": "None", "otherNonOperatingIncome": "65000000", "depreciation": "None", "depreciationAndAmortization": "130000000", "incomeBeforeTax": "82000000", "incomeTaxExpense": "28000000", "interestAndDebtExpense": "None", "netIncomeFromContinuingOperations": "54000000", "comprehensiveIncomeNetOfTax": "None", "ebit": "147000000", "ebitda": "277000000", "netIncome": "47000000"}, {"fiscalDateEnding": "2016-12-31", "reportedCurrency": "USD", "grossProfit": "704000000", "totalRevenue": "11799000000", "costOfRevenue": "11095000000", "costofGoodsAndServicesSold": "11095000000", "operatingIncome": "419000000", "sellingGeneralAndAdministrative": "345000000", "researchAndDevelopment": "17000000", "operatingExpenses": "285000000", "investmentIncomeNet": "None", "netInterestIncome": "None", "interestIncome": "None", "interestExpense": "45000000", "nonInterestIncome": "None", "otherNonOperatingIncome": "145000000", "depreciation": "None", "depreciationAndAmortization": "145000000", "incomeBeforeTax": "388000000", "incomeTaxExpense": "102000000", "interestAndDebtExpense": "None", "netIncomeFromContinuingOperations": "286000000", "comprehensiveIncomeNetOfTax": "None", "ebit": "433000000", "ebitda": "578000000", "netIncome": "271000000"}, {"fiscalDateEnding": "2016-09-30", "reportedCurrency": "USD", "grossProfit": "556000000", "totalRevenue": "11423000000", "costOfRevenue": "10867000000", "costofGoodsAndServicesSold": "10867000000", "operatingIncome": "230000000", "sellingGeneralAndAdministrative": "324000000", "researchAndDevelopment": "0", "operatingExpenses": "326000000", "investmentIncomeNet": "None", "netInterestIncome": "None", "interestIncome": "None", "interestExpense": "73000000", "nonInterestIncome": "None", "otherNonOperatingIncome": "11000000", "depreciation": "None", "depreciationAndAmortization": "148000000", "incomeBeforeTax": "170000000", "incomeTaxExpense": "45000000", "interestAndDebtExpense": "None", "netIncomeFromContinuingOperations": "125000000", "comprehensiveIncomeNetOfTax": "None", "ebit": "243000000", "ebitda": "391000000", "netIncome": "118000000"}, {"fiscalDateEnding": "2016-06-30", "reportedCurrency": "USD", "grossProfit": "530000000", "totalRevenue": "10541000000", "costOfRevenue": "10011000000", "costofGoodsAndServicesSold": "10011000000", "operatingIncome": "208000000", "sellingGeneralAndAdministrative": "303000000", "researchAndDevelopment": "0", "operatingExpenses": "322000000", "investmentIncomeNet": "None", "netInterestIncome": "None", "interestIncome": "None", "interestExpense": "59000000", "nonInterestIncome": "None", "otherNonOperatingIncome": "-5000000", "depreciation": "None", "depreciationAndAmortization": "141000000", "incomeBeforeTax": "163000000", "incomeTaxExpense": "39000000", "interestAndDebtExpense": "None", "netIncomeFromContinuingOperations": "124000000", "comprehensiveIncomeNetOfTax": "None", "ebit": "222000000", "ebitda": "363000000", "netIncome": "121000000"}, {"fiscalDateEnding": "2016-03-31", "reportedCurrency": "USD", "grossProfit": "620000000", "totalRevenue": "8916000000", "costOfRevenue": "8296000000", "costofGoodsAndServicesSold": "8296000000", "operatingIncome": "322000000", "sellingGeneralAndAdministrative": "314000000", "researchAndDevelopment": "0", "operatingExpenses": "298000000", "investmentIncomeNet": "None", "netInterestIncome": "None", "interestIncome": "None", "interestExpense": "57000000", "nonInterestIncome": "None", "otherNonOperatingIncome": "26000000", "depreciation": "None", "depreciationAndAmortization": "113000000", "incomeBeforeTax": "275000000", "incomeTaxExpense": "34000000", "interestAndDebtExpense": "None", "netIncomeFromContinuingOperations": "241000000", "comprehensiveIncomeNetOfTax": "None", "ebit": "332000000", "ebitda": "445000000", "netIncome": "235000000"}, {"fiscalDateEnding": "2015-12-31", "reportedCurrency": "USD", "grossProfit": "703000000", "totalRevenue": "11105000000", "costOfRevenue": "10402000000", "costofGoodsAndServicesSold": "10402000000", "operatingIncome": "300000000", "sellingGeneralAndAdministrative": "385000000", "researchAndDevelopment": "16000000", "operatingExpenses": "403000000", "investmentIncomeNet": "None", "netInterestIncome": "None", "interestIncome": "None", "interestExpense": "71000000", "nonInterestIncome": "None", "otherNonOperatingIncome": "-4000000", "depreciation": "None", "depreciationAndAmortization": "142000000", "incomeBeforeTax": "230000000", "incomeTaxExpense": "26000000", "interestAndDebtExpense": "None", "netIncomeFromContinuingOperations": "204000000", "comprehensiveIncomeNetOfTax": "None", "ebit": "301000000", "ebitda": "443000000", "netIncome": "203000000"}, {"fiscalDateEnding": "2015-09-30", "reportedCurrency": "USD", "grossProfit": "745000000", "totalRevenue": "10762000000", "costOfRevenue": "10017000000", "costofGoodsAndServicesSold": "10017000000", "operatingIncome": "412000000", "sellingGeneralAndAdministrative": "358000000", "researchAndDevelopment": "0", "operatingExpenses": "333000000", "investmentIncomeNet": "None", "netInterestIncome": "None", "interestIncome": "None", "interestExpense": "77000000", "nonInterestIncome": "None", "otherNonOperatingIncome": "43000000", "depreciation": "None", "depreciationAndAmortization": "136000000", "incomeBeforeTax": "353000000", "incomeTaxExpense": "140000000", "interestAndDebtExpense": "None", "netIncomeFromContinuingOperations": "213000000", "comprehensiveIncomeNetOfTax": "None", "ebit": "430000000", "ebitda": "566000000", "netIncome": "239000000"}, {"fiscalDateEnding": "2015-06-30", "reportedCurrency": "USD", "grossProfit": "535000000", "totalRevenue": "10782000000", "costOfRevenue": "10247000000", "costofGoodsAndServicesSold": "10247000000", "operatingIncome": "181000000", "sellingGeneralAndAdministrative": "361000000", "researchAndDevelopment": "0", "operatingExpenses": "354000000", "investmentIncomeNet": "None", "netInterestIncome": "None", "interestIncome": "None", "interestExpense": "57000000", "nonInterestIncome": "None", "otherNonOperatingIncome": "20000000", "depreciation": "None", "depreciationAndAmortization": "147000000", "incomeBeforeTax": "137000000", "incomeTaxExpense": "45000000", "interestAndDebtExpense": "None", "netIncomeFromContinuingOperations": "92000000", "comprehensiveIncomeNetOfTax": "None", "ebit": "194000000", "ebitda": "341000000", "netIncome": "86000000"}, {"fiscalDateEnding": "2015-03-31", "reportedCurrency": "USD", "grossProfit": "710000000", "totalRevenue": "10806000000", "costOfRevenue": "10096000000", "costofGoodsAndServicesSold": "10096000000", "operatingIncome": "373000000", "sellingGeneralAndAdministrative": "331000000", "researchAndDevelopment": "0", "operatingExpenses": "337000000", "investmentIncomeNet": "None", "netInterestIncome": "None", "interestIncome": "None", "interestExpense": "53000000", "nonInterestIncome": "None", "otherNonOperatingIncome": "5000000", "depreciation": "None", "depreciationAndAmortization": "120000000", "incomeBeforeTax": "331000000", "incomeTaxExpense": "85000000", "interestAndDebtExpense": "None", "netIncomeFromContinuingOperations": "246000000", "comprehensiveIncomeNetOfTax": "None", "ebit": "384000000", "ebitda": "504000000", "netIncome": "263000000"}, {"fiscalDateEnding": "2014-12-31", "reportedCurrency": "USD", "grossProfit": "695000000", "totalRevenue": "13231000000", "costOfRevenue": "12536000000", "costofGoodsAndServicesSold": "12536000000", "operatingIncome": "165000000", "sellingGeneralAndAdministrative": "530000000", "researchAndDevelopment": "20000000", "operatingExpenses": "530000000", "investmentIncomeNet": "None", "netInterestIncome": "None", "interestIncome": "None", "interestExpense": "122000000", "nonInterestIncome": "None", "otherNonOperatingIncome": "16000000", "depreciation": "None", "depreciationAndAmortization": "159000000", "incomeBeforeTax": "59000000", "incomeTaxExpense": "99000000", "interestAndDebtExpense": "None", "netIncomeFromContinuingOperations": "-40000000", "comprehensiveIncomeNetOfTax": "None", "ebit": "181000000", "ebitda": "340000000", "netIncome": "-54000000"}, {"fiscalDateEnding": "2014-09-30", "reportedCurrency": "USD", "grossProfit": "719000000", "totalRevenue": "13676000000", "costOfRevenue": "12957000000", "costofGoodsAndServicesSold": "12957000000", "operatingIncome": "337000000", "sellingGeneralAndAdministrative": "403000000", "researchAndDevelopment": "0", "operatingExpenses": "382000000", "investmentIncomeNet": "None", "netInterestIncome": "None", "interestIncome": "None", "interestExpense": "70000000", "nonInterestIncome": "None", "otherNonOperatingIncome": "40000000", "depreciation": "None", "depreciationAndAmortization": "162000000", "incomeBeforeTax": "286000000", "incomeTaxExpense": "9000000", "interestAndDebtExpense": "None", "netIncomeFromContinuingOperations": "277000000", "comprehensiveIncomeNetOfTax": "None", "ebit": "356000000", "ebitda": "518000000", "netIncome": "294000000"}, {"fiscalDateEnding": "2014-06-30", "reportedCurrency": "USD", "grossProfit": "793000000", "totalRevenue": "16793000000", "costOfRevenue": "16000000000", "costofGoodsAndServicesSold": "16000000000", "operatingIncome": "416000000", "sellingGeneralAndAdministrative": "392000000", "researchAndDevelopment": "0", "operatingExpenses": "377000000", "investmentIncomeNet": "None", "netInterestIncome": "None", "interestIncome": "None", "interestExpense": "76000000", "nonInterestIncome": "None", "otherNonOperatingIncome": "48000000", "depreciation": "None", "depreciationAndAmortization": "162000000", "incomeBeforeTax": "373000000", "incomeTaxExpense": "111000000", "interestAndDebtExpense": "None", "netIncomeFromContinuingOperations": "262000000", "comprehensiveIncomeNetOfTax": "None", "ebit": "449000000", "ebitda": "611000000", "netIncome": "288000000"}, {"fiscalDateEnding": "2014-03-31", "reportedCurrency": "USD", "grossProfit": "414000000", "totalRevenue": "13461000000", "costOfRevenue": "13047000000", "costofGoodsAndServicesSold": "13047000000", "operatingIncome": "76000000", "sellingGeneralAndAdministrative": "366000000", "researchAndDevelopment": "0", "operatingExpenses": "338000000", "investmentIncomeNet": "None", "netInterestIncome": "None", "interestIncome": "None", "interestExpense": "79000000", "nonInterestIncome": "None", "otherNonOperatingIncome": "47000000", "depreciation": "None", "depreciationAndAmortization": "124000000", "incomeBeforeTax": "16000000", "incomeTaxExpense": "30000000", "interestAndDebtExpense": "None", "netIncomeFromContinuingOperations": "-14000000", "comprehensiveIncomeNetOfTax": "None", "ebit": "95000000", "ebitda": "219000000", "netIncome": "-13000000"}, {"fiscalDateEnding": "2013-12-31", "reportedCurrency": "USD", "grossProfit": "810000000", "totalRevenue": "16375000000", "costOfRevenue": "15565000000", "costofGoodsAndServicesSold": "15565000000", "operatingIncome": "399000000", "sellingGeneralAndAdministrative": "443000000", "researchAndDevelopment": "19000000", "operatingExpenses": "411000000", "investmentIncomeNet": "None", "netInterestIncome": "None", "interestIncome": "None", "interestExpense": "99000000", "nonInterestIncome": "None", "otherNonOperatingIncome": "68000000", "depreciation": "None", "depreciationAndAmortization": "145000000", "incomeBeforeTax": "329000000", "incomeTaxExpense": "202000000", "interestAndDebtExpense": "None", "netIncomeFromContinuingOperations": "128000000", "comprehensiveIncomeNetOfTax": "None", "ebit": "428000000", "ebitda": "573000000", "netIncome": "138000000"}, {"fiscalDateEnding": "2013-09-30", "reportedCurrency": "USD", "grossProfit": "688000000", "totalRevenue": "14701000000", "costOfRevenue": "14013000000", "costofGoodsAndServicesSold": "14013000000", "operatingIncome": "371000000", "sellingGeneralAndAdministrative": "382000000", "researchAndDevelopment": "0", "operatingExpenses": "317000000", "investmentIncomeNet": "None", "netInterestIncome": "None", "interestIncome": "None", "interestExpense": "103000000", "nonInterestIncome": "None", "otherNonOperatingIncome": "92000000", "depreciation": "None", "depreciationAndAmortization": "153000000", "incomeBeforeTax": "295000000", "incomeTaxExpense": "591000000", "interestAndDebtExpense": "None", "netIncomeFromContinuingOperations": "-296000000", "comprehensiveIncomeNetOfTax": "None", "ebit": "398000000", "ebitda": "551000000", "netIncome": "-148000000"}, {"fiscalDateEnding": "2013-06-30", "reportedCurrency": "USD", "grossProfit": "616000000", "totalRevenue": "15491000000", "costOfRevenue": "14875000000", "costofGoodsAndServicesSold": "14875000000", "operatingIncome": "233000000", "sellingGeneralAndAdministrative": "379000000", "researchAndDevelopment": "0", "operatingExpenses": "383000000", "investmentIncomeNet": "None", "netInterestIncome": "None", "interestIncome": "None", "interestExpense": "86000000", "nonInterestIncome": "None", "otherNonOperatingIncome": "8000000", "depreciation": "None", "depreciationAndAmortization": "149000000", "incomeBeforeTax": "159000000", "incomeTaxExpense": "38000000", "interestAndDebtExpense": "None", "netIncomeFromContinuingOperations": "121000000", "comprehensiveIncomeNetOfTax": "None", "ebit": "245000000", "ebitda": "394000000", "netIncome": "136000000"}, {"fiscalDateEnding": "2013-03-31", "reportedCurrency": "USD", "grossProfit": "647000000", "totalRevenue": "14785000000", "costOfRevenue": "14138000000", "costofGoodsAndServicesSold": "14138000000", "operatingIncome": "297000000", "sellingGeneralAndAdministrative": "349000000", "researchAndDevelopment": "0", "operatingExpenses": "350000000", "investmentIncomeNet": "None", "netInterestIncome": "None", "interestIncome": "None", "interestExpense": "76000000", "nonInterestIncome": "None", "otherNonOperatingIncome": "8000000", "depreciation": "None", "depreciationAndAmortization": "121000000", "incomeBeforeTax": "230000000", "incomeTaxExpense": "73000000", "interestAndDebtExpense": "None", "netIncomeFromContinuingOperations": "157000000", "comprehensiveIncomeNetOfTax": "None", "ebit": "306000000", "ebitda": "427000000", "netIncome": "180000000"}, {"fiscalDateEnding": "2012-12-31", "reportedCurrency": "USD", "grossProfit": "533000000", "totalRevenue": "15162000000", "costOfRevenue": "14629000000", "costofGoodsAndServicesSold": "14629000000", "operatingIncome": "-375000000", "sellingGeneralAndAdministrative": "332000000", "researchAndDevelopment": "19000000", "operatingExpenses": "908000000", "investmentIncomeNet": "None", "netInterestIncome": "None", "interestIncome": "None", "interestExpense": "64000000", "nonInterestIncome": "None", "otherNonOperatingIncome": "-69000000", "depreciation": "None", "depreciationAndAmortization": "156000000", "incomeBeforeTax": "-446000000", "incomeTaxExpense": "-168000000", "interestAndDebtExpense": "None", "netIncomeFromContinuingOperations": "-278000000", "comprehensiveIncomeNetOfTax": "None", "ebit": "-382000000", "ebitda": "-226000000", "netIncome": "-599000000"}, {"fiscalDateEnding": "2012-09-30", "reportedCurrency": "USD", "grossProfit": "843000000", "totalRevenue": "16543000000", "costOfRevenue": "15700000000", "costofGoodsAndServicesSold": "15700000000", "operatingIncome": "453000000", "sellingGeneralAndAdministrative": "416000000", "researchAndDevelopment": "0", "operatingExpenses": "390000000", "investmentIncomeNet": "None", "netInterestIncome": "None", "interestIncome": "None", "interestExpense": "77000000", "nonInterestIncome": "None", "otherNonOperatingIncome": "24000000", "depreciation": "None", "depreciationAndAmortization": "150000000", "incomeBeforeTax": "381000000", "incomeTaxExpense": "82000000", "interestAndDebtExpense": "None", "netIncomeFromContinuingOperations": "301000000", "comprehensiveIncomeNetOfTax": "None", "ebit": "458000000", "ebitda": "608000000", "netIncome": "297000000"}, {"fiscalDateEnding": "2012-06-30", "reportedCurrency": "USD", "grossProfit": "643000000", "totalRevenue": "14499000000", "costOfRevenue": "13856000000", "costofGoodsAndServicesSold": "13856000000", "operatingIncome": "396000000", "sellingGeneralAndAdministrative": "396000000", "researchAndDevelopment": "0", "operatingExpenses": "247000000", "investmentIncomeNet": "None", "netInterestIncome": "None", "interestIncome": "None", "interestExpense": "78000000", "nonInterestIncome": "None", "otherNonOperatingIncome": "152000000", "depreciation": "None", "depreciationAndAmortization": "144000000", "incomeBeforeTax": "334000000", "incomeTaxExpense": "75000000", "interestAndDebtExpense": "None", "netIncomeFromContinuingOperations": "266000000", "comprehensiveIncomeNetOfTax": "None", "ebit": "412000000", "ebitda": "556000000", "netIncome": "274000000"}, {"fiscalDateEnding": "2012-03-31", "reportedCurrency": "USD", "grossProfit": "537000000", "totalRevenue": "12909000000", "costOfRevenue": "12372000000", "costofGoodsAndServicesSold": "12372000000", "operatingIncome": "201000000", "sellingGeneralAndAdministrative": "419000000", "researchAndDevelopment": "0", "operatingExpenses": "336000000", "investmentIncomeNet": "None", "netInterestIncome": "None", "interestIncome": "None", "interestExpense": "62000000", "nonInterestIncome": "None", "otherNonOperatingIncome": "63000000", "depreciation": "None", "depreciationAndAmortization": "120000000", "incomeBeforeTax": "164000000", "incomeTaxExpense": "40000000", "interestAndDebtExpense": "None", "netIncomeFromContinuingOperations": "89000000", "comprehensiveIncomeNetOfTax": "None", "ebit": "226000000", "ebitda": "346000000", "netIncome": "92000000"}, {"fiscalDateEnding": "2011-12-31", "reportedCurrency": "USD", "grossProfit": "736000000", "totalRevenue": "16445000000", "costOfRevenue": "15709000000", "costofGoodsAndServicesSold": "15709000000", "operatingIncome": "290000000", "sellingGeneralAndAdministrative": "432000000", "researchAndDevelopment": "22000000", "operatingExpenses": "446000000", "investmentIncomeNet": "None", "netInterestIncome": "None", "interestIncome": "None", "interestExpense": "80000000", "nonInterestIncome": "None", "otherNonOperatingIncome": "18000000", "depreciation": "None", "depreciationAndAmortization": "128000000", "incomeBeforeTax": "240000000", "incomeTaxExpense": "-18000000", "interestAndDebtExpense": "None", "netIncomeFromContinuingOperations": "258000000", "comprehensiveIncomeNetOfTax": "None", "ebit": "320000000", "ebitda": "448000000", "netIncome": "254000000"}, {"fiscalDateEnding": "2011-09-30", "reportedCurrency": "USD", "grossProfit": "706000000", "totalRevenue": "15616000000", "costOfRevenue": "14910000000", "costofGoodsAndServicesSold": "14910000000", "operatingIncome": "184000000", "sellingGeneralAndAdministrative": "394000000", "researchAndDevelopment": "0", "operatingExpenses": "522000000", "investmentIncomeNet": "None", "netInterestIncome": "None", "interestIncome": "None", "interestExpense": "80000000", "nonInterestIncome": "None", "otherNonOperatingIncome": "-100000000", "depreciation": "None", "depreciationAndAmortization": "151000000", "incomeBeforeTax": "132000000", "incomeTaxExpense": "-1000000", "interestAndDebtExpense": "None", "netIncomeFromContinuingOperations": "132000000", "comprehensiveIncomeNetOfTax": "None", "ebit": "212000000", "ebitda": "363000000", "netIncome": "140000000"}, {"fiscalDateEnding": "2011-06-30", "reportedCurrency": "USD", "grossProfit": "647000000", "totalRevenue": "14488000000", "costOfRevenue": "13841000000", "costofGoodsAndServicesSold": "13841000000", "operatingIncome": "379000000", "sellingGeneralAndAdministrative": "383000000", "researchAndDevelopment": "0", "operatingExpenses": "268000000", "investmentIncomeNet": "None", "netInterestIncome": "None", "interestIncome": "None", "interestExpense": "70000000", "nonInterestIncome": "None", "otherNonOperatingIncome": "138000000", "depreciation": "None", "depreciationAndAmortization": "143000000", "incomeBeforeTax": "332000000", "incomeTaxExpense": "20000000", "interestAndDebtExpense": "None", "netIncomeFromContinuingOperations": "271000000", "comprehensiveIncomeNetOfTax": "None", "ebit": "402000000", "ebitda": "545000000", "netIncome": "316000000"}, {"fiscalDateEnding": "2011-03-31", "reportedCurrency": "USD", "grossProfit": "639000000", "totalRevenue": "12194000000", "costOfRevenue": "11555000000", "costofGoodsAndServicesSold": "11555000000", "operatingIncome": "329000000", "sellingGeneralAndAdministrative": "344000000", "researchAndDevelopment": "0", "operatingExpenses": "310000000", "investmentIncomeNet": "None", "netInterestIncome": "None", "interestIncome": "None", "interestExpense": "72000000", "nonInterestIncome": "None", "otherNonOperatingIncome": "55000000", "depreciation": "None", "depreciationAndAmortization": "104000000", "incomeBeforeTax": "278000000", "incomeTaxExpense": "43000000", "interestAndDebtExpense": "None", "netIncomeFromContinuingOperations": "235000000", "comprehensiveIncomeNetOfTax": "None", "ebit": "350000000", "ebitda": "454000000", "netIncome": "232000000"}, {"fiscalDateEnding": "2010-12-31", "reportedCurrency": "USD", "grossProfit": "829000000", "totalRevenue": "12726000000", "costOfRevenue": "11897000000", "costofGoodsAndServicesSold": "11897000000", "operatingIncome": "390000000", "sellingGeneralAndAdministrative": "439000000", "researchAndDevelopment": "24000000", "operatingExpenses": "439000000", "investmentIncomeNet": "None", "netInterestIncome": "None", "interestIncome": "None", "interestExpense": "57000000", "nonInterestIncome": "None", "otherNonOperatingIncome": "23000000", "depreciation": "None", "depreciationAndAmortization": "117000000", "incomeBeforeTax": "346000000", "incomeTaxExpense": "41000000", "interestAndDebtExpense": "None", "netIncomeFromContinuingOperations": "305000000", "comprehensiveIncomeNetOfTax": "None", "ebit": "403000000", "ebitda": "520000000", "netIncome": "301000000"}, {"fiscalDateEnding": "2010-09-30", "reportedCurrency": "USD", "grossProfit": "712000000", "totalRevenue": "11662000000", "costOfRevenue": "10950000000", "costofGoodsAndServicesSold": "10950000000", "operatingIncome": "355000000", "sellingGeneralAndAdministrative": "357000000", "researchAndDevelopment": "0", "operatingExpenses": "357000000", "investmentIncomeNet": "None", "netInterestIncome": "None", "interestIncome": "None", "interestExpense": "62000000", "nonInterestIncome": "None", "otherNonOperatingIncome": "10000000", "depreciation": "None", "depreciationAndAmortization": "111000000", "incomeBeforeTax": "295000000", "incomeTaxExpense": "97000000", "interestAndDebtExpense": "None", "netIncomeFromContinuingOperations": "198000000", "comprehensiveIncomeNetOfTax": "None", "ebit": "357000000", "ebitda": "468000000", "netIncome": "212000000"}, {"fiscalDateEnding": "2010-06-30", "reportedCurrency": "USD", "grossProfit": "425000000", "totalRevenue": "10974000000", "costOfRevenue": "10549000000", "costofGoodsAndServicesSold": "10549000000", "operatingIncome": "10000000", "sellingGeneralAndAdministrative": "415000000", "researchAndDevelopment": "0", "operatingExpenses": "415000000", "investmentIncomeNet": "None", "netInterestIncome": "None", "interestIncome": "None", "interestExpense": "101000000", "nonInterestIncome": "None", "otherNonOperatingIncome": "2420000000", "depreciation": "None", "depreciationAndAmortization": "113000000", "incomeBeforeTax": "2320000000", "incomeTaxExpense": "542000000", "interestAndDebtExpense": "None", "netIncomeFromContinuingOperations": "1778000000", "comprehensiveIncomeNetOfTax": "None", "ebit": "2421000000", "ebitda": "2534000000", "netIncome": "1778000000"}, {"fiscalDateEnding": "2010-03-31", "reportedCurrency": "USD", "grossProfit": "545000000", "totalRevenue": "10345000000", "costOfRevenue": "9800000000", "costofGoodsAndServicesSold": "9800000000", "operatingIncome": "198000000", "sellingGeneralAndAdministrative": "347000000", "researchAndDevelopment": "0", "operatingExpenses": "347000000", "investmentIncomeNet": "None", "netInterestIncome": "None", "interestIncome": "None", "interestExpense": "78000000", "nonInterestIncome": "None", "otherNonOperatingIncome": "-31000000", "depreciation": "None", "depreciationAndAmortization": "102000000", "incomeBeforeTax": "89000000", "incomeTaxExpense": "9000000", "interestAndDebtExpense": "None", "netIncomeFromContinuingOperations": "80000000", "comprehensiveIncomeNetOfTax": "None", "ebit": "167000000", "ebitda": "269000000", "netIncome": "63000000"}, {"fiscalDateEnding": "2009-12-31", "reportedCurrency": "USD", "grossProfit": "314000000", "totalRevenue": "10436000000", "costOfRevenue": "10122000000", "costofGoodsAndServicesSold": "10122000000", "operatingIncome": "-76000000", "sellingGeneralAndAdministrative": "390000000", "researchAndDevelopment": "26000000", "operatingExpenses": "390000000", "investmentIncomeNet": "None", "netInterestIncome": "None", "interestIncome": "None", "interestExpense": "71000000", "nonInterestIncome": "None", "otherNonOperatingIncome": "None", "depreciation": "None", "depreciationAndAmortization": "124000000", "incomeBeforeTax": "-135000000", "incomeTaxExpense": "-58000000", "interestAndDebtExpense": "None", "netIncomeFromContinuingOperations": "0", "comprehensiveIncomeNetOfTax": "None", "ebit": "-64000000", "ebitda": "60000000", "netIncome": "11000000"}, {"fiscalDateEnding": "2009-09-30", "reportedCurrency": "USD", "grossProfit": "343000000", "totalRevenue": "11298000000", "costOfRevenue": "10955000000", "costofGoodsAndServicesSold": "10955000000", "operatingIncome": "-6000000", "sellingGeneralAndAdministrative": "349000000", "researchAndDevelopment": "0", "operatingExpenses": "349000000", "investmentIncomeNet": "None", "netInterestIncome": "None", "interestIncome": "None", "interestExpense": "79000000", "nonInterestIncome": "None", "otherNonOperatingIncome": "185000000", "depreciation": "None", "depreciationAndAmortization": "119000000", "incomeBeforeTax": "100000000", "incomeTaxExpense": "-97000000", "interestAndDebtExpense": "None", "netIncomeFromContinuingOperations": "197000000", "comprehensiveIncomeNetOfTax": "None", "ebit": "179000000", "ebitda": "298000000", "netIncome": "232000000"}, {"fiscalDateEnding": "2009-06-30", "reportedCurrency": "USD", "grossProfit": "412000000", "totalRevenue": "10994000000", "costOfRevenue": "10582000000", "costofGoodsAndServicesSold": "10582000000", "operatingIncome": "103000000", "sellingGeneralAndAdministrative": "309000000", "researchAndDevelopment": "0", "operatingExpenses": "309000000", "investmentIncomeNet": "None", "netInterestIncome": "None", "interestIncome": "None", "interestExpense": "66000000", "nonInterestIncome": "None", "otherNonOperatingIncome": "None", "depreciation": "None", "depreciationAndAmortization": "105000000", "incomeBeforeTax": "396000000", "incomeTaxExpense": "79000000", "interestAndDebtExpense": "None", "netIncomeFromContinuingOperations": "0", "comprehensiveIncomeNetOfTax": "None", "ebit": "462000000", "ebitda": "567000000", "netIncome": "313000000"}, {"fiscalDateEnding": "2009-03-31", "reportedCurrency": "USD", "grossProfit": "135000000", "totalRevenue": "9198000000", "costOfRevenue": "9063000000", "costofGoodsAndServicesSold": "9063000000", "operatingIncome": "-159000000", "sellingGeneralAndAdministrative": "294000000", "researchAndDevelopment": "0", "operatingExpenses": "294000000", "investmentIncomeNet": "None", "netInterestIncome": "None", "interestIncome": "None", "interestExpense": "67000000", "nonInterestIncome": "None", "otherNonOperatingIncome": "None", "depreciation": "None", "depreciationAndAmortization": "95000000", "incomeBeforeTax": "-216000000", "incomeTaxExpense": "-34000000", "interestAndDebtExpense": "None", "netIncomeFromContinuingOperations": "0", "comprehensiveIncomeNetOfTax": "None", "ebit": "-149000000", "ebitda": "-54000000", "netIncome": "-195000000"}, {"fiscalDateEnding": "2008-12-31", "reportedCurrency": "USD", "grossProfit": "509000000", "totalRevenue": "10943000000", "costOfRevenue": "10434000000", "costofGoodsAndServicesSold": "10434000000", "operatingIncome": "140000000", "sellingGeneralAndAdministrative": "369000000", "researchAndDevelopment": "35000000", "operatingExpenses": "369000000", "investmentIncomeNet": "None", "netInterestIncome": "None", "interestIncome": "None", "interestExpense": "361000000", "nonInterestIncome": "None", "otherNonOperatingIncome": "None", "depreciation": "None", "depreciationAndAmortization": "95000000", "incomeBeforeTax": "-401000000", "incomeTaxExpense": "-214000000", "interestAndDebtExpense": "None", "netIncomeFromContinuingOperations": "0", "comprehensiveIncomeNetOfTax": "None", "ebit": "-385000000", "ebitda": "-290000000", "netIncome": "-210000000"}, {"fiscalDateEnding": "2008-09-30", "reportedCurrency": "USD", "grossProfit": "1209000000", "totalRevenue": "14797000000", "costOfRevenue": "13588000000", "costofGoodsAndServicesSold": "13588000000", "operatingIncome": "827000000", "sellingGeneralAndAdministrative": "382000000", "researchAndDevelopment": "0", "operatingExpenses": "382000000", "investmentIncomeNet": "None", "netInterestIncome": "None", "interestIncome": "None", "interestExpense": "97000000", "nonInterestIncome": "None", "otherNonOperatingIncome": "None", "depreciation": "None", "depreciationAndAmortization": "117000000", "incomeBeforeTax": "315000000", "incomeTaxExpense": "5000000", "interestAndDebtExpense": "None", "netIncomeFromContinuingOperations": "0", "comprehensiveIncomeNetOfTax": "None", "ebit": "412000000", "ebitda": "529000000", "netIncome": "234000000"}, {"fiscalDateEnding": "2008-06-30", "reportedCurrency": "USD", "grossProfit": "1451000000", "totalRevenue": "14365000000", "costOfRevenue": "12914000000", "costofGoodsAndServicesSold": "12914000000", "operatingIncome": "991000000", "sellingGeneralAndAdministrative": "460000000", "researchAndDevelopment": "0", "operatingExpenses": "460000000", "investmentIncomeNet": "None", "netInterestIncome": "None", "interestIncome": "None", "interestExpense": "90000000", "nonInterestIncome": "None", "otherNonOperatingIncome": "None", "depreciation": "None", "depreciationAndAmortization": "119000000", "incomeBeforeTax": "1204000000", "incomeTaxExpense": "337000000", "interestAndDebtExpense": "None", "netIncomeFromContinuingOperations": "0", "comprehensiveIncomeNetOfTax": "None", "ebit": "1294000000", "ebitda": "1413000000", "netIncome": "751000000"}, {"fiscalDateEnding": "2008-03-31", "reportedCurrency": "USD", "grossProfit": "867000000", "totalRevenue": "12469000000", "costOfRevenue": "11602000000", "costofGoodsAndServicesSold": "11602000000", "operatingIncome": "465000000", "sellingGeneralAndAdministrative": "402000000", "researchAndDevelopment": "0", "operatingExpenses": "402000000", "investmentIncomeNet": "None", "netInterestIncome": "None", "interestIncome": "None", "interestExpense": "98000000", "nonInterestIncome": "None", "otherNonOperatingIncome": "None", "depreciation": "None", "depreciationAndAmortization": "108000000", "incomeBeforeTax": "419000000", "incomeTaxExpense": "117000000", "interestAndDebtExpense": "None", "netIncomeFromContinuingOperations": "0", "comprehensiveIncomeNetOfTax": "None", "ebit": "517000000", "ebitda": "625000000", "netIncome": "289000000"}, {"fiscalDateEnding": "2007-12-31", "reportedCurrency": "USD", "grossProfit": "776000000", "totalRevenue": "7056000000", "costOfRevenue": "6280000000", "costofGoodsAndServicesSold": "6280000000", "operatingIncome": "342000000", "sellingGeneralAndAdministrative": "434000000", "researchAndDevelopment": "34000000", "operatingExpenses": "434000000", "investmentIncomeNet": "None", "netInterestIncome": "None", "interestIncome": "None", "interestExpense": "353000000", "nonInterestIncome": "None", "otherNonOperatingIncome": "None", "depreciation": "None", "depreciationAndAmortization": "114000000", "incomeBeforeTax": "-73000000", "incomeTaxExpense": "89000000", "interestAndDebtExpense": "None", "netIncomeFromContinuingOperations": "0", "comprehensiveIncomeNetOfTax": "None", "ebit": "342000000", "ebitda": "456000000", "netIncome": "245000000"}, {"fiscalDateEnding": "2007-09-30", "reportedCurrency": "USD", "grossProfit": "907000000", "totalRevenue": "9729000000", "costOfRevenue": "8822000000", "costofGoodsAndServicesSold": "8822000000", "operatingIncome": "554000000", "sellingGeneralAndAdministrative": "353000000", "researchAndDevelopment": "0", "operatingExpenses": "353000000", "investmentIncomeNet": "None", "netInterestIncome": "None", "interestIncome": "None", "interestExpense": "102000000", "nonInterestIncome": "None", "otherNonOperatingIncome": "None", "depreciation": "None", "depreciationAndAmortization": "95000000", "incomeBeforeTax": "547000000", "incomeTaxExpense": "145000000", "interestAndDebtExpense": "None", "netIncomeFromContinuingOperations": "0", "comprehensiveIncomeNetOfTax": "None", "ebit": "554000000", "ebitda": "649000000", "netIncome": "351000000"}, {"fiscalDateEnding": "2007-06-30", "reportedCurrency": "USD", "grossProfit": "532000000", "totalRevenue": "9915000000", "costOfRevenue": "9383000000", "costofGoodsAndServicesSold": "9383000000", "operatingIncome": "225000000", "sellingGeneralAndAdministrative": "307000000", "researchAndDevelopment": "0", "operatingExpenses": "307000000", "investmentIncomeNet": "None", "netInterestIncome": "None", "interestIncome": "None", "interestExpense": "79000000", "nonInterestIncome": "None", "otherNonOperatingIncome": "None", "depreciation": "None", "depreciationAndAmortization": "90000000", "incomeBeforeTax": "277000000", "incomeTaxExpense": "70000000", "interestAndDebtExpense": "None", "netIncomeFromContinuingOperations": "0", "comprehensiveIncomeNetOfTax": "None", "ebit": "225000000", "ebitda": "315000000", "netIncome": "168000000"}, {"fiscalDateEnding": "2007-03-31", "reportedCurrency": "USD", "grossProfit": "300000000", "totalRevenue": "7343000000", "costOfRevenue": "7043000000", "costofGoodsAndServicesSold": "7043000000", "operatingIncome": "35000000", "sellingGeneralAndAdministrative": "265000000", "researchAndDevelopment": "0", "operatingExpenses": "265000000", "investmentIncomeNet": "None", "netInterestIncome": "None", "interestIncome": "None", "interestExpense": "70000000", "nonInterestIncome": "None", "otherNonOperatingIncome": "None", "depreciation": "None", "depreciationAndAmortization": "86000000", "incomeBeforeTax": "27000000", "incomeTaxExpense": "6000000", "interestAndDebtExpense": "None", "netIncomeFromContinuingOperations": "0", "comprehensiveIncomeNetOfTax": "None", "ebit": "35000000", "ebitda": "121000000", "netIncome": "14000000"}, {"fiscalDateEnding": "2006-12-31", "reportedCurrency": "USD", "grossProfit": "514000000", "totalRevenue": "7683000000", "costOfRevenue": "7169000000", "costofGoodsAndServicesSold": "7169000000", "operatingIncome": "236000000", "sellingGeneralAndAdministrative": "278000000", "researchAndDevelopment": "22000000", "operatingExpenses": "278000000", "investmentIncomeNet": "None", "netInterestIncome": "None", "interestIncome": "None", "interestExpense": "280000000", "nonInterestIncome": "None", "otherNonOperatingIncome": "None", "depreciation": "None", "depreciationAndAmortization": "85000000", "incomeBeforeTax": "230000000", "incomeTaxExpense": "-69000000", "interestAndDebtExpense": "None", "netIncomeFromContinuingOperations": "0", "comprehensiveIncomeNetOfTax": "None", "ebit": "236000000", "ebitda": "321000000", "netIncome": "264000000"}, {"fiscalDateEnding": "2006-09-30", "reportedCurrency": "USD", "grossProfit": "485000000", "totalRevenue": "6965000000", "costOfRevenue": "6480000000", "costofGoodsAndServicesSold": "6480000000", "operatingIncome": "230000000", "sellingGeneralAndAdministrative": "255000000", "researchAndDevelopment": "0", "operatingExpenses": "255000000", "investmentIncomeNet": "None", "netInterestIncome": "None", "interestIncome": "None", "interestExpense": "66000000", "nonInterestIncome": "None", "otherNonOperatingIncome": "None", "depreciation": "None", "depreciationAndAmortization": "82000000", "incomeBeforeTax": "203000000", "incomeTaxExpense": "25000000", "interestAndDebtExpense": "None", "netIncomeFromContinuingOperations": "0", "comprehensiveIncomeNetOfTax": "None", "ebit": "230000000", "ebitda": "312000000", "netIncome": "169000000"}, {"fiscalDateEnding": "2006-06-30", "reportedCurrency": "USD", "grossProfit": "288000000", "totalRevenue": "6001000000", "costOfRevenue": "5713000000", "costofGoodsAndServicesSold": "5713000000", "operatingIncome": "70000000", "sellingGeneralAndAdministrative": "218000000", "researchAndDevelopment": "0", "operatingExpenses": "218000000", "investmentIncomeNet": "None", "netInterestIncome": "None", "interestIncome": "None", "interestExpense": "67000000", "nonInterestIncome": "None", "otherNonOperatingIncome": "None", "depreciation": "None", "depreciationAndAmortization": "79000000", "incomeBeforeTax": "21000000", "incomeTaxExpense": "-3000000", "interestAndDebtExpense": "None", "netIncomeFromContinuingOperations": "0", "comprehensiveIncomeNetOfTax": "None", "ebit": "70000000", "ebitda": "149000000", "netIncome": "30000000"}, {"fiscalDateEnding": "2006-03-31", "reportedCurrency": "USD", "grossProfit": "284000000", "totalRevenue": "5625000000", "costOfRevenue": "5341000000", "costofGoodsAndServicesSold": "5341000000", "operatingIncome": "57000000", "sellingGeneralAndAdministrative": "227000000", "researchAndDevelopment": "0", "operatingExpenses": "227000000", "investmentIncomeNet": "None", "netInterestIncome": "None", "interestIncome": "None", "interestExpense": "61000000", "nonInterestIncome": "None", "otherNonOperatingIncome": "None", "depreciation": "None", "depreciationAndAmortization": "78000000", "incomeBeforeTax": "68000000", "incomeTaxExpense": "11000000", "interestAndDebtExpense": "None", "netIncomeFromContinuingOperations": "0", "comprehensiveIncomeNetOfTax": "None", "ebit": "57000000", "ebitda": "135000000", "netIncome": "58000000"}, {"fiscalDateEnding": "2005-12-31", "reportedCurrency": "USD", "grossProfit": "352000000", "totalRevenue": "6726000000", "costOfRevenue": "6374000000", "costofGoodsAndServicesSold": "6374000000", "operatingIncome": "65000000", "sellingGeneralAndAdministrative": "287000000", "researchAndDevelopment": "18000000", "operatingExpenses": "287000000", "investmentIncomeNet": "None", "netInterestIncome": "None", "interestIncome": "None", "interestExpense": "231000000", "nonInterestIncome": "None", "otherNonOperatingIncome": "None", "depreciation": "None", "depreciationAndAmortization": "77000000", "incomeBeforeTax": "1000000", "incomeTaxExpense": "-160000000", "interestAndDebtExpense": "None", "netIncomeFromContinuingOperations": "0", "comprehensiveIncomeNetOfTax": "None", "ebit": "65000000", "ebitda": "142000000", "netIncome": "149000000"}, {"fiscalDateEnding": "2005-09-30", "reportedCurrency": "USD", "grossProfit": "407000000", "totalRevenue": "6248000000", "costOfRevenue": "5841000000", "costofGoodsAndServicesSold": "5841000000", "operatingIncome": "177000000", "sellingGeneralAndAdministrative": "230000000", "researchAndDevelopment": "0", "operatingExpenses": "230000000", "investmentIncomeNet": "None", "netInterestIncome": "None", "interestIncome": "None", "interestExpense": "56000000", "nonInterestIncome": "None", "otherNonOperatingIncome": "None", "depreciation": "None", "depreciationAndAmortization": "70000000", "incomeBeforeTax": "174000000", "incomeTaxExpense": "-18000000", "interestAndDebtExpense": "None", "netIncomeFromContinuingOperations": "0", "comprehensiveIncomeNetOfTax": "None", "ebit": "177000000", "ebitda": "247000000", "netIncome": "170000000"}, {"fiscalDateEnding": "2005-06-30", "reportedCurrency": "USD", "grossProfit": "427000000", "totalRevenue": "5872000000", "costOfRevenue": "5445000000", "costofGoodsAndServicesSold": "5445000000", "operatingIncome": "184000000", "sellingGeneralAndAdministrative": "243000000", "researchAndDevelopment": "0", "operatingExpenses": "243000000", "investmentIncomeNet": "None", "netInterestIncome": "None", "interestIncome": "None", "interestExpense": "50000000", "nonInterestIncome": "None", "otherNonOperatingIncome": "None", "depreciation": "None", "depreciationAndAmortization": "68000000", "incomeBeforeTax": "187000000", "incomeTaxExpense": "52000000", "interestAndDebtExpense": "None", "netIncomeFromContinuingOperations": "0", "comprehensiveIncomeNetOfTax": "None", "ebit": "184000000", "ebitda": "252000000", "netIncome": "113000000"}, {"fiscalDateEnding": "2005-03-31", "reportedCurrency": "USD", "grossProfit": "385000000", "totalRevenue": "5451000000", "costOfRevenue": "5066000000", "costofGoodsAndServicesSold": "5066000000", "operatingIncome": "189000000", "sellingGeneralAndAdministrative": "196000000", "researchAndDevelopment": "0", "operatingExpenses": "196000000", "investmentIncomeNet": "None", "netInterestIncome": "None", "interestIncome": "None", "interestExpense": "57000000", "nonInterestIncome": "None", "otherNonOperatingIncome": "None", "depreciation": "None", "depreciationAndAmortization": "63000000", "incomeBeforeTax": "147000000", "incomeTaxExpense": "44000000", "interestAndDebtExpense": "None", "netIncomeFromContinuingOperations": "0", "comprehensiveIncomeNetOfTax": "None", "ebit": "189000000", "ebitda": "252000000", "netIncome": "98000000"}, {"fiscalDateEnding": "2004-12-31", "reportedCurrency": "USD", "grossProfit": "472000000", "totalRevenue": "6212000000", "costOfRevenue": "5740000000", "costofGoodsAndServicesSold": "5740000000", "operatingIncome": "91000000", "sellingGeneralAndAdministrative": "270000000", "researchAndDevelopment": "14000000", "operatingExpenses": "381000000", "investmentIncomeNet": "None", "netInterestIncome": "None", "interestIncome": "None", "interestExpense": "214000000", "nonInterestIncome": "None", "otherNonOperatingIncome": "None", "depreciation": "None", "depreciationAndAmortization": "58000000", "incomeBeforeTax": "220000000", "incomeTaxExpense": "73000000", "interestAndDebtExpense": "None", "netIncomeFromContinuingOperations": "0", "comprehensiveIncomeNetOfTax": "None", "ebit": "91000000", "ebitda": "149000000", "netIncome": "105000000"}]}