{"symbol": "MRNA", "annualReports": [{"fiscalDateEnding": "2024-12-31", "reportedCurrency": "USD", "grossProfit": "1772000000", "totalRevenue": "3236000000", "costOfRevenue": "1464000000", "costofGoodsAndServicesSold": "1464000000", "operatingIncome": "-3945000000", "sellingGeneralAndAdministrative": "1174000000", "researchAndDevelopment": "4543000000", "operatingExpenses": "5717000000", "investmentIncomeNet": "None", "netInterestIncome": "401000000", "interestIncome": "425000000", "interestExpense": "24000000", "nonInterestIncome": "None", "otherNonOperatingIncome": "None", "depreciation": "None", "depreciationAndAmortization": "189000000", "incomeBeforeTax": "-3607000000", "incomeTaxExpense": "-46000000", "interestAndDebtExpense": "None", "netIncomeFromContinuingOperations": "-3561000000", "comprehensiveIncomeNetOfTax": "None", "ebit": "-3583000000", "ebitda": "-3394000000", "netIncome": "-3561000000"}, {"fiscalDateEnding": "2023-12-31", "reportedCurrency": "USD", "grossProfit": "2155000000", "totalRevenue": "6848000000", "costOfRevenue": "4693000000", "costofGoodsAndServicesSold": "4693000000", "operatingIncome": "-4239000000", "sellingGeneralAndAdministrative": "1345000000", "researchAndDevelopment": "4845000000", "operatingExpenses": "6300000000", "investmentIncomeNet": "None", "netInterestIncome": "363000000", "interestIncome": "405000000", "interestExpense": "38000000", "nonInterestIncome": "None", "otherNonOperatingIncome": "None", "depreciation": "None", "depreciationAndAmortization": "621000000", "incomeBeforeTax": "-3942000000", "incomeTaxExpense": "772000000", "interestAndDebtExpense": "None", "netIncomeFromContinuingOperations": "-3466000000", "comprehensiveIncomeNetOfTax": "None", "ebit": "-3904000000", "ebitda": "-3283000000", "netIncome": "-4714000000"}, {"fiscalDateEnding": "2022-12-31", "reportedCurrency": "USD", "grossProfit": "13847000000", "totalRevenue": "19263000000", "costOfRevenue": "5416000000", "costofGoodsAndServicesSold": "5416000000", "operatingIncome": "9420000000", "sellingGeneralAndAdministrative": "1011000000", "researchAndDevelopment": "3295000000", "operatingExpenses": "4427000000", "investmentIncomeNet": "None", "netInterestIncome": "200000000", "interestIncome": "200000000", "interestExpense": "29000000", "nonInterestIncome": "None", "otherNonOperatingIncome": "155000000", "depreciation": "None", "depreciationAndAmortization": "348000000", "incomeBeforeTax": "9575000000", "incomeTaxExpense": "1213000000", "interestAndDebtExpense": "None", "netIncomeFromContinuingOperations": "8362000000", "comprehensiveIncomeNetOfTax": "None", "ebit": "9420000000", "ebitda": "9768000000", "netIncome": "8362000000"}, {"fiscalDateEnding": "2021-12-31", "reportedCurrency": "USD", "grossProfit": "15119000000", "totalRevenue": "17736000000", "costOfRevenue": "2617000000", "costofGoodsAndServicesSold": "2617000000", "operatingIncome": "13296000000", "sellingGeneralAndAdministrative": "567000000", "researchAndDevelopment": "1991000000", "operatingExpenses": "1823000000", "investmentIncomeNet": "None", "netInterestIncome": "18000000", "interestIncome": "18000000", "interestExpense": "18000000", "nonInterestIncome": "None", "otherNonOperatingIncome": "-11000000", "depreciation": "None", "depreciationAndAmortization": "232000000", "incomeBeforeTax": "13285000000", "incomeTaxExpense": "1083000000", "interestAndDebtExpense": "None", "netIncomeFromContinuingOperations": "12202000000", "comprehensiveIncomeNetOfTax": "None", "ebit": "13296000000", "ebitda": "13528000000", "netIncome": "12202000000"}, {"fiscalDateEnding": "2020-12-31", "reportedCurrency": "USD", "grossProfit": "266557000", "totalRevenue": "274490000", "costOfRevenue": "7933000", "costofGoodsAndServicesSold": "7933000", "operatingIncome": "-763144000", "sellingGeneralAndAdministrative": "188267000", "researchAndDevelopment": "1370339000", "operatingExpenses": "1029701000", "investmentIncomeNet": "None", "netInterestIncome": "14829000", "interestIncome": "24715000", "interestExpense": "9886000", "nonInterestIncome": "None", "otherNonOperatingIncome": "18631000", "depreciation": "None", "depreciationAndAmortization": "31251000", "incomeBeforeTax": "-744513000", "incomeTaxExpense": "2551000", "interestAndDebtExpense": "None", "netIncomeFromContinuingOperations": "-747064000", "comprehensiveIncomeNetOfTax": "None", "ebit": "-763144000", "ebitda": "-731893000", "netIncome": "-747064000"}, {"fiscalDateEnding": "2019-12-31", "reportedCurrency": "USD", "grossProfit": "48036000", "totalRevenue": "48036000", "costOfRevenue": "496309000", "costofGoodsAndServicesSold": "496309000", "operatingIncome": "-545720000", "sellingGeneralAndAdministrative": "109620000", "researchAndDevelopment": "496309000", "operatingExpenses": "593756000", "investmentIncomeNet": "None", "netInterestIncome": "31918000", "interestIncome": "38530000", "interestExpense": "6612000", "nonInterestIncome": "None", "otherNonOperatingIncome": "31004000", "depreciation": "None", "depreciationAndAmortization": "31021000", "incomeBeforeTax": "-514716000", "incomeTaxExpense": "-695000", "interestAndDebtExpense": "None", "netIncomeFromContinuingOperations": "-514021000", "comprehensiveIncomeNetOfTax": "None", "ebit": "-545720000", "ebitda": "-514699000", "netIncome": "-514021000"}, {"fiscalDateEnding": "2018-12-31", "reportedCurrency": "USD", "grossProfit": "-331570000", "totalRevenue": "122512000", "costOfRevenue": "454082000", "costofGoodsAndServicesSold": "454082000", "operatingIncome": "-413266000", "sellingGeneralAndAdministrative": "94252000", "researchAndDevelopment": "454082000", "operatingExpenses": "535778000", "investmentIncomeNet": "None", "netInterestIncome": "27023000", "interestIncome": "27023000", "interestExpense": "3096000", "nonInterestIncome": "None", "otherNonOperatingIncome": "28858000", "depreciation": "None", "depreciationAndAmortization": "24862000", "incomeBeforeTax": "-384408000", "incomeTaxExpense": "326000", "interestAndDebtExpense": "None", "netIncomeFromContinuingOperations": "-384734000", "comprehensiveIncomeNetOfTax": "None", "ebit": "-413266000", "ebitda": "-388404000", "netIncome": "-384734000"}, {"fiscalDateEnding": "2017-12-31", "reportedCurrency": "USD", "grossProfit": "156437000", "totalRevenue": "176974000", "costOfRevenue": "20537000", "costofGoodsAndServicesSold": "20537000", "operatingIncome": "-269356000", "sellingGeneralAndAdministrative": "64722000", "researchAndDevelopment": "410459000", "operatingExpenses": "446330000", "investmentIncomeNet": "None", "netInterestIncome": "15235000", "interestIncome": "15235000", "interestExpense": "132000", "nonInterestIncome": "None", "otherNonOperatingIncome": "None", "depreciation": "None", "depreciationAndAmortization": "20537000", "incomeBeforeTax": "-255996000", "incomeTaxExpense": "-80000", "interestAndDebtExpense": "None", "netIncomeFromContinuingOperations": "-255916000", "comprehensiveIncomeNetOfTax": "None", "ebit": "-255864000", "ebitda": "-235327000", "netIncome": "-255916000"}, {"fiscalDateEnding": "2016-12-31", "reportedCurrency": "USD", "grossProfit": "86422000", "totalRevenue": "101536000", "costOfRevenue": "15114000", "costofGoodsAndServicesSold": "15114000", "operatingIncome": "-223771000", "sellingGeneralAndAdministrative": "57450000", "researchAndDevelopment": "274717000", "operatingExpenses": "325307000", "investmentIncomeNet": "None", "netInterestIncome": "11312000", "interestIncome": "11312000", "interestExpense": "0", "nonInterestIncome": "None", "otherNonOperatingIncome": "None", "depreciation": "None", "depreciationAndAmortization": "15114000", "incomeBeforeTax": "-215168000", "incomeTaxExpense": "1043000", "interestAndDebtExpense": "None", "netIncomeFromContinuingOperations": "-216211000", "comprehensiveIncomeNetOfTax": "None", "ebit": "-223771000", "ebitda": "-208657000", "netIncome": "-216211000"}, {"fiscalDateEnding": "2015-12-31", "reportedCurrency": "USD", "grossProfit": "0", "totalRevenue": "0", "costOfRevenue": "0", "costofGoodsAndServicesSold": "0", "operatingIncome": "-1107578", "sellingGeneralAndAdministrative": "785261", "researchAndDevelopment": "322317", "operatingExpenses": "1107578", "investmentIncomeNet": "None", "netInterestIncome": "None", "interestIncome": "None", "interestExpense": "0", "nonInterestIncome": "None", "otherNonOperatingIncome": "None", "depreciation": "None", "depreciationAndAmortization": "None", "incomeBeforeTax": "-1106964", "incomeTaxExpense": "1600", "interestAndDebtExpense": "None", "netIncomeFromContinuingOperations": "-1108564", "comprehensiveIncomeNetOfTax": "None", "ebit": "-1107578", "ebitda": "None", "netIncome": "-1108564"}, {"fiscalDateEnding": "2014-12-31", "reportedCurrency": "USD", "grossProfit": "500000", "totalRevenue": "500000", "costOfRevenue": "0", "costofGoodsAndServicesSold": "0", "operatingIncome": "-3520000", "sellingGeneralAndAdministrative": "3334000", "researchAndDevelopment": "686000", "operatingExpenses": "0", "investmentIncomeNet": "None", "netInterestIncome": "None", "interestIncome": "None", "interestExpense": "0", "nonInterestIncome": "None", "otherNonOperatingIncome": "None", "depreciation": "None", "depreciationAndAmortization": "None", "incomeBeforeTax": "-6482000", "incomeTaxExpense": "0", "interestAndDebtExpense": "None", "netIncomeFromContinuingOperations": "-6477000", "comprehensiveIncomeNetOfTax": "None", "ebit": "-5476000", "ebitda": "None", "netIncome": "-6477000"}], "quarterlyReports": [{"fiscalDateEnding": "2024-12-31", "reportedCurrency": "USD", "grossProfit": "227000000", "totalRevenue": "966000000", "costOfRevenue": "739000000", "costofGoodsAndServicesSold": "739000000", "operatingIncome": "-1246000000", "sellingGeneralAndAdministrative": "351000000", "researchAndDevelopment": "1122000000", "operatingExpenses": "1473000000", "investmentIncomeNet": "None", "netInterestIncome": "85000000", "interestIncome": "91000000", "interestExpense": "6000000", "nonInterestIncome": "None", "otherNonOperatingIncome": "None", "depreciation": "None", "depreciationAndAmortization": "60000000", "incomeBeforeTax": "-1184000000", "incomeTaxExpense": "-64000000", "interestAndDebtExpense": "None", "netIncomeFromContinuingOperations": "-1120000000", "comprehensiveIncomeNetOfTax": "None", "ebit": "-1178000000", "ebitda": "-1118000000", "netIncome": "-1120000000"}, {"fiscalDateEnding": "2024-09-30", "reportedCurrency": "USD", "grossProfit": "1341000000", "totalRevenue": "1855000000", "costOfRevenue": "514000000", "costofGoodsAndServicesSold": "514000000", "operatingIncome": "-70000000", "sellingGeneralAndAdministrative": "281000000", "researchAndDevelopment": "1137000000", "operatingExpenses": "1411000000", "investmentIncomeNet": "None", "netInterestIncome": "97000000", "interestIncome": "103000000", "interestExpense": "6000000", "nonInterestIncome": "None", "otherNonOperatingIncome": "None", "depreciation": "None", "depreciationAndAmortization": "52000000", "incomeBeforeTax": "21000000", "incomeTaxExpense": "8000000", "interestAndDebtExpense": "None", "netIncomeFromContinuingOperations": "13000000", "comprehensiveIncomeNetOfTax": "None", "ebit": "27000000", "ebitda": "79000000", "netIncome": "13000000"}, {"fiscalDateEnding": "2024-06-30", "reportedCurrency": "USD", "grossProfit": "85000000", "totalRevenue": "241000000", "costOfRevenue": "156000000", "costofGoodsAndServicesSold": "156000000", "operatingIncome": "-1363000000", "sellingGeneralAndAdministrative": "268000000", "researchAndDevelopment": "1180000000", "operatingExpenses": "1448000000", "investmentIncomeNet": "None", "netInterestIncome": "105000000", "interestIncome": "111000000", "interestExpense": "6000000", "nonInterestIncome": "None", "otherNonOperatingIncome": "None", "depreciation": "None", "depreciationAndAmortization": "41000000", "incomeBeforeTax": "-1279000000", "incomeTaxExpense": "None", "interestAndDebtExpense": "None", "netIncomeFromContinuingOperations": "-1279000000", "comprehensiveIncomeNetOfTax": "None", "ebit": "-1273000000", "ebitda": "-1232000000", "netIncome": "-1279000000"}, {"fiscalDateEnding": "2024-03-31", "reportedCurrency": "USD", "grossProfit": "35000000", "totalRevenue": "167000000", "costOfRevenue": "132000000", "costofGoodsAndServicesSold": "132000000", "operatingIncome": "-1266000000", "sellingGeneralAndAdministrative": "274000000", "researchAndDevelopment": "1027000000", "operatingExpenses": "1301000000", "investmentIncomeNet": "None", "netInterestIncome": "114000000", "interestIncome": "120000000", "interestExpense": "6000000", "nonInterestIncome": "None", "otherNonOperatingIncome": "None", "depreciation": "None", "depreciationAndAmortization": "36000000", "incomeBeforeTax": "-1165000000", "incomeTaxExpense": "10000000", "interestAndDebtExpense": "None", "netIncomeFromContinuingOperations": "-1175000000", "comprehensiveIncomeNetOfTax": "None", "ebit": "-1159000000", "ebitda": "-1123000000", "netIncome": "-1175000000"}, {"fiscalDateEnding": "2023-12-31", "reportedCurrency": "USD", "grossProfit": "1884000000", "totalRevenue": "2813000000", "costOfRevenue": "929000000", "costofGoodsAndServicesSold": "929000000", "operatingIncome": "6000000", "sellingGeneralAndAdministrative": "266000000", "researchAndDevelopment": "1406000000", "operatingExpenses": "1878000000", "investmentIncomeNet": "None", "netInterestIncome": "97000000", "interestIncome": "103000000", "interestExpense": "6000000", "nonInterestIncome": "None", "otherNonOperatingIncome": "None", "depreciation": "None", "depreciationAndAmortization": "202000000", "incomeBeforeTax": "70000000", "incomeTaxExpense": "-147000000", "interestAndDebtExpense": "None", "netIncomeFromContinuingOperations": "217000000", "comprehensiveIncomeNetOfTax": "None", "ebit": "6000000", "ebitda": "208000000", "netIncome": "217000000"}, {"fiscalDateEnding": "2023-09-30", "reportedCurrency": "USD", "grossProfit": "-410000000", "totalRevenue": "1831000000", "costOfRevenue": "2241000000", "costofGoodsAndServicesSold": "2241000000", "operatingIncome": "-2012000000", "sellingGeneralAndAdministrative": "442000000", "researchAndDevelopment": "1160000000", "operatingExpenses": "1602000000", "investmentIncomeNet": "None", "netInterestIncome": "105000000", "interestIncome": "105000000", "interestExpense": "10000000", "nonInterestIncome": "None", "otherNonOperatingIncome": "None", "depreciation": "None", "depreciationAndAmortization": "249000000", "incomeBeforeTax": "-1958000000", "incomeTaxExpense": "1672000000", "interestAndDebtExpense": "None", "netIncomeFromContinuingOperations": "-3630000000", "comprehensiveIncomeNetOfTax": "None", "ebit": "-1948000000", "ebitda": "-1699000000", "netIncome": "-3630000000"}, {"fiscalDateEnding": "2023-06-30", "reportedCurrency": "USD", "grossProfit": "-387000000", "totalRevenue": "344000000", "costOfRevenue": "731000000", "costofGoodsAndServicesSold": "731000000", "operatingIncome": "-1867000000", "sellingGeneralAndAdministrative": "332000000", "researchAndDevelopment": "1148000000", "operatingExpenses": "1480000000", "investmentIncomeNet": "None", "netInterestIncome": "104000000", "interestIncome": "104000000", "interestExpense": "13000000", "nonInterestIncome": "None", "otherNonOperatingIncome": "118000000", "depreciation": "None", "depreciationAndAmortization": "90000000", "incomeBeforeTax": "-1749000000", "incomeTaxExpense": "-369000000", "interestAndDebtExpense": "None", "netIncomeFromContinuingOperations": "-1380000000", "comprehensiveIncomeNetOfTax": "None", "ebit": "-1736000000", "ebitda": "-1646000000", "netIncome": "-1380000000"}, {"fiscalDateEnding": "2023-03-31", "reportedCurrency": "USD", "grossProfit": "1046000000", "totalRevenue": "1838000000", "costOfRevenue": "792000000", "costofGoodsAndServicesSold": "792000000", "operatingIncome": "-366000000", "sellingGeneralAndAdministrative": "305000000", "researchAndDevelopment": "1131000000", "operatingExpenses": "1412000000", "investmentIncomeNet": "None", "netInterestIncome": "109000000", "interestIncome": "109000000", "interestExpense": "9000000", "nonInterestIncome": "None", "otherNonOperatingIncome": "61000000", "depreciation": "None", "depreciationAndAmortization": "78000000", "incomeBeforeTax": "-305000000", "incomeTaxExpense": "-384000000", "interestAndDebtExpense": "None", "netIncomeFromContinuingOperations": "79000000", "comprehensiveIncomeNetOfTax": "None", "ebit": "-296000000", "ebitda": "-218000000", "netIncome": "79000000"}, {"fiscalDateEnding": "2022-12-31", "reportedCurrency": "USD", "grossProfit": "3166000000", "totalRevenue": "5084000000", "costOfRevenue": "1918000000", "costofGoodsAndServicesSold": "1918000000", "operatingIncome": "1580000000", "sellingGeneralAndAdministrative": "254000000", "researchAndDevelopment": "1211000000", "operatingExpenses": "1586000000", "investmentIncomeNet": "None", "netInterestIncome": "87000000", "interestIncome": "87000000", "interestExpense": "10000000", "nonInterestIncome": "None", "otherNonOperatingIncome": "75000000", "depreciation": "None", "depreciationAndAmortization": "80000000", "incomeBeforeTax": "1655000000", "incomeTaxExpense": "190000000", "interestAndDebtExpense": "None", "netIncomeFromContinuingOperations": "1465000000", "comprehensiveIncomeNetOfTax": "None", "ebit": "1580000000", "ebitda": "1660000000", "netIncome": "1465000000"}, {"fiscalDateEnding": "2022-09-30", "reportedCurrency": "USD", "grossProfit": "2120000000", "totalRevenue": "3220000000", "costOfRevenue": "1100000000", "costofGoodsAndServicesSold": "1100000000", "operatingIncome": "1166000000", "sellingGeneralAndAdministrative": "278000000", "researchAndDevelopment": "820000000", "operatingExpenses": "954000000", "investmentIncomeNet": "None", "netInterestIncome": "50000000", "interestIncome": "58000000", "interestExpense": "8000000", "nonInterestIncome": "None", "otherNonOperatingIncome": "51000000", "depreciation": "None", "depreciationAndAmortization": "113000000", "incomeBeforeTax": "1217000000", "incomeTaxExpense": "174000000", "interestAndDebtExpense": "None", "netIncomeFromContinuingOperations": "1043000000", "comprehensiveIncomeNetOfTax": "None", "ebit": "1166000000", "ebitda": "1279000000", "netIncome": "1043000000"}, {"fiscalDateEnding": "2022-06-30", "reportedCurrency": "USD", "grossProfit": "3185000000", "totalRevenue": "4566000000", "costOfRevenue": "1381000000", "costofGoodsAndServicesSold": "1381000000", "operatingIncome": "2447000000", "sellingGeneralAndAdministrative": "211000000", "researchAndDevelopment": "710000000", "operatingExpenses": "738000000", "investmentIncomeNet": "None", "netInterestIncome": "40000000", "interestIncome": "40000000", "interestExpense": "5000000", "nonInterestIncome": "None", "otherNonOperatingIncome": "27000000", "depreciation": "None", "depreciationAndAmortization": "76000000", "incomeBeforeTax": "2474000000", "incomeTaxExpense": "277000000", "interestAndDebtExpense": "None", "netIncomeFromContinuingOperations": "2197000000", "comprehensiveIncomeNetOfTax": "None", "ebit": "2447000000", "ebitda": "2523000000", "netIncome": "2197000000"}, {"fiscalDateEnding": "2022-03-31", "reportedCurrency": "USD", "grossProfit": "4923000000", "totalRevenue": "5940000000", "costOfRevenue": "1017000000", "costofGoodsAndServicesSold": "1017000000", "operatingIncome": "4227000000", "sellingGeneralAndAdministrative": "268000000", "researchAndDevelopment": "554000000", "operatingExpenses": "696000000", "investmentIncomeNet": "None", "netInterestIncome": "9000000", "interestIncome": "15000000", "interestExpense": "6000000", "nonInterestIncome": "None", "otherNonOperatingIncome": "2000000", "depreciation": "None", "depreciationAndAmortization": "79000000", "incomeBeforeTax": "4229000000", "incomeTaxExpense": "572000000", "interestAndDebtExpense": "None", "netIncomeFromContinuingOperations": "3657000000", "comprehensiveIncomeNetOfTax": "None", "ebit": "4227000000", "ebitda": "4306000000", "netIncome": "3657000000"}, {"fiscalDateEnding": "2021-12-31", "reportedCurrency": "USD", "grossProfit": "5997000000", "totalRevenue": "6949000000", "costOfRevenue": "952000000", "costofGoodsAndServicesSold": "952000000", "operatingIncome": "5410000000", "sellingGeneralAndAdministrative": "201000000", "researchAndDevelopment": "648000000", "operatingExpenses": "587000000", "investmentIncomeNet": "None", "netInterestIncome": "1000000", "interestIncome": "7000000", "interestExpense": "6000000", "nonInterestIncome": "None", "otherNonOperatingIncome": "None", "depreciation": "None", "depreciationAndAmortization": "78000000", "incomeBeforeTax": "5410000000", "incomeTaxExpense": "542000000", "interestAndDebtExpense": "None", "netIncomeFromContinuingOperations": "4868000000", "comprehensiveIncomeNetOfTax": "None", "ebit": "5410000000", "ebitda": "5488000000", "netIncome": "4868000000"}, {"fiscalDateEnding": "2021-09-30", "reportedCurrency": "USD", "grossProfit": "4107000000", "totalRevenue": "4829000000", "costOfRevenue": "722000000", "costofGoodsAndServicesSold": "722000000", "operatingIncome": "3558000000", "sellingGeneralAndAdministrative": "168000000", "researchAndDevelopment": "521000000", "operatingExpenses": "549000000", "investmentIncomeNet": "None", "netInterestIncome": "0", "interestIncome": "4000000", "interestExpense": "4000000", "nonInterestIncome": "None", "otherNonOperatingIncome": "-6000000", "depreciation": "None", "depreciationAndAmortization": "70000000", "incomeBeforeTax": "3552000000", "incomeTaxExpense": "219000000", "interestAndDebtExpense": "None", "netIncomeFromContinuingOperations": "3333000000", "comprehensiveIncomeNetOfTax": "None", "ebit": "3556000000", "ebitda": "3626000000", "netIncome": "3333000000"}, {"fiscalDateEnding": "2021-06-30", "reportedCurrency": "USD", "grossProfit": "3465000000", "totalRevenue": "4215000000", "costOfRevenue": "750000000", "costofGoodsAndServicesSold": "750000000", "operatingIncome": "3062000000", "sellingGeneralAndAdministrative": "121000000", "researchAndDevelopment": "421000000", "operatingExpenses": "403000000", "investmentIncomeNet": "None", "netInterestIncome": "-2000000", "interestIncome": "3000000", "interestExpense": "5000000", "nonInterestIncome": "None", "otherNonOperatingIncome": "1000000", "depreciation": "None", "depreciationAndAmortization": "69000000", "incomeBeforeTax": "3063000000", "incomeTaxExpense": "283000000", "interestAndDebtExpense": "None", "netIncomeFromContinuingOperations": "2780000000", "comprehensiveIncomeNetOfTax": "None", "ebit": "3068000000", "ebitda": "3137000000", "netIncome": "2780000000"}, {"fiscalDateEnding": "2021-03-31", "reportedCurrency": "USD", "grossProfit": "1550000000", "totalRevenue": "1743000000", "costOfRevenue": "193000000", "costofGoodsAndServicesSold": "193000000", "operatingIncome": "1266000000", "sellingGeneralAndAdministrative": "77000000", "researchAndDevelopment": "401000000", "operatingExpenses": "284000000", "investmentIncomeNet": "None", "netInterestIncome": "1000000", "interestIncome": "4000000", "interestExpense": "3000000", "nonInterestIncome": "None", "otherNonOperatingIncome": "-6000000", "depreciation": "None", "depreciationAndAmortization": "15000000", "incomeBeforeTax": "1260000000", "incomeTaxExpense": "39000000", "interestAndDebtExpense": "None", "netIncomeFromContinuingOperations": "1221000000", "comprehensiveIncomeNetOfTax": "None", "ebit": "1263000000", "ebitda": "1278000000", "netIncome": "1221000000"}, {"fiscalDateEnding": "2020-12-31", "reportedCurrency": "USD", "grossProfit": "221442000", "totalRevenue": "229375000", "costOfRevenue": "7933000", "costofGoodsAndServicesSold": "7933000", "operatingIncome": "-275038000", "sellingGeneralAndAdministrative": "78990000", "researchAndDevelopment": "758860000", "operatingExpenses": "496480000", "investmentIncomeNet": "None", "netInterestIncome": "692000", "interestIncome": "4200000", "interestExpense": "3508000", "nonInterestIncome": "None", "otherNonOperatingIncome": "4026000", "depreciation": "None", "depreciationAndAmortization": "7706000", "incomeBeforeTax": "-271012000", "incomeTaxExpense": "1473000", "interestAndDebtExpense": "None", "netIncomeFromContinuingOperations": "-272485000", "comprehensiveIncomeNetOfTax": "None", "ebit": "-267504000", "ebitda": "-259798000", "netIncome": "-272485000"}, {"fiscalDateEnding": "2020-09-30", "reportedCurrency": "USD", "grossProfit": "-331784000", "totalRevenue": "12216000", "costOfRevenue": "344000000", "costofGoodsAndServicesSold": "344000000", "operatingIncome": "-235117000", "sellingGeneralAndAdministrative": "48541000", "researchAndDevelopment": "344486000", "operatingExpenses": "247333000", "investmentIncomeNet": "None", "netInterestIncome": "2737000", "interestIncome": "5571000", "interestExpense": "2834000", "nonInterestIncome": "None", "otherNonOperatingIncome": "2345000", "depreciation": "None", "depreciationAndAmortization": "8500000", "incomeBeforeTax": "-232772000", "incomeTaxExpense": "864000", "interestAndDebtExpense": "None", "netIncomeFromContinuingOperations": "-233636000", "comprehensiveIncomeNetOfTax": "None", "ebit": "-229938000", "ebitda": "-221438000", "netIncome": "-233636000"}, {"fiscalDateEnding": "2020-06-30", "reportedCurrency": "USD", "grossProfit": "-123558000", "totalRevenue": "28442000", "costOfRevenue": "152000000", "costofGoodsAndServicesSold": "152000000", "operatingIncome": "-122127000", "sellingGeneralAndAdministrative": "36622000", "researchAndDevelopment": "151856000", "operatingExpenses": "150569000", "investmentIncomeNet": "None", "netInterestIncome": "5214000", "interestIncome": "7092000", "interestExpense": "1878000", "nonInterestIncome": "None", "otherNonOperatingIncome": "5562000", "depreciation": "None", "depreciationAndAmortization": "7596000", "incomeBeforeTax": "-116565000", "incomeTaxExpense": "148000", "interestAndDebtExpense": "None", "netIncomeFromContinuingOperations": "-116713000", "comprehensiveIncomeNetOfTax": "None", "ebit": "-114683000", "ebitda": "-107087000", "netIncome": "-116713000"}, {"fiscalDateEnding": "2020-03-31", "reportedCurrency": "USD", "grossProfit": "-110543000", "totalRevenue": "4457000", "costOfRevenue": "115000000", "costofGoodsAndServicesSold": "115000000", "operatingIncome": "-130862000", "sellingGeneralAndAdministrative": "24114000", "researchAndDevelopment": "115137000", "operatingExpenses": "135319000", "investmentIncomeNet": "None", "netInterestIncome": "6186000", "interestIncome": "7852000", "interestExpense": "1666000", "nonInterestIncome": "None", "otherNonOperatingIncome": "6698000", "depreciation": "None", "depreciationAndAmortization": "7449000", "incomeBeforeTax": "-124164000", "incomeTaxExpense": "66000", "interestAndDebtExpense": "None", "netIncomeFromContinuingOperations": "-124230000", "comprehensiveIncomeNetOfTax": "None", "ebit": "-122498000", "ebitda": "-115049000", "netIncome": "-124230000"}, {"fiscalDateEnding": "2019-12-31", "reportedCurrency": "USD", "grossProfit": "-107401000", "totalRevenue": "10553000", "costOfRevenue": "117954000", "costofGoodsAndServicesSold": "117954000", "operatingIncome": "-130556000", "sellingGeneralAndAdministrative": "25857000", "researchAndDevelopment": "118754000", "operatingExpenses": "141109000", "investmentIncomeNet": "None", "netInterestIncome": "5989000", "interestIncome": "7984000", "interestExpense": "1995000", "nonInterestIncome": "None", "otherNonOperatingIncome": "None", "depreciation": "None", "depreciationAndAmortization": "8939000", "incomeBeforeTax": "-124409000", "incomeTaxExpense": "-169000", "interestAndDebtExpense": "None", "netIncomeFromContinuingOperations": "-123116000", "comprehensiveIncomeNetOfTax": "None", "ebit": "-122414000", "ebitda": "-113475000", "netIncome": "-124240000"}, {"fiscalDateEnding": "2019-09-30", "reportedCurrency": "USD", "grossProfit": "-106299000", "totalRevenue": "13338000", "costOfRevenue": "119637000", "costofGoodsAndServicesSold": "119637000", "operatingIncome": "-130857000", "sellingGeneralAndAdministrative": "28188000", "researchAndDevelopment": "119715000", "operatingExpenses": "144195000", "investmentIncomeNet": "None", "netInterestIncome": "7709000", "interestIncome": "9252000", "interestExpense": "1543000", "nonInterestIncome": "None", "otherNonOperatingIncome": "7485000", "depreciation": "None", "depreciationAndAmortization": "7265000", "incomeBeforeTax": "-123372000", "incomeTaxExpense": "-178000", "interestAndDebtExpense": "None", "netIncomeFromContinuingOperations": "-123194000", "comprehensiveIncomeNetOfTax": "None", "ebit": "-121794000", "ebitda": "-114529000", "netIncome": "-123194000"}, {"fiscalDateEnding": "2019-06-30", "reportedCurrency": "USD", "grossProfit": "-118275000", "totalRevenue": "10030000", "costOfRevenue": "128305000", "costofGoodsAndServicesSold": "128305000", "operatingIncome": "-143936000", "sellingGeneralAndAdministrative": "28523000", "researchAndDevelopment": "128496000", "operatingExpenses": "153966000", "investmentIncomeNet": "None", "netInterestIncome": "8781000", "interestIncome": "10322000", "interestExpense": "1541000", "nonInterestIncome": "None", "otherNonOperatingIncome": "8558000", "depreciation": "None", "depreciationAndAmortization": "7489000", "incomeBeforeTax": "-135378000", "incomeTaxExpense": "-324000", "interestAndDebtExpense": "None", "netIncomeFromContinuingOperations": "-135054000", "comprehensiveIncomeNetOfTax": "None", "ebit": "-133826000", "ebitda": "-126337000", "netIncome": "-135054000"}, {"fiscalDateEnding": "2019-03-31", "reportedCurrency": "USD", "grossProfit": "-116298000", "totalRevenue": "14115000", "costOfRevenue": "130413000", "costofGoodsAndServicesSold": "130413000", "operatingIncome": "-141833000", "sellingGeneralAndAdministrative": "27283000", "researchAndDevelopment": "130575000", "operatingExpenses": "155948000", "investmentIncomeNet": "None", "netInterestIncome": "9439000", "interestIncome": "9436000", "interestExpense": "1533000", "nonInterestIncome": "None", "otherNonOperatingIncome": "9152000", "depreciation": "None", "depreciationAndAmortization": "7328000", "incomeBeforeTax": "-131148000", "incomeTaxExpense": "-24000", "interestAndDebtExpense": "None", "netIncomeFromContinuingOperations": "-132657000", "comprehensiveIncomeNetOfTax": "None", "ebit": "-131148000", "ebitda": "-123820000", "netIncome": "-131124000"}, {"fiscalDateEnding": "2018-12-31", "reportedCurrency": "USD", "grossProfit": "-117613000", "totalRevenue": "32816000", "costOfRevenue": "150429000", "costofGoodsAndServicesSold": "150429000", "operatingIncome": "-153031000", "sellingGeneralAndAdministrative": "38023000", "researchAndDevelopment": "150429000", "operatingExpenses": "185847000", "investmentIncomeNet": "None", "netInterestIncome": "None", "interestIncome": "None", "interestExpense": "1571000", "nonInterestIncome": "None", "otherNonOperatingIncome": "None", "depreciation": "None", "depreciationAndAmortization": "7350000", "incomeBeforeTax": "-141258000", "incomeTaxExpense": "168000", "interestAndDebtExpense": "None", "netIncomeFromContinuingOperations": "-141426000", "comprehensiveIncomeNetOfTax": "None", "ebit": "-153031000", "ebitda": "-145681000", "netIncome": "-141426000"}, {"fiscalDateEnding": "2018-09-30", "reportedCurrency": "USD", "grossProfit": "-72388000", "totalRevenue": "36662000", "costOfRevenue": "109050000", "costofGoodsAndServicesSold": "109050000", "operatingIncome": "-85818000", "sellingGeneralAndAdministrative": "18525000", "researchAndDevelopment": "109050000", "operatingExpenses": "122480000", "investmentIncomeNet": "None", "netInterestIncome": "None", "interestIncome": "None", "interestExpense": "1519000", "nonInterestIncome": "None", "otherNonOperatingIncome": "None", "depreciation": "None", "depreciationAndAmortization": "6481000", "incomeBeforeTax": "-80331000", "incomeTaxExpense": "1235000", "interestAndDebtExpense": "None", "netIncomeFromContinuingOperations": "-80331000", "comprehensiveIncomeNetOfTax": "None", "ebit": "-80331000", "ebitda": "-73850000", "netIncome": "-80331000"}, {"fiscalDateEnding": "2018-06-30", "reportedCurrency": "USD", "grossProfit": "-78648000", "totalRevenue": "25831000", "costOfRevenue": "104479000", "costofGoodsAndServicesSold": "104479000", "operatingIncome": "-97015000", "sellingGeneralAndAdministrative": "21387000", "researchAndDevelopment": "104479000", "operatingExpenses": "122846000", "investmentIncomeNet": "None", "netInterestIncome": "None", "interestIncome": "None", "interestExpense": "25000", "nonInterestIncome": "None", "otherNonOperatingIncome": "None", "depreciation": "None", "depreciationAndAmortization": "5878000", "incomeBeforeTax": "-90443000", "incomeTaxExpense": "158000", "interestAndDebtExpense": "None", "netIncomeFromContinuingOperations": "-81488500", "comprehensiveIncomeNetOfTax": "None", "ebit": "-90470000", "ebitda": "-84592000", "netIncome": "-90601000"}, {"fiscalDateEnding": "2018-03-31", "reportedCurrency": "USD", "grossProfit": "-62664000", "totalRevenue": "27460000", "costOfRevenue": "90124000", "costofGoodsAndServicesSold": "90124000", "operatingIncome": "-77402000", "sellingGeneralAndAdministrative": "16317000", "researchAndDevelopment": "90124000", "operatingExpenses": "104862000", "investmentIncomeNet": "None", "netInterestIncome": "None", "interestIncome": "None", "interestExpense": "27000", "nonInterestIncome": "None", "otherNonOperatingIncome": "None", "depreciation": "None", "depreciationAndAmortization": "5153000", "incomeBeforeTax": "-72376000", "incomeTaxExpense": "-187000", "interestAndDebtExpense": "None", "netIncomeFromContinuingOperations": "-72376000", "comprehensiveIncomeNetOfTax": "None", "ebit": "-72349000", "ebitda": "-67196000", "netIncome": "-72376000"}, {"fiscalDateEnding": "2017-12-31", "reportedCurrency": "USD", "grossProfit": "-29411000", "totalRevenue": "88416000", "costOfRevenue": "117827000", "costofGoodsAndServicesSold": "117827000", "operatingIncome": "-41828000", "sellingGeneralAndAdministrative": "15905000", "researchAndDevelopment": "117827000", "operatingExpenses": "130244000", "investmentIncomeNet": "None", "netInterestIncome": "None", "interestIncome": "None", "interestExpense": "488500", "nonInterestIncome": "None", "otherNonOperatingIncome": "None", "depreciation": "None", "depreciationAndAmortization": "5915000", "incomeBeforeTax": "-38115000", "incomeTaxExpense": "-171000", "interestAndDebtExpense": "None", "netIncomeFromContinuingOperations": "-191133000", "comprehensiveIncomeNetOfTax": "None", "ebit": "-41828000", "ebitda": "-35913000", "netIncome": "-37944000"}, {"fiscalDateEnding": "2017-09-30", "reportedCurrency": "USD", "grossProfit": "-51140000", "totalRevenue": "42473000", "costOfRevenue": "93613000", "costofGoodsAndServicesSold": "93613000", "operatingIncome": "-67870000", "sellingGeneralAndAdministrative": "16730000", "researchAndDevelopment": "93613000", "operatingExpenses": "17726000", "investmentIncomeNet": "None", "netInterestIncome": "None", "interestIncome": "None", "interestExpense": "297532", "nonInterestIncome": "None", "otherNonOperatingIncome": "None", "depreciation": "None", "depreciationAndAmortization": "5130000", "incomeBeforeTax": "-64785000", "incomeTaxExpense": "2000", "interestAndDebtExpense": "None", "netIncomeFromContinuingOperations": "-64694585", "comprehensiveIncomeNetOfTax": "None", "ebit": "-67870000", "ebitda": "-62740000", "netIncome": "-68264000"}, {"fiscalDateEnding": "2017-06-30", "reportedCurrency": "USD", "grossProfit": "-63785500", "totalRevenue": "35724000", "costOfRevenue": "99509500", "costofGoodsAndServicesSold": "99509500", "operatingIncome": "-79829000", "sellingGeneralAndAdministrative": "16043500", "researchAndDevelopment": "99509500", "operatingExpenses": "16397000", "investmentIncomeNet": "None", "netInterestIncome": "None", "interestIncome": "None", "interestExpense": "7685", "nonInterestIncome": "None", "otherNonOperatingIncome": "None", "depreciation": "None", "depreciationAndAmortization": "4746000", "incomeBeforeTax": "-76548000", "incomeTaxExpense": "46500", "interestAndDebtExpense": "None", "netIncomeFromContinuingOperations": "994363", "comprehensiveIncomeNetOfTax": "None", "ebit": "-79829000", "ebitda": "-75083000", "netIncome": "-80075500"}, {"fiscalDateEnding": "2017-03-31", "reportedCurrency": "USD", "grossProfit": "-63785500", "totalRevenue": "35724000", "costOfRevenue": "99509500", "costofGoodsAndServicesSold": "99509500", "operatingIncome": "-79829000", "sellingGeneralAndAdministrative": "16043500", "researchAndDevelopment": "99509500", "operatingExpenses": "16397000", "investmentIncomeNet": "None", "netInterestIncome": "None", "interestIncome": "None", "interestExpense": "11653", "nonInterestIncome": "None", "otherNonOperatingIncome": "None", "depreciation": "None", "depreciationAndAmortization": "4746000", "incomeBeforeTax": "-76548000", "incomeTaxExpense": "46500", "interestAndDebtExpense": "None", "netIncomeFromContinuingOperations": "-1082778", "comprehensiveIncomeNetOfTax": "None", "ebit": "-79829000", "ebitda": "-75083000", "netIncome": "-80075500"}, {"fiscalDateEnding": "2016-12-31", "reportedCurrency": "USD", "grossProfit": "-166321000", "totalRevenue": "108396000", "costOfRevenue": "317053000", "costofGoodsAndServicesSold": "317053000", "operatingIncome": "-223771000", "sellingGeneralAndAdministrative": "57450000", "researchAndDevelopment": "274717000", "operatingExpenses": "332167000", "investmentIncomeNet": "None", "netInterestIncome": "None", "interestIncome": "None", "interestExpense": "310000", "nonInterestIncome": "None", "otherNonOperatingIncome": "None", "depreciation": "None", "depreciationAndAmortization": "None", "incomeBeforeTax": "-215168000", "incomeTaxExpense": "1043000", "interestAndDebtExpense": "None", "netIncomeFromContinuingOperations": "-216211000", "comprehensiveIncomeNetOfTax": "None", "ebit": "-223771000", "ebitda": "None", "netIncome": "-216211000"}]}