{"symbol": "VLO", "annualReports": [{"fiscalDateEnding": "2024-12-31", "reportedCurrency": "USD", "grossProfit": "4760000000", "totalRevenue": "129881000000", "costOfRevenue": "125121000000", "costofGoodsAndServicesSold": "125121000000", "operatingIncome": "3755000000", "sellingGeneralAndAdministrative": "961000000", "researchAndDevelopment": "None", "operatingExpenses": "1005000000", "investmentIncomeNet": "None", "netInterestIncome": "-556000000", "interestIncome": "None", "interestExpense": "556000000", "nonInterestIncome": "None", "otherNonOperatingIncome": "None", "depreciation": "None", "depreciationAndAmortization": "2774000000", "incomeBeforeTax": "3698000000", "incomeTaxExpense": "692000000", "interestAndDebtExpense": "None", "netIncomeFromContinuingOperations": "3006000000", "comprehensiveIncomeNetOfTax": "None", "ebit": "4254000000", "ebitda": "7028000000", "netIncome": "2770000000"}, {"fiscalDateEnding": "2023-12-31", "reportedCurrency": "USD", "grossProfit": "12899000000", "totalRevenue": "144766000000", "costOfRevenue": "131867000000", "costofGoodsAndServicesSold": "131867000000", "operatingIncome": "11858000000", "sellingGeneralAndAdministrative": "998000000", "researchAndDevelopment": "None", "operatingExpenses": "1031000000", "investmentIncomeNet": "None", "netInterestIncome": "-209000000", "interestIncome": "371000000", "interestExpense": "592000000", "nonInterestIncome": "None", "otherNonOperatingIncome": "None", "depreciation": "None", "depreciationAndAmortization": "2701000000", "incomeBeforeTax": "11768000000", "incomeTaxExpense": "2619000000", "interestAndDebtExpense": "None", "netIncomeFromContinuingOperations": "11163000000", "comprehensiveIncomeNetOfTax": "None", "ebit": "11958000000", "ebitda": "14659000000", "netIncome": "8835000000"}, {"fiscalDateEnding": "2022-12-31", "reportedCurrency": "USD", "grossProfit": "16751000000", "totalRevenue": "176383000000", "costOfRevenue": "159632000000", "costofGoodsAndServicesSold": "159632000000", "operatingIncome": "15690000000", "sellingGeneralAndAdministrative": "934000000", "researchAndDevelopment": "None", "operatingExpenses": "1000000000", "investmentIncomeNet": "None", "netInterestIncome": "-562000000", "interestIncome": "562000000", "interestExpense": "562000000", "nonInterestIncome": "None", "otherNonOperatingIncome": "179000000", "depreciation": "None", "depreciationAndAmortization": "2473000000", "incomeBeforeTax": "15307000000", "incomeTaxExpense": "3428000000", "interestAndDebtExpense": "None", "netIncomeFromContinuingOperations": "11879000000", "comprehensiveIncomeNetOfTax": "None", "ebit": "15869000000", "ebitda": "18342000000", "netIncome": "11528000000"}, {"fiscalDateEnding": "2021-12-31", "reportedCurrency": "USD", "grossProfit": "3082000000", "totalRevenue": "113977000000", "costOfRevenue": "110895000000", "costofGoodsAndServicesSold": "110895000000", "operatingIncome": "2130000000", "sellingGeneralAndAdministrative": "865000000", "researchAndDevelopment": "None", "operatingExpenses": "952000000", "investmentIncomeNet": "None", "netInterestIncome": "-603000000", "interestIncome": "603000000", "interestExpense": "603000000", "nonInterestIncome": "None", "otherNonOperatingIncome": "16000000", "depreciation": "None", "depreciationAndAmortization": "2405000000", "incomeBeforeTax": "1543000000", "incomeTaxExpense": "255000000", "interestAndDebtExpense": "None", "netIncomeFromContinuingOperations": "1288000000", "comprehensiveIncomeNetOfTax": "None", "ebit": "2146000000", "ebitda": "4551000000", "netIncome": "1288000000"}, {"fiscalDateEnding": "2020-12-31", "reportedCurrency": "USD", "grossProfit": "-788000000", "totalRevenue": "64912000000", "costOfRevenue": "65700000000", "costofGoodsAndServicesSold": "65700000000", "operatingIncome": "-1579000000", "sellingGeneralAndAdministrative": "756000000", "researchAndDevelopment": "None", "operatingExpenses": "791000000", "investmentIncomeNet": "None", "netInterestIncome": "-563000000", "interestIncome": "563000000", "interestExpense": "563000000", "nonInterestIncome": "None", "otherNonOperatingIncome": "132000000", "depreciation": "None", "depreciationAndAmortization": "2351000000", "incomeBeforeTax": "-2010000000", "incomeTaxExpense": "-903000000", "interestAndDebtExpense": "None", "netIncomeFromContinuingOperations": "-1107000000", "comprehensiveIncomeNetOfTax": "None", "ebit": "-1447000000", "ebitda": "904000000", "netIncome": "-1107000000"}, {"fiscalDateEnding": "2019-12-31", "reportedCurrency": "USD", "grossProfit": "4725000000", "totalRevenue": "108324000000", "costOfRevenue": "103599000000", "costofGoodsAndServicesSold": "103599000000", "operatingIncome": "3836000000", "sellingGeneralAndAdministrative": "868000000", "researchAndDevelopment": "None", "operatingExpenses": "889000000", "investmentIncomeNet": "None", "netInterestIncome": "-454000000", "interestIncome": "379000000", "interestExpense": "454000000", "nonInterestIncome": "None", "otherNonOperatingIncome": "104000000", "depreciation": "None", "depreciationAndAmortization": "2255000000", "incomeBeforeTax": "3486000000", "incomeTaxExpense": "702000000", "interestAndDebtExpense": "None", "netIncomeFromContinuingOperations": "2784000000", "comprehensiveIncomeNetOfTax": "None", "ebit": "3883000000", "ebitda": "6138000000", "netIncome": "2422000000"}, {"fiscalDateEnding": "2018-12-31", "reportedCurrency": "USD", "grossProfit": "5542000000", "totalRevenue": "117033000000", "costOfRevenue": "111491000000", "costofGoodsAndServicesSold": "111491000000", "operatingIncome": "4572000000", "sellingGeneralAndAdministrative": "925000000", "researchAndDevelopment": "0", "operatingExpenses": "970000000", "investmentIncomeNet": "None", "netInterestIncome": "-470000000", "interestIncome": "470000000", "interestExpense": "470000000", "nonInterestIncome": "None", "otherNonOperatingIncome": "130000000", "depreciation": "None", "depreciationAndAmortization": "2069000000", "incomeBeforeTax": "4232000000", "incomeTaxExpense": "879000000", "interestAndDebtExpense": "None", "netIncomeFromContinuingOperations": "3353000000", "comprehensiveIncomeNetOfTax": "None", "ebit": "4600000000", "ebitda": "6669000000", "netIncome": "3122000000"}, {"fiscalDateEnding": "2017-12-31", "reportedCurrency": "USD", "grossProfit": "4495000000", "totalRevenue": "93980000000", "costOfRevenue": "89485000000", "costofGoodsAndServicesSold": "89485000000", "operatingIncome": "3599000000", "sellingGeneralAndAdministrative": "835000000", "researchAndDevelopment": "0", "operatingExpenses": "896000000", "investmentIncomeNet": "None", "netInterestIncome": "-468000000", "interestIncome": "468000000", "interestExpense": "468000000", "nonInterestIncome": "None", "otherNonOperatingIncome": "76000000", "depreciation": "None", "depreciationAndAmortization": "1986000000", "incomeBeforeTax": "3207000000", "incomeTaxExpense": "-949000000", "interestAndDebtExpense": "None", "netIncomeFromContinuingOperations": "4156000000", "comprehensiveIncomeNetOfTax": "None", "ebit": "3603000000", "ebitda": "5589000000", "netIncome": "4065000000"}, {"fiscalDateEnding": "2016-12-31", "reportedCurrency": "USD", "grossProfit": "4343000000", "totalRevenue": "75659000000", "costOfRevenue": "71316000000", "costofGoodsAndServicesSold": "71316000000", "operatingIncome": "3572000000", "sellingGeneralAndAdministrative": "715000000", "researchAndDevelopment": "0", "operatingExpenses": "715000000", "investmentIncomeNet": "None", "netInterestIncome": "-446000000", "interestIncome": "446000000", "interestExpense": "446000000", "nonInterestIncome": "None", "otherNonOperatingIncome": "56000000", "depreciation": "None", "depreciationAndAmortization": "1894000000", "incomeBeforeTax": "3182000000", "incomeTaxExpense": "765000000", "interestAndDebtExpense": "None", "netIncomeFromContinuingOperations": "2417000000", "comprehensiveIncomeNetOfTax": "None", "ebit": "3621000000", "ebitda": "5515000000", "netIncome": "2289000000"}, {"fiscalDateEnding": "2015-12-31", "reportedCurrency": "USD", "grossProfit": "7068000000", "totalRevenue": "87804000000", "costOfRevenue": "80736000000", "costofGoodsAndServicesSold": "80736000000", "operatingIncome": "6358000000", "sellingGeneralAndAdministrative": "710000000", "researchAndDevelopment": "0", "operatingExpenses": "710000000", "investmentIncomeNet": "None", "netInterestIncome": "None", "interestIncome": "433000000", "interestExpense": "433000000", "nonInterestIncome": "None", "otherNonOperatingIncome": "46000000", "depreciation": "None", "depreciationAndAmortization": "1842000000", "incomeBeforeTax": "5971000000", "incomeTaxExpense": "1870000000", "interestAndDebtExpense": "None", "netIncomeFromContinuingOperations": "4101000000", "comprehensiveIncomeNetOfTax": "None", "ebit": "6358000000", "ebitda": "8200000000", "netIncome": "3990000000"}, {"fiscalDateEnding": "2014-12-31", "reportedCurrency": "USD", "grossProfit": "6626000000", "totalRevenue": "130844000000", "costOfRevenue": "124218000000", "costofGoodsAndServicesSold": "124218000000", "operatingIncome": "5902000000", "sellingGeneralAndAdministrative": "724000000", "researchAndDevelopment": "0", "operatingExpenses": "724000000", "investmentIncomeNet": "None", "netInterestIncome": "None", "interestIncome": "None", "interestExpense": "397000000", "nonInterestIncome": "None", "otherNonOperatingIncome": "47000000", "depreciation": "None", "depreciationAndAmortization": "1690000000", "incomeBeforeTax": "5552000000", "incomeTaxExpense": "1777000000", "interestAndDebtExpense": "None", "netIncomeFromContinuingOperations": "3775000000", "comprehensiveIncomeNetOfTax": "None", "ebit": "5902000000", "ebitda": "7592000000", "netIncome": "3630000000"}, {"fiscalDateEnding": "2013-12-31", "reportedCurrency": "USD", "grossProfit": "4721000000", "totalRevenue": "138074000000", "costOfRevenue": "133353000000", "costofGoodsAndServicesSold": "133353000000", "operatingIncome": "3963000000", "sellingGeneralAndAdministrative": "758000000", "researchAndDevelopment": "0", "operatingExpenses": "758000000", "investmentIncomeNet": "None", "netInterestIncome": "None", "interestIncome": "None", "interestExpense": "365000000", "nonInterestIncome": "None", "otherNonOperatingIncome": "384000000", "depreciation": "None", "depreciationAndAmortization": "1720000000", "incomeBeforeTax": "3982000000", "incomeTaxExpense": "1254000000", "interestAndDebtExpense": "None", "netIncomeFromContinuingOperations": "2728000000", "comprehensiveIncomeNetOfTax": "None", "ebit": "3987000000", "ebitda": "5707000000", "netIncome": "2720000000"}, {"fiscalDateEnding": "2012-12-31", "reportedCurrency": "USD", "grossProfit": "5722000000", "totalRevenue": "139250000000", "costOfRevenue": "133528000000", "costofGoodsAndServicesSold": "133528000000", "operatingIncome": "4010000000", "sellingGeneralAndAdministrative": "698000000", "researchAndDevelopment": "0", "operatingExpenses": "698000000", "investmentIncomeNet": "None", "netInterestIncome": "None", "interestIncome": "None", "interestExpense": "313000000", "nonInterestIncome": "None", "otherNonOperatingIncome": "9000000", "depreciation": "None", "depreciationAndAmortization": "1574000000", "incomeBeforeTax": "3706000000", "incomeTaxExpense": "1626000000", "interestAndDebtExpense": "None", "netIncomeFromContinuingOperations": "2080000000", "comprehensiveIncomeNetOfTax": "None", "ebit": "5054000000", "ebitda": "6628000000", "netIncome": "2083000000"}, {"fiscalDateEnding": "2011-12-31", "reportedCurrency": "USD", "grossProfit": "4251000000", "totalRevenue": "125987000000", "costOfRevenue": "121736000000", "costofGoodsAndServicesSold": "121736000000", "operatingIncome": "3680000000", "sellingGeneralAndAdministrative": "571000000", "researchAndDevelopment": "0", "operatingExpenses": "571000000", "investmentIncomeNet": "None", "netInterestIncome": "None", "interestIncome": "None", "interestExpense": "401000000", "nonInterestIncome": "None", "otherNonOperatingIncome": "43000000", "depreciation": "None", "depreciationAndAmortization": "1534000000", "incomeBeforeTax": "3322000000", "incomeTaxExpense": "1226000000", "interestAndDebtExpense": "None", "netIncomeFromContinuingOperations": "2096000000", "comprehensiveIncomeNetOfTax": "None", "ebit": "3723000000", "ebitda": "5257000000", "netIncome": "2090000000"}, {"fiscalDateEnding": "2010-12-31", "reportedCurrency": "USD", "grossProfit": "7775000000", "totalRevenue": "82233000000", "costOfRevenue": "74458000000", "costofGoodsAndServicesSold": "74458000000", "operatingIncome": "1876000000", "sellingGeneralAndAdministrative": "531000000", "researchAndDevelopment": "0", "operatingExpenses": "5897000000", "investmentIncomeNet": "None", "netInterestIncome": "None", "interestIncome": "None", "interestExpense": "484000000", "nonInterestIncome": "None", "otherNonOperatingIncome": "106000000", "depreciation": "None", "depreciationAndAmortization": "1405000000", "incomeBeforeTax": "1498000000", "incomeTaxExpense": "575000000", "interestAndDebtExpense": "None", "netIncomeFromContinuingOperations": "923000000", "comprehensiveIncomeNetOfTax": "None", "ebit": "1982000000", "ebitda": "3387000000", "netIncome": "324000000"}, {"fiscalDateEnding": "2009-12-31", "reportedCurrency": "USD", "grossProfit": "2874000000", "totalRevenue": "68144000000", "costOfRevenue": "65270000000", "costofGoodsAndServicesSold": "65270000000", "operatingIncome": "-58000000", "sellingGeneralAndAdministrative": "572000000", "researchAndDevelopment": "0", "operatingExpenses": "2702000000", "investmentIncomeNet": "None", "netInterestIncome": "None", "interestIncome": "None", "interestExpense": "408000000", "nonInterestIncome": "None", "otherNonOperatingIncome": "17000000", "depreciation": "None", "depreciationAndAmortization": "1527000000", "incomeBeforeTax": "-449000000", "incomeTaxExpense": "-97000000", "interestAndDebtExpense": "None", "netIncomeFromContinuingOperations": "-352000000", "comprehensiveIncomeNetOfTax": "None", "ebit": "100000000", "ebitda": "1627000000", "netIncome": "-1982000000"}, {"fiscalDateEnding": "2008-12-31", "reportedCurrency": "USD", "grossProfit": "7130000000", "totalRevenue": "119114000000", "costOfRevenue": "111984000000", "costofGoodsAndServicesSold": "111984000000", "operatingIncome": "563000000", "sellingGeneralAndAdministrative": "559000000", "researchAndDevelopment": "None", "operatingExpenses": "6567000000", "investmentIncomeNet": "None", "netInterestIncome": "None", "interestIncome": "None", "interestExpense": "347000000", "nonInterestIncome": "None", "otherNonOperatingIncome": "None", "depreciation": "None", "depreciationAndAmortization": "1476000000", "incomeBeforeTax": "336000000", "incomeTaxExpense": "1467000000", "interestAndDebtExpense": "None", "netIncomeFromContinuingOperations": "None", "comprehensiveIncomeNetOfTax": "None", "ebit": "676000000", "ebitda": "2152000000", "netIncome": "-1131000000"}, {"fiscalDateEnding": "2007-12-31", "reportedCurrency": "USD", "grossProfit": "9666000000", "totalRevenue": "95327000000", "costOfRevenue": "85661000000", "costofGoodsAndServicesSold": "85661000000", "operatingIncome": "6918000000", "sellingGeneralAndAdministrative": "598000000", "researchAndDevelopment": "None", "operatingExpenses": "2748000000", "investmentIncomeNet": "None", "netInterestIncome": "None", "interestIncome": "None", "interestExpense": "0", "nonInterestIncome": "None", "otherNonOperatingIncome": "None", "depreciation": "None", "depreciationAndAmortization": "1376000000", "incomeBeforeTax": "6726000000", "incomeTaxExpense": "2161000000", "interestAndDebtExpense": "None", "netIncomeFromContinuingOperations": "None", "comprehensiveIncomeNetOfTax": "None", "ebit": "6918000000", "ebitda": "8294000000", "netIncome": "5234000000"}, {"fiscalDateEnding": "2006-12-31", "reportedCurrency": "USD", "grossProfit": "10565200000", "totalRevenue": "91832200000", "costOfRevenue": "81267000000", "costofGoodsAndServicesSold": "81267000000", "operatingIncome": "8010000000", "sellingGeneralAndAdministrative": "598000000", "researchAndDevelopment": "None", "operatingExpenses": "2555200000", "investmentIncomeNet": "None", "netInterestIncome": "None", "interestIncome": "None", "interestExpense": "0", "nonInterestIncome": "None", "otherNonOperatingIncome": "None", "depreciation": "None", "depreciationAndAmortization": "1155000000", "incomeBeforeTax": "8189000000", "incomeTaxExpense": "2726000000", "interestAndDebtExpense": "None", "netIncomeFromContinuingOperations": "None", "comprehensiveIncomeNetOfTax": "None", "ebit": "7722000000", "ebitda": "8877000000", "netIncome": "5462200000"}, {"fiscalDateEnding": "2005-12-31", "reportedCurrency": "USD", "grossProfit": "7562200000", "totalRevenue": "82161200000", "costOfRevenue": "74599000000", "costofGoodsAndServicesSold": "74599000000", "operatingIncome": "5459000000", "sellingGeneralAndAdministrative": "458000000", "researchAndDevelopment": "None", "operatingExpenses": "2103200000", "investmentIncomeNet": "None", "netInterestIncome": "None", "interestIncome": "None", "interestExpense": "0", "nonInterestIncome": "None", "otherNonOperatingIncome": "None", "depreciation": "None", "depreciationAndAmortization": "875000000", "incomeBeforeTax": "5287000000", "incomeTaxExpense": "1697000000", "interestAndDebtExpense": "None", "netIncomeFromContinuingOperations": "None", "comprehensiveIncomeNetOfTax": "None", "ebit": "5268000000", "ebitda": "6143000000", "netIncome": "3589200000"}], "quarterlyReports": [{"fiscalDateEnding": "2024-12-31", "reportedCurrency": "USD", "grossProfit": "618000000", "totalRevenue": "30756000000", "costOfRevenue": "30138000000", "costofGoodsAndServicesSold": "30138000000", "operatingIncome": "348000000", "sellingGeneralAndAdministrative": "266000000", "researchAndDevelopment": "None", "operatingExpenses": "270000000", "investmentIncomeNet": "None", "netInterestIncome": "-135000000", "interestIncome": "None", "interestExpense": "135000000", "nonInterestIncome": "None", "otherNonOperatingIncome": "None", "depreciation": "None", "depreciationAndAmortization": "698000000", "incomeBeforeTax": "323000000", "incomeTaxExpense": "-34000000", "interestAndDebtExpense": "None", "netIncomeFromContinuingOperations": "357000000", "comprehensiveIncomeNetOfTax": "None", "ebit": "458000000", "ebitda": "1156000000", "netIncome": "281000000"}, {"fiscalDateEnding": "2024-09-30", "reportedCurrency": "USD", "grossProfit": "720000000", "totalRevenue": "32852000000", "costOfRevenue": "32132000000", "costofGoodsAndServicesSold": "32132000000", "operatingIncome": "507000000", "sellingGeneralAndAdministrative": "234000000", "researchAndDevelopment": "None", "operatingExpenses": "237000000", "investmentIncomeNet": "None", "netInterestIncome": "-141000000", "interestIncome": "None", "interestExpense": "141000000", "nonInterestIncome": "None", "otherNonOperatingIncome": "None", "depreciation": "None", "depreciationAndAmortization": "685000000", "incomeBeforeTax": "489000000", "incomeTaxExpense": "96000000", "interestAndDebtExpense": "None", "netIncomeFromContinuingOperations": "393000000", "comprehensiveIncomeNetOfTax": "None", "ebit": "630000000", "ebitda": "1315000000", "netIncome": "364000000"}, {"fiscalDateEnding": "2024-06-30", "reportedCurrency": "USD", "grossProfit": "1339000000", "totalRevenue": "34463000000", "costOfRevenue": "33124000000", "costofGoodsAndServicesSold": "33124000000", "operatingIncome": "1133000000", "sellingGeneralAndAdministrative": "203000000", "researchAndDevelopment": "None", "operatingExpenses": "206000000", "investmentIncomeNet": "None", "netInterestIncome": "-140000000", "interestIncome": "None", "interestExpense": "140000000", "nonInterestIncome": "None", "otherNonOperatingIncome": "None", "depreciation": "None", "depreciationAndAmortization": "696000000", "incomeBeforeTax": "1203000000", "incomeTaxExpense": "277000000", "interestAndDebtExpense": "None", "netIncomeFromContinuingOperations": "926000000", "comprehensiveIncomeNetOfTax": "None", "ebit": "1245000000", "ebitda": "1941000000", "netIncome": "880000000"}, {"fiscalDateEnding": "2024-03-31", "reportedCurrency": "USD", "grossProfit": "1936000000", "totalRevenue": "31739000000", "costOfRevenue": "29803000000", "costofGoodsAndServicesSold": "29803000000", "operatingIncome": "1644000000", "sellingGeneralAndAdministrative": "258000000", "researchAndDevelopment": "None", "operatingExpenses": "292000000", "investmentIncomeNet": "None", "netInterestIncome": "-140000000", "interestIncome": "None", "interestExpense": "140000000", "nonInterestIncome": "None", "otherNonOperatingIncome": "None", "depreciation": "None", "depreciationAndAmortization": "695000000", "incomeBeforeTax": "1683000000", "incomeTaxExpense": "353000000", "interestAndDebtExpense": "None", "netIncomeFromContinuingOperations": "1330000000", "comprehensiveIncomeNetOfTax": "None", "ebit": "1702000000", "ebitda": "2397000000", "netIncome": "1245000000"}, {"fiscalDateEnding": "2023-12-31", "reportedCurrency": "USD", "grossProfit": "1863000000", "totalRevenue": "35414000000", "costOfRevenue": "33551000000", "costofGoodsAndServicesSold": "33551000000", "operatingIncome": "1553000000", "sellingGeneralAndAdministrative": "295000000", "researchAndDevelopment": "None", "operatingExpenses": "310000000", "investmentIncomeNet": "None", "netInterestIncome": "-53000000", "interestIncome": "96000000", "interestExpense": "149000000", "nonInterestIncome": "None", "otherNonOperatingIncome": "None", "depreciation": "None", "depreciationAndAmortization": "690000000", "incomeBeforeTax": "1549000000", "incomeTaxExpense": "331000000", "interestAndDebtExpense": "None", "netIncomeFromContinuingOperations": "1218000000", "comprehensiveIncomeNetOfTax": "None", "ebit": "1575000000", "ebitda": "2265000000", "netIncome": "1202000000"}, {"fiscalDateEnding": "2023-09-30", "reportedCurrency": "USD", "grossProfit": "3759000000", "totalRevenue": "38404000000", "costOfRevenue": "34645000000", "costofGoodsAndServicesSold": "34645000000", "operatingIncome": "3503000000", "sellingGeneralAndAdministrative": "250000000", "researchAndDevelopment": "None", "operatingExpenses": "256000000", "investmentIncomeNet": "None", "netInterestIncome": "-149000000", "interestIncome": "75000000", "interestExpense": "149000000", "nonInterestIncome": "None", "otherNonOperatingIncome": "None", "depreciation": "None", "depreciationAndAmortization": "682000000", "incomeBeforeTax": "3476000000", "incomeTaxExpense": "813000000", "interestAndDebtExpense": "None", "netIncomeFromContinuingOperations": "2663000000", "comprehensiveIncomeNetOfTax": "None", "ebit": "3529000000", "ebitda": "4211000000", "netIncome": "2622000000"}, {"fiscalDateEnding": "2023-06-30", "reportedCurrency": "USD", "grossProfit": "2970000000", "totalRevenue": "34509000000", "costOfRevenue": "31539000000", "costofGoodsAndServicesSold": "31539000000", "operatingIncome": "2759000000", "sellingGeneralAndAdministrative": "209000000", "researchAndDevelopment": "None", "operatingExpenses": "211000000", "investmentIncomeNet": "None", "netInterestIncome": "-148000000", "interestIncome": "62000000", "interestExpense": "148000000", "nonInterestIncome": "None", "otherNonOperatingIncome": "106000000", "depreciation": "None", "depreciationAndAmortization": "669000000", "incomeBeforeTax": "2717000000", "incomeTaxExpense": "595000000", "interestAndDebtExpense": "None", "netIncomeFromContinuingOperations": "2122000000", "comprehensiveIncomeNetOfTax": "None", "ebit": "2785000000", "ebitda": "3454000000", "netIncome": "1944000000"}, {"fiscalDateEnding": "2023-03-31", "reportedCurrency": "USD", "grossProfit": "4297000000", "totalRevenue": "36439000000", "costOfRevenue": "32142000000", "costofGoodsAndServicesSold": "32142000000", "operatingIncome": "4043000000", "sellingGeneralAndAdministrative": "244000000", "researchAndDevelopment": "None", "operatingExpenses": "254000000", "investmentIncomeNet": "None", "netInterestIncome": "-146000000", "interestIncome": "85000000", "interestExpense": "146000000", "nonInterestIncome": "None", "otherNonOperatingIncome": "129000000", "depreciation": "None", "depreciationAndAmortization": "660000000", "incomeBeforeTax": "4026000000", "incomeTaxExpense": "880000000", "interestAndDebtExpense": "None", "netIncomeFromContinuingOperations": "3146000000", "comprehensiveIncomeNetOfTax": "None", "ebit": "4067000000", "ebitda": "4727000000", "netIncome": "3067000000"}, {"fiscalDateEnding": "2022-12-31", "reportedCurrency": "USD", "grossProfit": "4664000000", "totalRevenue": "41746000000", "costOfRevenue": "37082000000", "costofGoodsAndServicesSold": "37082000000", "operatingIncome": "4295000000", "sellingGeneralAndAdministrative": "282000000", "researchAndDevelopment": "None", "operatingExpenses": "308000000", "investmentIncomeNet": "None", "netInterestIncome": "-137000000", "interestIncome": "137000000", "interestExpense": "137000000", "nonInterestIncome": "None", "otherNonOperatingIncome": "92000000", "depreciation": "None", "depreciationAndAmortization": "633000000", "incomeBeforeTax": "4250000000", "incomeTaxExpense": "1018000000", "interestAndDebtExpense": "None", "netIncomeFromContinuingOperations": "3232000000", "comprehensiveIncomeNetOfTax": "None", "ebit": "4387000000", "ebitda": "5020000000", "netIncome": "3113000000"}, {"fiscalDateEnding": "2022-09-30", "reportedCurrency": "USD", "grossProfit": "4012000000", "totalRevenue": "44454000000", "costOfRevenue": "40442000000", "costofGoodsAndServicesSold": "40442000000", "operatingIncome": "3792000000", "sellingGeneralAndAdministrative": "214000000", "researchAndDevelopment": "None", "operatingExpenses": "220000000", "investmentIncomeNet": "None", "netInterestIncome": "-138000000", "interestIncome": "138000000", "interestExpense": "138000000", "nonInterestIncome": "None", "otherNonOperatingIncome": "74000000", "depreciation": "None", "depreciationAndAmortization": "632000000", "incomeBeforeTax": "3728000000", "incomeTaxExpense": "816000000", "interestAndDebtExpense": "None", "netIncomeFromContinuingOperations": "2912000000", "comprehensiveIncomeNetOfTax": "None", "ebit": "3796000000", "ebitda": "4428000000", "netIncome": "2817000000"}, {"fiscalDateEnding": "2022-06-30", "reportedCurrency": "USD", "grossProfit": "6467000000", "totalRevenue": "51641000000", "costOfRevenue": "45174000000", "costofGoodsAndServicesSold": "45174000000", "operatingIncome": "6219000000", "sellingGeneralAndAdministrative": "233000000", "researchAndDevelopment": "None", "operatingExpenses": "248000000", "investmentIncomeNet": "None", "netInterestIncome": "-142000000", "interestIncome": "142000000", "interestExpense": "142000000", "nonInterestIncome": "None", "otherNonOperatingIncome": "33000000", "depreciation": "None", "depreciationAndAmortization": "602000000", "incomeBeforeTax": "6110000000", "incomeTaxExpense": "1342000000", "interestAndDebtExpense": "None", "netIncomeFromContinuingOperations": "4768000000", "comprehensiveIncomeNetOfTax": "None", "ebit": "6252000000", "ebitda": "6854000000", "netIncome": "4693000000"}, {"fiscalDateEnding": "2022-03-31", "reportedCurrency": "USD", "grossProfit": "1608000000", "totalRevenue": "38542000000", "costOfRevenue": "36934000000", "costofGoodsAndServicesSold": "36934000000", "operatingIncome": "758000000", "sellingGeneralAndAdministrative": "205000000", "researchAndDevelopment": "None", "operatingExpenses": "224000000", "investmentIncomeNet": "None", "netInterestIncome": "-145000000", "interestIncome": "145000000", "interestExpense": "145000000", "nonInterestIncome": "None", "otherNonOperatingIncome": "-20000000", "depreciation": "None", "depreciationAndAmortization": "606000000", "incomeBeforeTax": "1219000000", "incomeTaxExpense": "252000000", "interestAndDebtExpense": "None", "netIncomeFromContinuingOperations": "967000000", "comprehensiveIncomeNetOfTax": "None", "ebit": "1400000000", "ebitda": "2006000000", "netIncome": "905000000"}, {"fiscalDateEnding": "2021-12-31", "reportedCurrency": "USD", "grossProfit": "1898000000", "totalRevenue": "35903000000", "costOfRevenue": "34005000000", "costofGoodsAndServicesSold": "34005000000", "operatingIncome": "1594000000", "sellingGeneralAndAdministrative": "286000000", "researchAndDevelopment": "None", "operatingExpenses": "304000000", "investmentIncomeNet": "None", "netInterestIncome": "-152000000", "interestIncome": "152000000", "interestExpense": "152000000", "nonInterestIncome": "None", "otherNonOperatingIncome": "-163000000", "depreciation": "None", "depreciationAndAmortization": "598000000", "incomeBeforeTax": "1279000000", "incomeTaxExpense": "169000000", "interestAndDebtExpense": "None", "netIncomeFromContinuingOperations": "1110000000", "comprehensiveIncomeNetOfTax": "None", "ebit": "1431000000", "ebitda": "2029000000", "netIncome": "1009000000"}, {"fiscalDateEnding": "2021-09-30", "reportedCurrency": "USD", "grossProfit": "907000000", "totalRevenue": "29520000000", "costOfRevenue": "28613000000", "costofGoodsAndServicesSold": "28613000000", "operatingIncome": "693000000", "sellingGeneralAndAdministrative": "195000000", "researchAndDevelopment": "None", "operatingExpenses": "214000000", "investmentIncomeNet": "None", "netInterestIncome": "-152000000", "interestIncome": "152000000", "interestExpense": "152000000", "nonInterestIncome": "None", "otherNonOperatingIncome": "32000000", "depreciation": "None", "depreciationAndAmortization": "641000000", "incomeBeforeTax": "573000000", "incomeTaxExpense": "65000000", "interestAndDebtExpense": "None", "netIncomeFromContinuingOperations": "508000000", "comprehensiveIncomeNetOfTax": "None", "ebit": "754000000", "ebitda": "1395000000", "netIncome": "463000000"}, {"fiscalDateEnding": "2021-06-30", "reportedCurrency": "USD", "grossProfit": "697000000", "totalRevenue": "27748000000", "costOfRevenue": "27051000000", "costofGoodsAndServicesSold": "27051000000", "operatingIncome": "509000000", "sellingGeneralAndAdministrative": "176000000", "researchAndDevelopment": "None", "operatingExpenses": "188000000", "investmentIncomeNet": "None", "netInterestIncome": "-150000000", "interestIncome": "150000000", "interestExpense": "150000000", "nonInterestIncome": "None", "otherNonOperatingIncome": "102000000", "depreciation": "None", "depreciationAndAmortization": "588000000", "incomeBeforeTax": "461000000", "incomeTaxExpense": "169000000", "interestAndDebtExpense": "None", "netIncomeFromContinuingOperations": "292000000", "comprehensiveIncomeNetOfTax": "None", "ebit": "611000000", "ebitda": "1199000000", "netIncome": "162000000"}, {"fiscalDateEnding": "2021-03-31", "reportedCurrency": "USD", "grossProfit": "-420000000", "totalRevenue": "20806000000", "costOfRevenue": "21226000000", "costofGoodsAndServicesSold": "21226000000", "operatingIncome": "-666000000", "sellingGeneralAndAdministrative": "208000000", "researchAndDevelopment": "None", "operatingExpenses": "246000000", "investmentIncomeNet": "None", "netInterestIncome": "-149000000", "interestIncome": "149000000", "interestExpense": "149000000", "nonInterestIncome": "None", "otherNonOperatingIncome": "45000000", "depreciation": "None", "depreciationAndAmortization": "578000000", "incomeBeforeTax": "-770000000", "incomeTaxExpense": "-148000000", "interestAndDebtExpense": "None", "netIncomeFromContinuingOperations": "-622000000", "comprehensiveIncomeNetOfTax": "None", "ebit": "-621000000", "ebitda": "-43000000", "netIncome": "-704000000"}, {"fiscalDateEnding": "2020-12-31", "reportedCurrency": "USD", "grossProfit": "-241000000", "totalRevenue": "16604000000", "costOfRevenue": "16845000000", "costofGoodsAndServicesSold": "16845000000", "operatingIncome": "-470000000", "sellingGeneralAndAdministrative": "224000000", "researchAndDevelopment": "None", "operatingExpenses": "229000000", "investmentIncomeNet": "None", "netInterestIncome": "-153000000", "interestIncome": "153000000", "interestExpense": "153000000", "nonInterestIncome": "None", "otherNonOperatingIncome": "25000000", "depreciation": "None", "depreciationAndAmortization": "11000000", "incomeBeforeTax": "-598000000", "incomeTaxExpense": "-289000000", "interestAndDebtExpense": "None", "netIncomeFromContinuingOperations": "-309000000", "comprehensiveIncomeNetOfTax": "None", "ebit": "121000000", "ebitda": "132000000", "netIncome": "-359000000"}, {"fiscalDateEnding": "2020-09-30", "reportedCurrency": "USD", "grossProfit": "-410000000", "totalRevenue": "15809000000", "costOfRevenue": "16219000000", "costofGoodsAndServicesSold": "16219000000", "operatingIncome": "-621000000", "sellingGeneralAndAdministrative": "186000000", "researchAndDevelopment": "None", "operatingExpenses": "211000000", "investmentIncomeNet": "None", "netInterestIncome": "-143000000", "interestIncome": "143000000", "interestExpense": "143000000", "nonInterestIncome": "None", "otherNonOperatingIncome": "48000000", "depreciation": "None", "depreciationAndAmortization": "12000000", "incomeBeforeTax": "-716000000", "incomeTaxExpense": "-337000000", "interestAndDebtExpense": "None", "netIncomeFromContinuingOperations": "-379000000", "comprehensiveIncomeNetOfTax": "None", "ebit": "29000000", "ebitda": "41000000", "netIncome": "-464000000"}, {"fiscalDateEnding": "2020-06-30", "reportedCurrency": "USD", "grossProfit": "1961000000", "totalRevenue": "10397000000", "costOfRevenue": "8436000000", "costofGoodsAndServicesSold": "8436000000", "operatingIncome": "1789000000", "sellingGeneralAndAdministrative": "169000000", "researchAndDevelopment": "None", "operatingExpenses": "172000000", "investmentIncomeNet": "None", "netInterestIncome": "-142000000", "interestIncome": "82000000", "interestExpense": "142000000", "nonInterestIncome": "None", "otherNonOperatingIncome": "27000000", "depreciation": "None", "depreciationAndAmortization": "12000000", "incomeBeforeTax": "1674000000", "incomeTaxExpense": "339000000", "interestAndDebtExpense": "None", "netIncomeFromContinuingOperations": "1335000000", "comprehensiveIncomeNetOfTax": "None", "ebit": "2365000000", "ebitda": "2377000000", "netIncome": "1253000000"}, {"fiscalDateEnding": "2020-03-31", "reportedCurrency": "USD", "grossProfit": "-2098000000", "totalRevenue": "22102000000", "costOfRevenue": "24200000000", "costofGoodsAndServicesSold": "24200000000", "operatingIncome": "-2277000000", "sellingGeneralAndAdministrative": "177000000", "researchAndDevelopment": "None", "operatingExpenses": "179000000", "investmentIncomeNet": "None", "netInterestIncome": "-125000000", "interestIncome": "290000000", "interestExpense": "125000000", "nonInterestIncome": "None", "otherNonOperatingIncome": "32000000", "depreciation": "None", "depreciationAndAmortization": "582000000", "incomeBeforeTax": "-2370000000", "incomeTaxExpense": "-616000000", "interestAndDebtExpense": "None", "netIncomeFromContinuingOperations": "-1754000000", "comprehensiveIncomeNetOfTax": "None", "ebit": "-2245000000", "ebitda": "-1663000000", "netIncome": "-1851000000"}, {"fiscalDateEnding": "2019-12-31", "reportedCurrency": "USD", "grossProfit": "1989000000", "totalRevenue": "27879000000", "costOfRevenue": "25890000000", "costofGoodsAndServicesSold": "25890000000", "operatingIncome": "1739000000", "sellingGeneralAndAdministrative": "243000000", "researchAndDevelopment": "None", "operatingExpenses": "250000000", "investmentIncomeNet": "None", "netInterestIncome": "-119000000", "interestIncome": "80000000", "interestExpense": "119000000", "nonInterestIncome": "None", "otherNonOperatingIncome": "36000000", "depreciation": "None", "depreciationAndAmortization": "14000000", "incomeBeforeTax": "1656000000", "incomeTaxExpense": "326000000", "interestAndDebtExpense": "None", "netIncomeFromContinuingOperations": "1330000000", "comprehensiveIncomeNetOfTax": "None", "ebit": "2309000000", "ebitda": "2323000000", "netIncome": "1060000000"}, {"fiscalDateEnding": "2019-09-30", "reportedCurrency": "USD", "grossProfit": "1108000000", "totalRevenue": "27249000000", "costOfRevenue": "26141000000", "costofGoodsAndServicesSold": "26141000000", "operatingIncome": "881000000", "sellingGeneralAndAdministrative": "217000000", "researchAndDevelopment": "None", "operatingExpenses": "227000000", "investmentIncomeNet": "None", "netInterestIncome": "-111000000", "interestIncome": "130000000", "interestExpense": "111000000", "nonInterestIncome": "None", "otherNonOperatingIncome": "34000000", "depreciation": "None", "depreciationAndAmortization": "11000000", "incomeBeforeTax": "804000000", "incomeTaxExpense": "165000000", "interestAndDebtExpense": "None", "netIncomeFromContinuingOperations": "639000000", "comprehensiveIncomeNetOfTax": "None", "ebit": "1448000000", "ebitda": "1459000000", "netIncome": "609000000"}, {"fiscalDateEnding": "2019-06-30", "reportedCurrency": "USD", "grossProfit": "1109000000", "totalRevenue": "28933000000", "costOfRevenue": "27824000000", "costofGoodsAndServicesSold": "27824000000", "operatingIncome": "908000000", "sellingGeneralAndAdministrative": "199000000", "researchAndDevelopment": "None", "operatingExpenses": "201000000", "investmentIncomeNet": "None", "netInterestIncome": "-112000000", "interestIncome": "64000000", "interestExpense": "112000000", "nonInterestIncome": "None", "otherNonOperatingIncome": "12000000", "depreciation": "None", "depreciationAndAmortization": "14000000", "incomeBeforeTax": "808000000", "incomeTaxExpense": "160000000", "interestAndDebtExpense": "None", "netIncomeFromContinuingOperations": "648000000", "comprehensiveIncomeNetOfTax": "None", "ebit": "1469000000", "ebitda": "1483000000", "netIncome": "612000000"}, {"fiscalDateEnding": "2019-03-31", "reportedCurrency": "USD", "grossProfit": "519000000", "totalRevenue": "24263000000", "costOfRevenue": "23744000000", "costofGoodsAndServicesSold": "23744000000", "operatingIncome": "308000000", "sellingGeneralAndAdministrative": "209000000", "researchAndDevelopment": "None", "operatingExpenses": "211000000", "investmentIncomeNet": "None", "netInterestIncome": "-112000000", "interestIncome": "105000000", "interestExpense": "112000000", "nonInterestIncome": "None", "otherNonOperatingIncome": "22000000", "depreciation": "None", "depreciationAndAmortization": "14000000", "incomeBeforeTax": "218000000", "incomeTaxExpense": "51000000", "interestAndDebtExpense": "None", "netIncomeFromContinuingOperations": "167000000", "comprehensiveIncomeNetOfTax": "None", "ebit": "864000000", "ebitda": "878000000", "netIncome": "141000000"}, {"fiscalDateEnding": "2018-12-31", "reportedCurrency": "USD", "grossProfit": "1533000000", "totalRevenue": "28730000000", "costOfRevenue": "27197000000", "costofGoodsAndServicesSold": "27197000000", "operatingIncome": "1299000000", "sellingGeneralAndAdministrative": "230000000", "researchAndDevelopment": "0", "operatingExpenses": "234000000", "investmentIncomeNet": "None", "netInterestIncome": "None", "interestIncome": "None", "interestExpense": "114000000", "nonInterestIncome": "None", "otherNonOperatingIncome": "42000000", "depreciation": "None", "depreciationAndAmortization": "13000000", "incomeBeforeTax": "1227000000", "incomeTaxExpense": "205000000", "interestAndDebtExpense": "None", "netIncomeFromContinuingOperations": "1022000000", "comprehensiveIncomeNetOfTax": "None", "ebit": "1859000000", "ebitda": "1872000000", "netIncome": "952000000"}, {"fiscalDateEnding": "2018-09-30", "reportedCurrency": "USD", "grossProfit": "1438000000", "totalRevenue": "30849000000", "costOfRevenue": "29411000000", "costofGoodsAndServicesSold": "29411000000", "operatingIncome": "1219000000", "sellingGeneralAndAdministrative": "209000000", "researchAndDevelopment": "0", "operatingExpenses": "219000000", "investmentIncomeNet": "None", "netInterestIncome": "None", "interestIncome": "None", "interestExpense": "111000000", "nonInterestIncome": "None", "otherNonOperatingIncome": "42000000", "depreciation": "None", "depreciationAndAmortization": "13000000", "incomeBeforeTax": "1150000000", "incomeTaxExpense": "276000000", "interestAndDebtExpense": "None", "netIncomeFromContinuingOperations": "874000000", "comprehensiveIncomeNetOfTax": "None", "ebit": "1731000000", "ebitda": "1744000000", "netIncome": "856000000"}, {"fiscalDateEnding": "2018-06-30", "reportedCurrency": "USD", "grossProfit": "1522000000", "totalRevenue": "31015000000", "costOfRevenue": "29493000000", "costofGoodsAndServicesSold": "29493000000", "operatingIncome": "1253000000", "sellingGeneralAndAdministrative": "248000000", "researchAndDevelopment": "0", "operatingExpenses": "269000000", "investmentIncomeNet": "None", "netInterestIncome": "None", "interestIncome": "None", "interestExpense": "124000000", "nonInterestIncome": "None", "otherNonOperatingIncome": "-5000000", "depreciation": "None", "depreciationAndAmortization": "13000000", "incomeBeforeTax": "1124000000", "incomeTaxExpense": "249000000", "interestAndDebtExpense": "None", "netIncomeFromContinuingOperations": "875000000", "comprehensiveIncomeNetOfTax": "None", "ebit": "1780000000", "ebitda": "1793000000", "netIncome": "845000000"}, {"fiscalDateEnding": "2018-03-31", "reportedCurrency": "USD", "grossProfit": "1049000000", "totalRevenue": "26439000000", "costOfRevenue": "25390000000", "costofGoodsAndServicesSold": "25390000000", "operatingIncome": "801000000", "sellingGeneralAndAdministrative": "238000000", "researchAndDevelopment": "0", "operatingExpenses": "248000000", "investmentIncomeNet": "None", "netInterestIncome": "None", "interestIncome": "None", "interestExpense": "121000000", "nonInterestIncome": "None", "otherNonOperatingIncome": "51000000", "depreciation": "None", "depreciationAndAmortization": "13000000", "incomeBeforeTax": "731000000", "incomeTaxExpense": "149000000", "interestAndDebtExpense": "None", "netIncomeFromContinuingOperations": "582000000", "comprehensiveIncomeNetOfTax": "None", "ebit": "1294000000", "ebitda": "1307000000", "netIncome": "469000000"}, {"fiscalDateEnding": "2017-12-31", "reportedCurrency": "USD", "grossProfit": "1108000000", "totalRevenue": "26392000000", "costOfRevenue": "25284000000", "costofGoodsAndServicesSold": "25284000000", "operatingIncome": "853000000", "sellingGeneralAndAdministrative": "238000000", "researchAndDevelopment": "0", "operatingExpenses": "255000000", "investmentIncomeNet": "None", "netInterestIncome": "None", "interestIncome": "None", "interestExpense": "114000000", "nonInterestIncome": "None", "otherNonOperatingIncome": "26000000", "depreciation": "None", "depreciationAndAmortization": "13000000", "incomeBeforeTax": "765000000", "incomeTaxExpense": "-1635000000", "interestAndDebtExpense": "None", "netIncomeFromContinuingOperations": "2400000000", "comprehensiveIncomeNetOfTax": "None", "ebit": "1331000000", "ebitda": "1344000000", "netIncome": "2371000000"}, {"fiscalDateEnding": "2017-09-30", "reportedCurrency": "USD", "grossProfit": "1611000000", "totalRevenue": "23562000000", "costOfRevenue": "21951000000", "costofGoodsAndServicesSold": "21951000000", "operatingIncome": "1338000000", "sellingGeneralAndAdministrative": "229000000", "researchAndDevelopment": "0", "operatingExpenses": "273000000", "investmentIncomeNet": "None", "netInterestIncome": "None", "interestIncome": "None", "interestExpense": "114000000", "nonInterestIncome": "None", "otherNonOperatingIncome": "17000000", "depreciation": "None", "depreciationAndAmortization": "13000000", "incomeBeforeTax": "1241000000", "incomeTaxExpense": "378000000", "interestAndDebtExpense": "None", "netIncomeFromContinuingOperations": "863000000", "comprehensiveIncomeNetOfTax": "None", "ebit": "1825000000", "ebitda": "1838000000", "netIncome": "841000000"}, {"fiscalDateEnding": "2017-06-30", "reportedCurrency": "USD", "grossProfit": "1049000000", "totalRevenue": "22254000000", "costOfRevenue": "21205000000", "costofGoodsAndServicesSold": "21205000000", "operatingIncome": "871000000", "sellingGeneralAndAdministrative": "178000000", "researchAndDevelopment": "0", "operatingExpenses": "178000000", "investmentIncomeNet": "None", "netInterestIncome": "None", "interestIncome": "None", "interestExpense": "119000000", "nonInterestIncome": "None", "otherNonOperatingIncome": "16000000", "depreciation": "None", "depreciationAndAmortization": "499000000", "incomeBeforeTax": "768000000", "incomeTaxExpense": "196000000", "interestAndDebtExpense": "None", "netIncomeFromContinuingOperations": "572000000", "comprehensiveIncomeNetOfTax": "None", "ebit": "850000000", "ebitda": "1349000000", "netIncome": "548000000"}, {"fiscalDateEnding": "2017-03-31", "reportedCurrency": "USD", "grossProfit": "727000000", "totalRevenue": "21772000000", "costOfRevenue": "21045000000", "costofGoodsAndServicesSold": "21045000000", "operatingIncome": "537000000", "sellingGeneralAndAdministrative": "190000000", "researchAndDevelopment": "0", "operatingExpenses": "190000000", "investmentIncomeNet": "None", "netInterestIncome": "None", "interestIncome": "None", "interestExpense": "121000000", "nonInterestIncome": "None", "otherNonOperatingIncome": "17000000", "depreciation": "None", "depreciationAndAmortization": "500000000", "incomeBeforeTax": "433000000", "incomeTaxExpense": "112000000", "interestAndDebtExpense": "None", "netIncomeFromContinuingOperations": "321000000", "comprehensiveIncomeNetOfTax": "None", "ebit": "538000000", "ebitda": "1038000000", "netIncome": "305000000"}, {"fiscalDateEnding": "2016-12-31", "reportedCurrency": "USD", "grossProfit": "828000000", "totalRevenue": "20712000000", "costOfRevenue": "19884000000", "costofGoodsAndServicesSold": "19884000000", "operatingIncome": "620000000", "sellingGeneralAndAdministrative": "208000000", "researchAndDevelopment": "0", "operatingExpenses": "208000000", "investmentIncomeNet": "None", "netInterestIncome": "None", "interestIncome": "None", "interestExpense": "112000000", "nonInterestIncome": "None", "otherNonOperatingIncome": "21000000", "depreciation": "None", "depreciationAndAmortization": "468000000", "incomeBeforeTax": "529000000", "incomeTaxExpense": "113000000", "interestAndDebtExpense": "None", "netIncomeFromContinuingOperations": "416000000", "comprehensiveIncomeNetOfTax": "None", "ebit": "620000000", "ebitda": "1088000000", "netIncome": "367000000"}, {"fiscalDateEnding": "2016-09-30", "reportedCurrency": "USD", "grossProfit": "1084000000", "totalRevenue": "19649000000", "costOfRevenue": "18565000000", "costofGoodsAndServicesSold": "18565000000", "operatingIncome": "892000000", "sellingGeneralAndAdministrative": "192000000", "researchAndDevelopment": "0", "operatingExpenses": "192000000", "investmentIncomeNet": "None", "netInterestIncome": "None", "interestIncome": "None", "interestExpense": "115000000", "nonInterestIncome": "None", "otherNonOperatingIncome": "12000000", "depreciation": "None", "depreciationAndAmortization": "470000000", "incomeBeforeTax": "789000000", "incomeTaxExpense": "144000000", "interestAndDebtExpense": "None", "netIncomeFromContinuingOperations": "645000000", "comprehensiveIncomeNetOfTax": "None", "ebit": "892000000", "ebitda": "1362000000", "netIncome": "613000000"}, {"fiscalDateEnding": "2016-06-30", "reportedCurrency": "USD", "grossProfit": "1446000000", "totalRevenue": "19584000000", "costOfRevenue": "18138000000", "costofGoodsAndServicesSold": "18138000000", "operatingIncome": "1231000000", "sellingGeneralAndAdministrative": "159000000", "researchAndDevelopment": "0", "operatingExpenses": "159000000", "investmentIncomeNet": "None", "netInterestIncome": "None", "interestIncome": "None", "interestExpense": "111000000", "nonInterestIncome": "None", "otherNonOperatingIncome": "14000000", "depreciation": "None", "depreciationAndAmortization": "471000000", "incomeBeforeTax": "1134000000", "incomeTaxExpense": "291000000", "interestAndDebtExpense": "None", "netIncomeFromContinuingOperations": "843000000", "comprehensiveIncomeNetOfTax": "None", "ebit": "1287000000", "ebitda": "1758000000", "netIncome": "814000000"}, {"fiscalDateEnding": "2016-03-31", "reportedCurrency": "USD", "grossProfit": "2015000000", "totalRevenue": "15714000000", "costOfRevenue": "13699000000", "costofGoodsAndServicesSold": "13699000000", "operatingIncome": "829000000", "sellingGeneralAndAdministrative": "156000000", "researchAndDevelopment": "0", "operatingExpenses": "1186000000", "investmentIncomeNet": "None", "netInterestIncome": "None", "interestIncome": "None", "interestExpense": "108000000", "nonInterestIncome": "None", "otherNonOperatingIncome": "9000000", "depreciation": "None", "depreciationAndAmortization": "485000000", "incomeBeforeTax": "730000000", "incomeTaxExpense": "217000000", "interestAndDebtExpense": "None", "netIncomeFromContinuingOperations": "513000000", "comprehensiveIncomeNetOfTax": "None", "ebit": "829000000", "ebitda": "1314000000", "netIncome": "495000000"}, {"fiscalDateEnding": "2015-12-31", "reportedCurrency": "USD", "grossProfit": "852000000", "totalRevenue": "18777000000", "costOfRevenue": "17925000000", "costofGoodsAndServicesSold": "17925000000", "operatingIncome": "646000000", "sellingGeneralAndAdministrative": "206000000", "researchAndDevelopment": "0", "operatingExpenses": "206000000", "investmentIncomeNet": "None", "netInterestIncome": "None", "interestIncome": "None", "interestExpense": "107000000", "nonInterestIncome": "None", "otherNonOperatingIncome": "11000000", "depreciation": "None", "depreciationAndAmortization": "494000000", "incomeBeforeTax": "550000000", "incomeTaxExpense": "155000000", "interestAndDebtExpense": "None", "netIncomeFromContinuingOperations": "395000000", "comprehensiveIncomeNetOfTax": "None", "ebit": "657000000", "ebitda": "1151000000", "netIncome": "298000000"}, {"fiscalDateEnding": "2015-09-30", "reportedCurrency": "USD", "grossProfit": "2318000000", "totalRevenue": "22579000000", "costOfRevenue": "20261000000", "costofGoodsAndServicesSold": "20261000000", "operatingIncome": "2139000000", "sellingGeneralAndAdministrative": "179000000", "researchAndDevelopment": "0", "operatingExpenses": "179000000", "investmentIncomeNet": "None", "netInterestIncome": "None", "interestIncome": "None", "interestExpense": "112000000", "nonInterestIncome": "None", "otherNonOperatingIncome": "3000000", "depreciation": "None", "depreciationAndAmortization": "482000000", "incomeBeforeTax": "2030000000", "incomeTaxExpense": "657000000", "interestAndDebtExpense": "None", "netIncomeFromContinuingOperations": "1373000000", "comprehensiveIncomeNetOfTax": "None", "ebit": "2142000000", "ebitda": "2624000000", "netIncome": "1377000000"}, {"fiscalDateEnding": "2015-06-30", "reportedCurrency": "USD", "grossProfit": "2256000000", "totalRevenue": "25118000000", "costOfRevenue": "22862000000", "costofGoodsAndServicesSold": "22862000000", "operatingIncome": "2078000000", "sellingGeneralAndAdministrative": "178000000", "researchAndDevelopment": "0", "operatingExpenses": "178000000", "investmentIncomeNet": "None", "netInterestIncome": "None", "interestIncome": "None", "interestExpense": "113000000", "nonInterestIncome": "None", "otherNonOperatingIncome": "8000000", "depreciation": "None", "depreciationAndAmortization": "425000000", "incomeBeforeTax": "1973000000", "incomeTaxExpense": "608000000", "interestAndDebtExpense": "None", "netIncomeFromContinuingOperations": "1365000000", "comprehensiveIncomeNetOfTax": "None", "ebit": "2078000000", "ebitda": "2503000000", "netIncome": "1351000000"}, {"fiscalDateEnding": "2015-03-31", "reportedCurrency": "USD", "grossProfit": "1642000000", "totalRevenue": "21330000000", "costOfRevenue": "19688000000", "costofGoodsAndServicesSold": "19688000000", "operatingIncome": "1495000000", "sellingGeneralAndAdministrative": "147000000", "researchAndDevelopment": "0", "operatingExpenses": "147000000", "investmentIncomeNet": "None", "netInterestIncome": "None", "interestIncome": "None", "interestExpense": "101000000", "nonInterestIncome": "None", "otherNonOperatingIncome": "24000000", "depreciation": "None", "depreciationAndAmortization": "441000000", "incomeBeforeTax": "1418000000", "incomeTaxExpense": "450000000", "interestAndDebtExpense": "None", "netIncomeFromContinuingOperations": "968000000", "comprehensiveIncomeNetOfTax": "None", "ebit": "1495000000", "ebitda": "1936000000", "netIncome": "964000000"}, {"fiscalDateEnding": "2014-12-31", "reportedCurrency": "USD", "grossProfit": "2010000000", "totalRevenue": "27859000000", "costOfRevenue": "25849000000", "costofGoodsAndServicesSold": "25849000000", "operatingIncome": "1796000000", "sellingGeneralAndAdministrative": "214000000", "researchAndDevelopment": "0", "operatingExpenses": "214000000", "investmentIncomeNet": "None", "netInterestIncome": "None", "interestIncome": "None", "interestExpense": "101000000", "nonInterestIncome": "None", "otherNonOperatingIncome": "9000000", "depreciation": "None", "depreciationAndAmortization": "425000000", "incomeBeforeTax": "1704000000", "incomeTaxExpense": "484000000", "interestAndDebtExpense": "None", "netIncomeFromContinuingOperations": "1221000000", "comprehensiveIncomeNetOfTax": "None", "ebit": "1796000000", "ebitda": "2221000000", "netIncome": "1155000000"}, {"fiscalDateEnding": "2014-09-30", "reportedCurrency": "USD", "grossProfit": "1850000000", "totalRevenue": "34408000000", "costOfRevenue": "32558000000", "costofGoodsAndServicesSold": "32558000000", "operatingIncome": "1670000000", "sellingGeneralAndAdministrative": "180000000", "researchAndDevelopment": "0", "operatingExpenses": "180000000", "investmentIncomeNet": "None", "netInterestIncome": "None", "interestIncome": "None", "interestExpense": "98000000", "nonInterestIncome": "None", "otherNonOperatingIncome": "11000000", "depreciation": "None", "depreciationAndAmortization": "430000000", "incomeBeforeTax": "1583000000", "incomeTaxExpense": "521000000", "interestAndDebtExpense": "None", "netIncomeFromContinuingOperations": "1062000000", "comprehensiveIncomeNetOfTax": "None", "ebit": "1670000000", "ebitda": "2100000000", "netIncome": "1059000000"}, {"fiscalDateEnding": "2014-06-30", "reportedCurrency": "USD", "grossProfit": "1255000000", "totalRevenue": "34914000000", "costOfRevenue": "33659000000", "costofGoodsAndServicesSold": "33659000000", "operatingIncome": "1085000000", "sellingGeneralAndAdministrative": "170000000", "researchAndDevelopment": "0", "operatingExpenses": "170000000", "investmentIncomeNet": "None", "netInterestIncome": "None", "interestIncome": "None", "interestExpense": "98000000", "nonInterestIncome": "None", "otherNonOperatingIncome": "12000000", "depreciation": "None", "depreciationAndAmortization": "414000000", "incomeBeforeTax": "999000000", "incomeTaxExpense": "343000000", "interestAndDebtExpense": "None", "netIncomeFromContinuingOperations": "656000000", "comprehensiveIncomeNetOfTax": "None", "ebit": "1085000000", "ebitda": "1499000000", "netIncome": "588000000"}, {"fiscalDateEnding": "2014-03-31", "reportedCurrency": "USD", "grossProfit": "1510000000", "totalRevenue": "33663000000", "costOfRevenue": "32153000000", "costofGoodsAndServicesSold": "32153000000", "operatingIncome": "1350000000", "sellingGeneralAndAdministrative": "160000000", "researchAndDevelopment": "0", "operatingExpenses": "160000000", "investmentIncomeNet": "None", "netInterestIncome": "None", "interestIncome": "None", "interestExpense": "100000000", "nonInterestIncome": "None", "otherNonOperatingIncome": "15000000", "depreciation": "None", "depreciationAndAmortization": "421000000", "incomeBeforeTax": "1265000000", "incomeTaxExpense": "429000000", "interestAndDebtExpense": "None", "netIncomeFromContinuingOperations": "836000000", "comprehensiveIncomeNetOfTax": "None", "ebit": "1351000000", "ebitda": "1772000000", "netIncome": "828000000"}, {"fiscalDateEnding": "2013-12-31", "reportedCurrency": "USD", "grossProfit": "1741000000", "totalRevenue": "34429000000", "costOfRevenue": "32688000000", "costofGoodsAndServicesSold": "32688000000", "operatingIncome": "1562000000", "sellingGeneralAndAdministrative": "179000000", "researchAndDevelopment": "0", "operatingExpenses": "179000000", "investmentIncomeNet": "None", "netInterestIncome": "None", "interestIncome": "None", "interestExpense": "102000000", "nonInterestIncome": "None", "otherNonOperatingIncome": "342000000", "depreciation": "None", "depreciationAndAmortization": "437000000", "incomeBeforeTax": "1802000000", "incomeTaxExpense": "515000000", "interestAndDebtExpense": "None", "netIncomeFromContinuingOperations": "1287000000", "comprehensiveIncomeNetOfTax": "None", "ebit": "1562000000", "ebitda": "1999000000", "netIncome": "1288000000"}, {"fiscalDateEnding": "2013-09-30", "reportedCurrency": "USD", "grossProfit": "702000000", "totalRevenue": "36137000000", "costOfRevenue": "35435000000", "costofGoodsAndServicesSold": "35435000000", "operatingIncome": "532000000", "sellingGeneralAndAdministrative": "170000000", "researchAndDevelopment": "0", "operatingExpenses": "170000000", "investmentIncomeNet": "None", "netInterestIncome": "None", "interestIncome": "None", "interestExpense": "102000000", "nonInterestIncome": "None", "otherNonOperatingIncome": "17000000", "depreciation": "None", "depreciationAndAmortization": "448000000", "incomeBeforeTax": "447000000", "incomeTaxExpense": "123000000", "interestAndDebtExpense": "None", "netIncomeFromContinuingOperations": "324000000", "comprehensiveIncomeNetOfTax": "None", "ebit": "532000000", "ebitda": "980000000", "netIncome": "312000000"}, {"fiscalDateEnding": "2013-06-30", "reportedCurrency": "USD", "grossProfit": "1041000000", "totalRevenue": "34034000000", "costOfRevenue": "32993000000", "costofGoodsAndServicesSold": "32993000000", "operatingIncome": "808000000", "sellingGeneralAndAdministrative": "233000000", "researchAndDevelopment": "0", "operatingExpenses": "233000000", "investmentIncomeNet": "None", "netInterestIncome": "None", "interestIncome": "None", "interestExpense": "78000000", "nonInterestIncome": "None", "otherNonOperatingIncome": "11000000", "depreciation": "None", "depreciationAndAmortization": "405000000", "incomeBeforeTax": "741000000", "incomeTaxExpense": "276000000", "interestAndDebtExpense": "None", "netIncomeFromContinuingOperations": "465000000", "comprehensiveIncomeNetOfTax": "None", "ebit": "816000000", "ebitda": "1221000000", "netIncome": "466000000"}, {"fiscalDateEnding": "2013-03-31", "reportedCurrency": "USD", "grossProfit": "1237000000", "totalRevenue": "33474000000", "costOfRevenue": "32237000000", "costofGoodsAndServicesSold": "32237000000", "operatingIncome": "1061000000", "sellingGeneralAndAdministrative": "176000000", "researchAndDevelopment": "0", "operatingExpenses": "176000000", "investmentIncomeNet": "None", "netInterestIncome": "None", "interestIncome": "None", "interestExpense": "83000000", "nonInterestIncome": "None", "otherNonOperatingIncome": "14000000", "depreciation": "None", "depreciationAndAmortization": "430000000", "incomeBeforeTax": "992000000", "incomeTaxExpense": "340000000", "interestAndDebtExpense": "None", "netIncomeFromContinuingOperations": "652000000", "comprehensiveIncomeNetOfTax": "None", "ebit": "1075000000", "ebitda": "1505000000", "netIncome": "654000000"}, {"fiscalDateEnding": "2012-12-31", "reportedCurrency": "USD", "grossProfit": "1831000000", "totalRevenue": "34695000000", "costOfRevenue": "32864000000", "costofGoodsAndServicesSold": "32864000000", "operatingIncome": "1584000000", "sellingGeneralAndAdministrative": "189000000", "researchAndDevelopment": "0", "operatingExpenses": "189000000", "investmentIncomeNet": "None", "netInterestIncome": "None", "interestIncome": "None", "interestExpense": "70000000", "nonInterestIncome": "None", "otherNonOperatingIncome": "10000000", "depreciation": "None", "depreciationAndAmortization": "402000000", "incomeBeforeTax": "1524000000", "incomeTaxExpense": "515000000", "interestAndDebtExpense": "None", "netIncomeFromContinuingOperations": "1009000000", "comprehensiveIncomeNetOfTax": "None", "ebit": "1594000000", "ebitda": "1996000000", "netIncome": "1010000000"}, {"fiscalDateEnding": "2012-09-30", "reportedCurrency": "USD", "grossProfit": "1828000000", "totalRevenue": "34726000000", "costOfRevenue": "32898000000", "costofGoodsAndServicesSold": "32898000000", "operatingIncome": "1309000000", "sellingGeneralAndAdministrative": "174000000", "researchAndDevelopment": "0", "operatingExpenses": "174000000", "investmentIncomeNet": "None", "netInterestIncome": "None", "interestIncome": "None", "interestExpense": "70000000", "nonInterestIncome": "None", "otherNonOperatingIncome": "-2000000", "depreciation": "None", "depreciationAndAmortization": "402000000", "incomeBeforeTax": "1237000000", "incomeTaxExpense": "564000000", "interestAndDebtExpense": "None", "netIncomeFromContinuingOperations": "673000000", "comprehensiveIncomeNetOfTax": "None", "ebit": "1307000000", "ebitda": "1709000000", "netIncome": "674000000"}, {"fiscalDateEnding": "2012-06-30", "reportedCurrency": "USD", "grossProfit": "1532000000", "totalRevenue": "34662000000", "costOfRevenue": "33130000000", "costofGoodsAndServicesSold": "33130000000", "operatingIncome": "1361000000", "sellingGeneralAndAdministrative": "171000000", "researchAndDevelopment": "0", "operatingExpenses": "171000000", "investmentIncomeNet": "None", "netInterestIncome": "None", "interestIncome": "None", "interestExpense": "74000000", "nonInterestIncome": "None", "otherNonOperatingIncome": "-5000000", "depreciation": "None", "depreciationAndAmortization": "386000000", "incomeBeforeTax": "1282000000", "incomeTaxExpense": "452000000", "interestAndDebtExpense": "None", "netIncomeFromContinuingOperations": "830000000", "comprehensiveIncomeNetOfTax": "None", "ebit": "1356000000", "ebitda": "1742000000", "netIncome": "831000000"}, {"fiscalDateEnding": "2012-03-31", "reportedCurrency": "USD", "grossProfit": "531000000", "totalRevenue": "35167000000", "costOfRevenue": "34636000000", "costofGoodsAndServicesSold": "34636000000", "operatingIncome": "-244000000", "sellingGeneralAndAdministrative": "164000000", "researchAndDevelopment": "0", "operatingExpenses": "164000000", "investmentIncomeNet": "None", "netInterestIncome": "None", "interestIncome": "None", "interestExpense": "99000000", "nonInterestIncome": "None", "otherNonOperatingIncome": "6000000", "depreciation": "None", "depreciationAndAmortization": "384000000", "incomeBeforeTax": "-337000000", "incomeTaxExpense": "95000000", "interestAndDebtExpense": "None", "netIncomeFromContinuingOperations": "-432000000", "comprehensiveIncomeNetOfTax": "None", "ebit": "-238000000", "ebitda": "146000000", "netIncome": "-432000000"}, {"fiscalDateEnding": "2011-12-31", "reportedCurrency": "USD", "grossProfit": "296000000", "totalRevenue": "34673000000", "costOfRevenue": "34377000000", "costofGoodsAndServicesSold": "34377000000", "operatingIncome": "167000000", "sellingGeneralAndAdministrative": "129000000", "researchAndDevelopment": "0", "operatingExpenses": "129000000", "investmentIncomeNet": "None", "netInterestIncome": "None", "interestIncome": "None", "interestExpense": "89000000", "nonInterestIncome": "None", "otherNonOperatingIncome": "15000000", "depreciation": "None", "depreciationAndAmortization": "393000000", "incomeBeforeTax": "93000000", "incomeTaxExpense": "48000000", "interestAndDebtExpense": "None", "netIncomeFromContinuingOperations": "45000000", "comprehensiveIncomeNetOfTax": "None", "ebit": "182000000", "ebitda": "575000000", "netIncome": "45000000"}, {"fiscalDateEnding": "2011-09-30", "reportedCurrency": "USD", "grossProfit": "2530000000", "totalRevenue": "33713000000", "costOfRevenue": "31183000000", "costofGoodsAndServicesSold": "31183000000", "operatingIncome": "1979000000", "sellingGeneralAndAdministrative": "139000000", "researchAndDevelopment": "0", "operatingExpenses": "551000000", "investmentIncomeNet": "None", "netInterestIncome": "None", "interestIncome": "None", "interestExpense": "88000000", "nonInterestIncome": "None", "otherNonOperatingIncome": "1000000", "depreciation": "None", "depreciationAndAmortization": "390000000", "incomeBeforeTax": "1892000000", "incomeTaxExpense": "689000000", "interestAndDebtExpense": "None", "netIncomeFromContinuingOperations": "1203000000", "comprehensiveIncomeNetOfTax": "None", "ebit": "1980000000", "ebitda": "2370000000", "netIncome": "1203000000"}, {"fiscalDateEnding": "2011-06-30", "reportedCurrency": "USD", "grossProfit": "1827000000", "totalRevenue": "31293000000", "costOfRevenue": "29466000000", "costofGoodsAndServicesSold": "29466000000", "operatingIncome": "1290000000", "sellingGeneralAndAdministrative": "151000000", "researchAndDevelopment": "0", "operatingExpenses": "537000000", "investmentIncomeNet": "None", "netInterestIncome": "None", "interestIncome": "None", "interestExpense": "107000000", "nonInterestIncome": "None", "otherNonOperatingIncome": "10000000", "depreciation": "None", "depreciationAndAmortization": "386000000", "incomeBeforeTax": "1193000000", "incomeTaxExpense": "449000000", "interestAndDebtExpense": "None", "netIncomeFromContinuingOperations": "744000000", "comprehensiveIncomeNetOfTax": "None", "ebit": "1300000000", "ebitda": "1686000000", "netIncome": "744000000"}, {"fiscalDateEnding": "2011-03-31", "reportedCurrency": "USD", "grossProfit": "739000000", "totalRevenue": "26308000000", "costOfRevenue": "25569000000", "costofGoodsAndServicesSold": "25569000000", "operatingIncome": "244000000", "sellingGeneralAndAdministrative": "130000000", "researchAndDevelopment": "0", "operatingExpenses": "495000000", "investmentIncomeNet": "None", "netInterestIncome": "None", "interestIncome": "None", "interestExpense": "117000000", "nonInterestIncome": "None", "otherNonOperatingIncome": "17000000", "depreciation": "None", "depreciationAndAmortization": "365000000", "incomeBeforeTax": "144000000", "incomeTaxExpense": "40000000", "interestAndDebtExpense": "None", "netIncomeFromContinuingOperations": "104000000", "comprehensiveIncomeNetOfTax": "None", "ebit": "261000000", "ebitda": "626000000", "netIncome": "98000000"}, {"fiscalDateEnding": "2010-12-31", "reportedCurrency": "USD", "grossProfit": "337000000", "totalRevenue": "18605000000", "costOfRevenue": "18268000000", "costofGoodsAndServicesSold": "18268000000", "operatingIncome": "416000000", "sellingGeneralAndAdministrative": "164000000", "researchAndDevelopment": "0", "operatingExpenses": "-79000000", "investmentIncomeNet": "None", "netInterestIncome": "None", "interestIncome": "None", "interestExpense": "122000000", "nonInterestIncome": "None", "otherNonOperatingIncome": "76000000", "depreciation": "None", "depreciationAndAmortization": "377000000", "incomeBeforeTax": "370000000", "incomeTaxExpense": "168000000", "interestAndDebtExpense": "None", "netIncomeFromContinuingOperations": "202000000", "comprehensiveIncomeNetOfTax": "None", "ebit": "492000000", "ebitda": "869000000", "netIncome": "-438000000"}, {"fiscalDateEnding": "2010-09-30", "reportedCurrency": "USD", "grossProfit": "1274000000", "totalRevenue": "22210000000", "costOfRevenue": "20936000000", "costofGoodsAndServicesSold": "20936000000", "operatingIncome": "571000000", "sellingGeneralAndAdministrative": "139000000", "researchAndDevelopment": "0", "operatingExpenses": "703000000", "investmentIncomeNet": "None", "netInterestIncome": "None", "interestIncome": "None", "interestExpense": "119000000", "nonInterestIncome": "None", "otherNonOperatingIncome": "18000000", "depreciation": "None", "depreciationAndAmortization": "372000000", "incomeBeforeTax": "470000000", "incomeTaxExpense": "178000000", "interestAndDebtExpense": "None", "netIncomeFromContinuingOperations": "292000000", "comprehensiveIncomeNetOfTax": "None", "ebit": "571000000", "ebitda": "943000000", "netIncome": "292000000"}, {"fiscalDateEnding": "2010-06-30", "reportedCurrency": "USD", "grossProfit": "1608000000", "totalRevenue": "21775000000", "costOfRevenue": "20167000000", "costofGoodsAndServicesSold": "20167000000", "operatingIncome": "921000000", "sellingGeneralAndAdministrative": "131000000", "researchAndDevelopment": "0", "operatingExpenses": "685000000", "investmentIncomeNet": "None", "netInterestIncome": "None", "interestIncome": "None", "interestExpense": "116000000", "nonInterestIncome": "None", "otherNonOperatingIncome": "1000000", "depreciation": "None", "depreciationAndAmortization": "367000000", "incomeBeforeTax": "806000000", "incomeTaxExpense": "276000000", "interestAndDebtExpense": "None", "netIncomeFromContinuingOperations": "530000000", "comprehensiveIncomeNetOfTax": "None", "ebit": "905000000", "ebitda": "1272000000", "netIncome": "583000000"}, {"fiscalDateEnding": "2010-03-31", "reportedCurrency": "USD", "grossProfit": "595000000", "totalRevenue": "19643000000", "costOfRevenue": "19048000000", "costofGoodsAndServicesSold": "19048000000", "operatingIncome": "-32000000", "sellingGeneralAndAdministrative": "97000000", "researchAndDevelopment": "0", "operatingExpenses": "627000000", "investmentIncomeNet": "None", "netInterestIncome": "None", "interestIncome": "None", "interestExpense": "127000000", "nonInterestIncome": "None", "otherNonOperatingIncome": "11000000", "depreciation": "None", "depreciationAndAmortization": "357000000", "incomeBeforeTax": "-148000000", "incomeTaxExpense": "-47000000", "interestAndDebtExpense": "None", "netIncomeFromContinuingOperations": "-101000000", "comprehensiveIncomeNetOfTax": "None", "ebit": "-32000000", "ebitda": "325000000", "netIncome": "-113000000"}, {"fiscalDateEnding": "2009-12-31", "reportedCurrency": "USD", "grossProfit": "689000000", "totalRevenue": "16906000000", "costOfRevenue": "16217000000", "costofGoodsAndServicesSold": "16217000000", "operatingIncome": "445000000", "sellingGeneralAndAdministrative": "137000000", "researchAndDevelopment": "0", "operatingExpenses": "589000000", "investmentIncomeNet": "None", "netInterestIncome": "None", "interestIncome": "None", "interestExpense": "117000000", "nonInterestIncome": "None", "otherNonOperatingIncome": "None", "depreciation": "None", "depreciationAndAmortization": "371000000", "incomeBeforeTax": "361000000", "incomeTaxExpense": "139000000", "interestAndDebtExpense": "None", "netIncomeFromContinuingOperations": "0", "comprehensiveIncomeNetOfTax": "None", "ebit": "478000000", "ebitda": "849000000", "netIncome": "-1408000000"}, {"fiscalDateEnding": "2009-09-30", "reportedCurrency": "USD", "grossProfit": "462000000", "totalRevenue": "19489000000", "costOfRevenue": "19027000000", "costofGoodsAndServicesSold": "19027000000", "operatingIncome": "-693000000", "sellingGeneralAndAdministrative": "167000000", "researchAndDevelopment": "0", "operatingExpenses": "738000000", "investmentIncomeNet": "None", "netInterestIncome": "None", "interestIncome": "None", "interestExpense": "130000000", "nonInterestIncome": "None", "otherNonOperatingIncome": "9000000", "depreciation": "None", "depreciationAndAmortization": "389000000", "incomeBeforeTax": "-814000000", "incomeTaxExpense": "-185000000", "interestAndDebtExpense": "None", "netIncomeFromContinuingOperations": "-629000000", "comprehensiveIncomeNetOfTax": "None", "ebit": "-230000000", "ebitda": "159000000", "netIncome": "-629000000"}, {"fiscalDateEnding": "2009-06-30", "reportedCurrency": "USD", "grossProfit": "367000000", "totalRevenue": "17925000000", "costOfRevenue": "17558000000", "costofGoodsAndServicesSold": "17558000000", "operatingIncome": "-317000000", "sellingGeneralAndAdministrative": "124000000", "researchAndDevelopment": "0", "operatingExpenses": "684000000", "investmentIncomeNet": "None", "netInterestIncome": "None", "interestIncome": "None", "interestExpense": "82000000", "nonInterestIncome": "None", "otherNonOperatingIncome": "-24000000", "depreciation": "None", "depreciationAndAmortization": "389000000", "incomeBeforeTax": "-423000000", "incomeTaxExpense": "-169000000", "interestAndDebtExpense": "None", "netIncomeFromContinuingOperations": "-254000000", "comprehensiveIncomeNetOfTax": "None", "ebit": "-215000000", "ebitda": "174000000", "netIncome": "-254000000"}, {"fiscalDateEnding": "2009-03-31", "reportedCurrency": "USD", "grossProfit": "1199000000", "totalRevenue": "13824000000", "costOfRevenue": "12625000000", "costofGoodsAndServicesSold": "12625000000", "operatingIncome": "507000000", "sellingGeneralAndAdministrative": "145000000", "researchAndDevelopment": "0", "operatingExpenses": "692000000", "investmentIncomeNet": "None", "netInterestIncome": "None", "interestIncome": "None", "interestExpense": "79000000", "nonInterestIncome": "None", "otherNonOperatingIncome": "None", "depreciation": "None", "depreciationAndAmortization": "378000000", "incomeBeforeTax": "427000000", "incomeTaxExpense": "118000000", "interestAndDebtExpense": "None", "netIncomeFromContinuingOperations": "0", "comprehensiveIncomeNetOfTax": "None", "ebit": "592000000", "ebitda": "970000000", "netIncome": "309000000"}, {"fiscalDateEnding": "2008-12-31", "reportedCurrency": "USD", "grossProfit": "1859000000", "totalRevenue": "18569000000", "costOfRevenue": "16710000000", "costofGoodsAndServicesSold": "16710000000", "operatingIncome": "-2907000000", "sellingGeneralAndAdministrative": "559000000", "researchAndDevelopment": "0", "operatingExpenses": "4766000000", "investmentIncomeNet": "None", "netInterestIncome": "None", "interestIncome": "None", "interestExpense": "116000000", "nonInterestIncome": "None", "otherNonOperatingIncome": "None", "depreciation": "None", "depreciationAndAmortization": "370000000", "incomeBeforeTax": "-2944000000", "incomeTaxExpense": "334000000", "interestAndDebtExpense": "None", "netIncomeFromContinuingOperations": "0", "comprehensiveIncomeNetOfTax": "None", "ebit": "-2907000000", "ebitda": "-2537000000", "netIncome": "-3278000000"}, {"fiscalDateEnding": "2008-09-30", "reportedCurrency": "USD", "grossProfit": "2275000000", "totalRevenue": "35960000000", "costOfRevenue": "33685000000", "costofGoodsAndServicesSold": "33685000000", "operatingIncome": "1840000000", "sellingGeneralAndAdministrative": "169000000", "researchAndDevelopment": "0", "operatingExpenses": "435000000", "investmentIncomeNet": "None", "netInterestIncome": "None", "interestIncome": "None", "interestExpense": "112000000", "nonInterestIncome": "None", "otherNonOperatingIncome": "None", "depreciation": "None", "depreciationAndAmortization": "370000000", "incomeBeforeTax": "1795000000", "incomeTaxExpense": "643000000", "interestAndDebtExpense": "None", "netIncomeFromContinuingOperations": "0", "comprehensiveIncomeNetOfTax": "None", "ebit": "1840000000", "ebitda": "2210000000", "netIncome": "1152000000"}, {"fiscalDateEnding": "2008-06-30", "reportedCurrency": "USD", "grossProfit": "1834000000", "totalRevenue": "36640000000", "costOfRevenue": "34806000000", "costofGoodsAndServicesSold": "34806000000", "operatingIncome": "1158000000", "sellingGeneralAndAdministrative": "117000000", "researchAndDevelopment": "0", "operatingExpenses": "676000000", "investmentIncomeNet": "None", "netInterestIncome": "None", "interestIncome": "None", "interestExpense": "107000000", "nonInterestIncome": "None", "otherNonOperatingIncome": "None", "depreciation": "None", "depreciationAndAmortization": "369000000", "incomeBeforeTax": "1090000000", "incomeTaxExpense": "356000000", "interestAndDebtExpense": "None", "netIncomeFromContinuingOperations": "0", "comprehensiveIncomeNetOfTax": "None", "ebit": "1158000000", "ebitda": "1527000000", "netIncome": "734000000"}, {"fiscalDateEnding": "2008-03-31", "reportedCurrency": "USD", "grossProfit": "1162000000", "totalRevenue": "27945000000", "costOfRevenue": "26783000000", "costofGoodsAndServicesSold": "26783000000", "operatingIncome": "472000000", "sellingGeneralAndAdministrative": "135000000", "researchAndDevelopment": "0", "operatingExpenses": "690000000", "investmentIncomeNet": "None", "netInterestIncome": "None", "interestIncome": "None", "interestExpense": "116000000", "nonInterestIncome": "None", "otherNonOperatingIncome": "None", "depreciation": "None", "depreciationAndAmortization": "367000000", "incomeBeforeTax": "395000000", "incomeTaxExpense": "134000000", "interestAndDebtExpense": "None", "netIncomeFromContinuingOperations": "0", "comprehensiveIncomeNetOfTax": "None", "ebit": "472000000", "ebitda": "839000000", "netIncome": "261000000"}, {"fiscalDateEnding": "2007-12-31", "reportedCurrency": "USD", "grossProfit": "2201000000", "totalRevenue": "29277000000", "costOfRevenue": "27076000000", "costofGoodsAndServicesSold": "27076000000", "operatingIncome": "884000000", "sellingGeneralAndAdministrative": "638000000", "researchAndDevelopment": "0", "operatingExpenses": "1317000000", "investmentIncomeNet": "None", "netInterestIncome": "None", "interestIncome": "None", "interestExpense": "119000000", "nonInterestIncome": "None", "otherNonOperatingIncome": "None", "depreciation": "None", "depreciationAndAmortization": "357000000", "incomeBeforeTax": "799000000", "incomeTaxExpense": "232000000", "interestAndDebtExpense": "None", "netIncomeFromContinuingOperations": "0", "comprehensiveIncomeNetOfTax": "None", "ebit": "875000000", "ebitda": "1232000000", "netIncome": "1173000000"}, {"fiscalDateEnding": "2007-09-30", "reportedCurrency": "USD", "grossProfit": "1646000000", "totalRevenue": "23492000000", "costOfRevenue": "21846000000", "costofGoodsAndServicesSold": "21846000000", "operatingIncome": "1168000000", "sellingGeneralAndAdministrative": "136000000", "researchAndDevelopment": "0", "operatingExpenses": "478000000", "investmentIncomeNet": "None", "netInterestIncome": "None", "interestIncome": "None", "interestExpense": "148000000", "nonInterestIncome": "None", "otherNonOperatingIncome": "None", "depreciation": "None", "depreciationAndAmortization": "344000000", "incomeBeforeTax": "1190000000", "incomeTaxExpense": "342000000", "interestAndDebtExpense": "None", "netIncomeFromContinuingOperations": "0", "comprehensiveIncomeNetOfTax": "None", "ebit": "1168000000", "ebitda": "1512000000", "netIncome": "1067000000"}, {"fiscalDateEnding": "2007-06-30", "reportedCurrency": "USD", "grossProfit": "3704000000", "totalRevenue": "23999000000", "costOfRevenue": "20295000000", "costofGoodsAndServicesSold": "20295000000", "operatingIncome": "3193000000", "sellingGeneralAndAdministrative": "177000000", "researchAndDevelopment": "0", "operatingExpenses": "511000000", "investmentIncomeNet": "None", "netInterestIncome": "None", "interestIncome": "None", "interestExpense": "110000000", "nonInterestIncome": "None", "otherNonOperatingIncome": "None", "depreciation": "None", "depreciationAndAmortization": "341000000", "incomeBeforeTax": "3117000000", "incomeTaxExpense": "1055000000", "interestAndDebtExpense": "None", "netIncomeFromContinuingOperations": "0", "comprehensiveIncomeNetOfTax": "None", "ebit": "3193000000", "ebitda": "3534000000", "netIncome": "2046000000"}, {"fiscalDateEnding": "2007-03-31", "reportedCurrency": "USD", "grossProfit": "2219000000", "totalRevenue": "19502000000", "costOfRevenue": "17283000000", "costofGoodsAndServicesSold": "17283000000", "operatingIncome": "1765000000", "sellingGeneralAndAdministrative": "145000000", "researchAndDevelopment": "0", "operatingExpenses": "454000000", "investmentIncomeNet": "None", "netInterestIncome": "None", "interestIncome": "None", "interestExpense": "89000000", "nonInterestIncome": "None", "otherNonOperatingIncome": "None", "depreciation": "None", "depreciationAndAmortization": "334000000", "incomeBeforeTax": "1711000000", "incomeTaxExpense": "567000000", "interestAndDebtExpense": "None", "netIncomeFromContinuingOperations": "0", "comprehensiveIncomeNetOfTax": "None", "ebit": "1765000000", "ebitda": "2099000000", "netIncome": "948000000"}, {"fiscalDateEnding": "2006-12-31", "reportedCurrency": "USD", "grossProfit": "2129800000", "totalRevenue": "19791800000", "costOfRevenue": "17662000000", "costofGoodsAndServicesSold": "17662000000", "operatingIncome": "1480000000", "sellingGeneralAndAdministrative": "558000000", "researchAndDevelopment": "0", "operatingExpenses": "649800000", "investmentIncomeNet": "None", "netInterestIncome": "None", "interestIncome": "None", "interestExpense": "97000000", "nonInterestIncome": "None", "otherNonOperatingIncome": "None", "depreciation": "None", "depreciationAndAmortization": "308000000", "incomeBeforeTax": "1641000000", "incomeTaxExpense": "527000000", "interestAndDebtExpense": "None", "netIncomeFromContinuingOperations": "0", "comprehensiveIncomeNetOfTax": "None", "ebit": "1480000000", "ebitda": "1788000000", "netIncome": "1113800000"}, {"fiscalDateEnding": "2006-09-30", "reportedCurrency": "USD", "grossProfit": "2970800000", "totalRevenue": "24318800000", "costOfRevenue": "21348000000", "costofGoodsAndServicesSold": "21348000000", "operatingIncome": "2333000000", "sellingGeneralAndAdministrative": "136000000", "researchAndDevelopment": "0", "operatingExpenses": "637800000", "investmentIncomeNet": "None", "netInterestIncome": "None", "interestIncome": "None", "interestExpense": "91000000", "nonInterestIncome": "None", "otherNonOperatingIncome": "None", "depreciation": "None", "depreciationAndAmortization": "294000000", "incomeBeforeTax": "2439000000", "incomeTaxExpense": "836000000", "interestAndDebtExpense": "None", "netIncomeFromContinuingOperations": "0", "comprehensiveIncomeNetOfTax": "None", "ebit": "2261000000", "ebitda": "2555000000", "netIncome": "1602800000"}, {"fiscalDateEnding": "2006-06-30", "reportedCurrency": "USD", "grossProfit": "3531800000", "totalRevenue": "26780800000", "costOfRevenue": "23249000000", "costofGoodsAndServicesSold": "23249000000", "operatingIncome": "2864000000", "sellingGeneralAndAdministrative": "171000000", "researchAndDevelopment": "0", "operatingExpenses": "667800000", "investmentIncomeNet": "None", "netInterestIncome": "None", "interestIncome": "None", "interestExpense": "93000000", "nonInterestIncome": "None", "otherNonOperatingIncome": "None", "depreciation": "None", "depreciationAndAmortization": "293000000", "incomeBeforeTax": "2823000000", "incomeTaxExpense": "926000000", "interestAndDebtExpense": "None", "netIncomeFromContinuingOperations": "0", "comprehensiveIncomeNetOfTax": "None", "ebit": "2738000000", "ebitda": "3031000000", "netIncome": "1896800000"}, {"fiscalDateEnding": "2006-03-31", "reportedCurrency": "USD", "grossProfit": "1932800000", "totalRevenue": "20940800000", "costOfRevenue": "19008000000", "costofGoodsAndServicesSold": "19008000000", "operatingIncome": "1333000000", "sellingGeneralAndAdministrative": "151000000", "researchAndDevelopment": "0", "operatingExpenses": "599800000", "investmentIncomeNet": "None", "netInterestIncome": "None", "interestIncome": "None", "interestExpense": "96000000", "nonInterestIncome": "None", "otherNonOperatingIncome": "None", "depreciation": "None", "depreciationAndAmortization": "260000000", "incomeBeforeTax": "1286000000", "incomeTaxExpense": "437000000", "interestAndDebtExpense": "None", "netIncomeFromContinuingOperations": "0", "comprehensiveIncomeNetOfTax": "None", "ebit": "1333000000", "ebitda": "1593000000", "netIncome": "848800000"}, {"fiscalDateEnding": "2005-12-31", "reportedCurrency": "USD", "grossProfit": "2621800000", "totalRevenue": "25893800000", "costOfRevenue": "23272000000", "costofGoodsAndServicesSold": "23272000000", "operatingIncome": "1997000000", "sellingGeneralAndAdministrative": "458000000", "researchAndDevelopment": "0", "operatingExpenses": "624800000", "investmentIncomeNet": "None", "netInterestIncome": "None", "interestIncome": "None", "interestExpense": "104000000", "nonInterestIncome": "None", "otherNonOperatingIncome": "None", "depreciation": "None", "depreciationAndAmortization": "260000000", "incomeBeforeTax": "1988000000", "incomeTaxExpense": "641000000", "interestAndDebtExpense": "None", "netIncomeFromContinuingOperations": "0", "comprehensiveIncomeNetOfTax": "None", "ebit": "1997000000", "ebitda": "2257000000", "netIncome": "1346800000"}, {"fiscalDateEnding": "2005-09-30", "reportedCurrency": "USD", "grossProfit": "1872800000", "totalRevenue": "23282800000", "costOfRevenue": "21410000000", "costofGoodsAndServicesSold": "21410000000", "operatingIncome": "1311000000", "sellingGeneralAndAdministrative": "129000000", "researchAndDevelopment": "0", "operatingExpenses": "561800000", "investmentIncomeNet": "None", "netInterestIncome": "None", "interestIncome": "None", "interestExpense": "85000000", "nonInterestIncome": "None", "otherNonOperatingIncome": "None", "depreciation": "None", "depreciationAndAmortization": "232000000", "incomeBeforeTax": "1268000000", "incomeTaxExpense": "406000000", "interestAndDebtExpense": "None", "netIncomeFromContinuingOperations": "0", "comprehensiveIncomeNetOfTax": "None", "ebit": "1268000000", "ebitda": "1500000000", "netIncome": "861800000"}, {"fiscalDateEnding": "2005-06-30", "reportedCurrency": "USD", "grossProfit": "1777800000", "totalRevenue": "18031800000", "costOfRevenue": "16254000000", "costofGoodsAndServicesSold": "16254000000", "operatingIncome": "1305000000", "sellingGeneralAndAdministrative": "91000000", "researchAndDevelopment": "0", "operatingExpenses": "472800000", "investmentIncomeNet": "None", "netInterestIncome": "None", "interestIncome": "None", "interestExpense": "71000000", "nonInterestIncome": "None", "otherNonOperatingIncome": "None", "depreciation": "None", "depreciationAndAmortization": "197000000", "incomeBeforeTax": "1241000000", "incomeTaxExpense": "394000000", "interestAndDebtExpense": "None", "netIncomeFromContinuingOperations": "0", "comprehensiveIncomeNetOfTax": "None", "ebit": "1305000000", "ebitda": "1502000000", "netIncome": "846800000"}, {"fiscalDateEnding": "2005-03-31", "reportedCurrency": "USD", "grossProfit": "1289800000", "totalRevenue": "14952800000", "costOfRevenue": "13663000000", "costofGoodsAndServicesSold": "13663000000", "operatingIncome": "846000000", "sellingGeneralAndAdministrative": "83000000", "researchAndDevelopment": "0", "operatingExpenses": "443800000", "investmentIncomeNet": "None", "netInterestIncome": "None", "interestIncome": "None", "interestExpense": "74000000", "nonInterestIncome": "None", "otherNonOperatingIncome": "None", "depreciation": "None", "depreciationAndAmortization": "186000000", "incomeBeforeTax": "790000000", "incomeTaxExpense": "256000000", "interestAndDebtExpense": "None", "netIncomeFromContinuingOperations": "0", "comprehensiveIncomeNetOfTax": "None", "ebit": "846000000", "ebitda": "1032000000", "netIncome": "533800000"}, {"fiscalDateEnding": "2004-12-31", "reportedCurrency": "USD", "grossProfit": "1265000000", "totalRevenue": "15389500000", "costOfRevenue": "14124500000", "costofGoodsAndServicesSold": "14124500000", "operatingIncome": "808900000", "sellingGeneralAndAdministrative": "378800000", "researchAndDevelopment": "0", "operatingExpenses": "456100000", "investmentIncomeNet": "None", "netInterestIncome": "None", "interestIncome": "None", "interestExpense": "74300000", "nonInterestIncome": "None", "otherNonOperatingIncome": "None", "depreciation": "None", "depreciationAndAmortization": "154700000", "incomeBeforeTax": "702000000", "incomeTaxExpense": "213500000", "interestAndDebtExpense": "None", "netIncomeFromContinuingOperations": "0", "comprehensiveIncomeNetOfTax": "None", "ebit": "808900000", "ebitda": "963600000", "netIncome": "487800000"}]}