{"symbol": "ADP", "annualReports": [{"fiscalDateEnding": "2024-06-30", "reportedCurrency": "USD", "grossProfit": "8725900000", "totalRevenue": "19202600000", "costOfRevenue": "10476700000", "costofGoodsAndServicesSold": "10476700000", "operatingIncome": "4977200000", "sellingGeneralAndAdministrative": "3744700000", "researchAndDevelopment": "955700000", "operatingExpenses": "4204399999", "investmentIncomeNet": "None", "netInterestIncome": "-120100000", "interestIncome": "241300000", "interestExpense": "361400000", "nonInterestIncome": "None", "otherNonOperatingIncome": "None", "depreciation": "None", "depreciationAndAmortization": "561900000", "incomeBeforeTax": "4872300000", "incomeTaxExpense": "1120300000", "interestAndDebtExpense": "None", "netIncomeFromContinuingOperations": "3752000000", "comprehensiveIncomeNetOfTax": "None", "ebit": "5238100000", "ebitda": "5800000000", "netIncome": "3752000000"}, {"fiscalDateEnding": "2023-06-30", "reportedCurrency": "USD", "grossProfit": "8058800000", "totalRevenue": "18012200000", "costOfRevenue": "9953400000", "costofGoodsAndServicesSold": "9953400000", "operatingIncome": "4507400000", "sellingGeneralAndAdministrative": "3500600000", "researchAndDevelopment": "844800000", "operatingExpenses": "3551400000", "investmentIncomeNet": "None", "netInterestIncome": "709600000", "interestIncome": "962900000", "interestExpense": "253300000", "nonInterestIncome": "None", "otherNonOperatingIncome": "183500000", "depreciation": "None", "depreciationAndAmortization": "549300000", "incomeBeforeTax": "4437600000", "incomeTaxExpense": "1025600000", "interestAndDebtExpense": "None", "netIncomeFromContinuingOperations": "3412000000", "comprehensiveIncomeNetOfTax": "None", "ebit": "4695300000", "ebitda": "5244600000", "netIncome": "3412000000"}, {"fiscalDateEnding": "2022-06-30", "reportedCurrency": "USD", "grossProfit": "7036400000", "totalRevenue": "16498300000", "costOfRevenue": "9461900000", "costofGoodsAndServicesSold": "9461900000", "operatingIncome": "3803200000", "sellingGeneralAndAdministrative": "3171500000", "researchAndDevelopment": "798600000", "operatingExpenses": "3233200000", "investmentIncomeNet": "None", "netInterestIncome": "410900000", "interestIncome": "492800000", "interestExpense": "81900000", "nonInterestIncome": "None", "otherNonOperatingIncome": "82800000", "depreciation": "None", "depreciationAndAmortization": "515100000", "incomeBeforeTax": "3804100000", "incomeTaxExpense": "855200000", "interestAndDebtExpense": "None", "netIncomeFromContinuingOperations": "2948900000", "comprehensiveIncomeNetOfTax": "None", "ebit": "3890400000", "ebitda": "4405500000", "netIncome": "2948900000"}, {"fiscalDateEnding": "2021-06-30", "reportedCurrency": "USD", "grossProfit": "6365100000", "totalRevenue": "15005400000", "costOfRevenue": "8640300000", "costofGoodsAndServicesSold": "8640300000", "operatingIncome": "3324600000", "sellingGeneralAndAdministrative": "3040500000", "researchAndDevelopment": "716600000", "operatingExpenses": "3040500000", "investmentIncomeNet": "None", "netInterestIncome": "-23200000", "interestIncome": "36500000", "interestExpense": "59700000", "nonInterestIncome": "None", "otherNonOperatingIncome": "96300000", "depreciation": "None", "depreciationAndAmortization": "510700000", "incomeBeforeTax": "3361200000", "incomeTaxExpense": "762700000", "interestAndDebtExpense": "None", "netIncomeFromContinuingOperations": "2598500000", "comprehensiveIncomeNetOfTax": "None", "ebit": "3420900000", "ebitda": "3931600000", "netIncome": "2598500000"}, {"fiscalDateEnding": "2020-06-30", "reportedCurrency": "USD", "grossProfit": "6144700000", "totalRevenue": "14589800000", "costOfRevenue": "8445100000", "costofGoodsAndServicesSold": "8445100000", "operatingIncome": "3141700000", "sellingGeneralAndAdministrative": "3003000000", "researchAndDevelopment": "674100000", "operatingExpenses": "3003000000", "investmentIncomeNet": "None", "netInterestIncome": "-107100000", "interestIncome": "84500000", "interestExpense": "107100000", "nonInterestIncome": "None", "otherNonOperatingIncome": "148000000", "depreciation": "None", "depreciationAndAmortization": "480000000", "incomeBeforeTax": "3182600000", "incomeTaxExpense": "716100000", "interestAndDebtExpense": "None", "netIncomeFromContinuingOperations": "2466500000", "comprehensiveIncomeNetOfTax": "None", "ebit": "3289700000", "ebitda": "3769700000", "netIncome": "2466500000"}, {"fiscalDateEnding": "2019-06-30", "reportedCurrency": "USD", "grossProfit": "5526700000", "totalRevenue": "13613300000", "costOfRevenue": "8086600000", "costofGoodsAndServicesSold": "8086600000", "operatingIncome": "2462500000", "sellingGeneralAndAdministrative": "3064200000", "researchAndDevelopment": "636300000", "operatingExpenses": "3064200000", "investmentIncomeNet": "None", "netInterestIncome": "-32300000", "interestIncome": "97600000", "interestExpense": "129900000", "nonInterestIncome": "None", "otherNonOperatingIncome": "111100000", "depreciation": "None", "depreciationAndAmortization": "409000000", "incomeBeforeTax": "3005600000", "incomeTaxExpense": "712800000", "interestAndDebtExpense": "None", "netIncomeFromContinuingOperations": "2292800000", "comprehensiveIncomeNetOfTax": "None", "ebit": "3135500000", "ebitda": "3544500000", "netIncome": "2292800000"}, {"fiscalDateEnding": "2018-06-30", "reportedCurrency": "USD", "grossProfit": "5016700000", "totalRevenue": "12859300000", "costOfRevenue": "7842600000", "costofGoodsAndServicesSold": "7842600000", "operatingIncome": "2045200000", "sellingGeneralAndAdministrative": "2971500000", "researchAndDevelopment": "635400000", "operatingExpenses": "2971500000", "investmentIncomeNet": "None", "netInterestIncome": "-19200000", "interestIncome": "83500000", "interestExpense": "102700000", "nonInterestIncome": "None", "otherNonOperatingIncome": "-237900000", "depreciation": "None", "depreciationAndAmortization": "377600000", "incomeBeforeTax": "2171100000", "incomeTaxExpense": "550300000", "interestAndDebtExpense": "None", "netIncomeFromContinuingOperations": "1620800000", "comprehensiveIncomeNetOfTax": "None", "ebit": "2385300000", "ebitda": "2762900000", "netIncome": "1620800000"}, {"fiscalDateEnding": "2017-06-30", "reportedCurrency": "USD", "grossProfit": "4712600000", "totalRevenue": "11982400000", "costOfRevenue": "7269800000", "costofGoodsAndServicesSold": "7269800000", "operatingIncome": "1929400000", "sellingGeneralAndAdministrative": "2783200000", "researchAndDevelopment": "627500000", "operatingExpenses": "2783200000", "investmentIncomeNet": "None", "netInterestIncome": "-3300000", "interestIncome": "76700000", "interestExpense": "80000000", "nonInterestIncome": "None", "otherNonOperatingIncome": "284300000", "depreciation": "None", "depreciationAndAmortization": "316100000", "incomeBeforeTax": "2531100000", "incomeTaxExpense": "797700000", "interestAndDebtExpense": "None", "netIncomeFromContinuingOperations": "1733400000", "comprehensiveIncomeNetOfTax": "None", "ebit": "2611100000", "ebitda": "2927200000", "netIncome": "1733400000"}, {"fiscalDateEnding": "2016-06-30", "reportedCurrency": "USD", "grossProfit": "4450200000", "totalRevenue": "11290500000", "costOfRevenue": "6840300000", "costofGoodsAndServicesSold": "6840300000", "operatingIncome": "1813200000", "sellingGeneralAndAdministrative": "2637000000", "researchAndDevelopment": "603700000", "operatingExpenses": "2637000000", "investmentIncomeNet": "None", "netInterestIncome": "6200000", "interestIncome": "1200000", "interestExpense": "56200000", "nonInterestIncome": "None", "otherNonOperatingIncome": "100400000", "depreciation": "None", "depreciationAndAmortization": "288600000", "incomeBeforeTax": "2234700000", "incomeTaxExpense": "741300000", "interestAndDebtExpense": "None", "netIncomeFromContinuingOperations": "1493400000", "comprehensiveIncomeNetOfTax": "None", "ebit": "2290900000", "ebitda": "2579500000", "netIncome": "1492500000"}, {"fiscalDateEnding": "2015-06-30", "reportedCurrency": "USD", "grossProfit": "4133200000", "totalRevenue": "10560800000", "costOfRevenue": "6427600000", "costofGoodsAndServicesSold": "6427600000", "operatingIncome": "1636300000", "sellingGeneralAndAdministrative": "2496900000", "researchAndDevelopment": "595400000", "operatingExpenses": "2496900000", "investmentIncomeNet": "None", "netInterestIncome": "None", "interestIncome": "None", "interestExpense": "6500000", "nonInterestIncome": "None", "otherNonOperatingIncome": "63200000", "depreciation": "None", "depreciationAndAmortization": "277900000", "incomeBeforeTax": "2070700000", "incomeTaxExpense": "694200000", "interestAndDebtExpense": "None", "netIncomeFromContinuingOperations": "1376500000", "comprehensiveIncomeNetOfTax": "None", "ebit": "2077200000", "ebitda": "2355100000", "netIncome": "1452500000"}, {"fiscalDateEnding": "2014-06-30", "reportedCurrency": "USD", "grossProfit": "4611400000", "totalRevenue": "11832800000", "costOfRevenue": "7221400000", "costofGoodsAndServicesSold": "7221400000", "operatingIncome": "1849000000", "sellingGeneralAndAdministrative": "2762400000", "researchAndDevelopment": "718000000", "operatingExpenses": "2762400000", "investmentIncomeNet": "None", "netInterestIncome": "None", "interestIncome": "None", "interestExpense": "6100000", "nonInterestIncome": "None", "otherNonOperatingIncome": "72900000", "depreciation": "None", "depreciationAndAmortization": "336200000", "incomeBeforeTax": "2274600000", "incomeTaxExpense": "772000000", "interestAndDebtExpense": "None", "netIncomeFromContinuingOperations": "1502600000", "comprehensiveIncomeNetOfTax": "None", "ebit": "2280700000", "ebitda": "2616900000", "netIncome": "1515900000"}, {"fiscalDateEnding": "2013-06-30", "reportedCurrency": "USD", "grossProfit": "4239600000", "totalRevenue": "10889200000", "costOfRevenue": "6649600000", "costofGoodsAndServicesSold": "6649600000", "operatingIncome": "1619000000", "sellingGeneralAndAdministrative": "2620600000", "researchAndDevelopment": "654300000", "operatingExpenses": "2620600000", "investmentIncomeNet": "None", "netInterestIncome": "None", "interestIncome": "None", "interestExpense": "9100000", "nonInterestIncome": "None", "otherNonOperatingIncome": "96200000", "depreciation": "None", "depreciationAndAmortization": "317000000", "incomeBeforeTax": "2084300000", "incomeTaxExpense": "720200000", "interestAndDebtExpense": "None", "netIncomeFromContinuingOperations": "1364100000", "comprehensiveIncomeNetOfTax": "None", "ebit": "2093400000", "ebitda": "2410400000", "netIncome": "1405800000"}, {"fiscalDateEnding": "2012-06-30", "reportedCurrency": "USD", "grossProfit": "3931900000", "totalRevenue": "10171900000", "costOfRevenue": "6240000000", "costofGoodsAndServicesSold": "6240000000", "operatingIncome": "1465700000", "sellingGeneralAndAdministrative": "2466200000", "researchAndDevelopment": "599900000", "operatingExpenses": "2466200000", "investmentIncomeNet": "None", "netInterestIncome": "None", "interestIncome": "None", "interestExpense": "7700000", "nonInterestIncome": "None", "otherNonOperatingIncome": "170800000", "depreciation": "None", "depreciationAndAmortization": "323300000", "incomeBeforeTax": "2122100000", "incomeTaxExpense": "733600000", "interestAndDebtExpense": "None", "netIncomeFromContinuingOperations": "1388500000", "comprehensiveIncomeNetOfTax": "None", "ebit": "2129800000", "ebitda": "2453100000", "netIncome": "1388500000"}, {"fiscalDateEnding": "2011-06-30", "reportedCurrency": "USD", "grossProfit": "3607900000", "totalRevenue": "9339400000", "costOfRevenue": "5731500000", "costofGoodsAndServicesSold": "5731500000", "operatingIncome": "1284600000", "sellingGeneralAndAdministrative": "2323300000", "researchAndDevelopment": "577200000", "operatingExpenses": "2323300000", "investmentIncomeNet": "None", "netInterestIncome": "None", "interestIncome": "None", "interestExpense": "8600000", "nonInterestIncome": "None", "otherNonOperatingIncome": "116600000", "depreciation": "None", "depreciationAndAmortization": "318200000", "incomeBeforeTax": "1932700000", "incomeTaxExpense": "678500000", "interestAndDebtExpense": "None", "netIncomeFromContinuingOperations": "1254200000", "comprehensiveIncomeNetOfTax": "None", "ebit": "1941300000", "ebitda": "2259500000", "netIncome": "1254200000"}, {"fiscalDateEnding": "2010-06-30", "reportedCurrency": "USD", "grossProfit": "3898000000", "totalRevenue": "8927700000", "costOfRevenue": "5029700000", "costofGoodsAndServicesSold": "5029700000", "operatingIncome": "1770600000", "sellingGeneralAndAdministrative": "2127400000", "researchAndDevelopment": "513900000", "operatingExpenses": "2127400000", "investmentIncomeNet": "None", "netInterestIncome": "None", "interestIncome": "None", "interestExpense": "8600000", "nonInterestIncome": "None", "otherNonOperatingIncome": "101200000", "depreciation": "None", "depreciationAndAmortization": "309200000", "incomeBeforeTax": "1863200000", "incomeTaxExpense": "655900000", "interestAndDebtExpense": "None", "netIncomeFromContinuingOperations": "1207300000", "comprehensiveIncomeNetOfTax": "None", "ebit": "1770600000", "ebitda": "2079800000", "netIncome": "1211400000"}, {"fiscalDateEnding": "2009-06-30", "reportedCurrency": "USD", "grossProfit": "4027600000", "totalRevenue": "8867100000", "costOfRevenue": "4839500000", "costofGoodsAndServicesSold": "4839500000", "operatingIncome": "1830000000", "sellingGeneralAndAdministrative": "2197600000", "researchAndDevelopment": "499700000", "operatingExpenses": "2197600000", "investmentIncomeNet": "None", "netInterestIncome": "None", "interestIncome": "None", "interestExpense": "33300000", "nonInterestIncome": "None", "otherNonOperatingIncome": "None", "depreciation": "None", "depreciationAndAmortization": "308100000", "incomeBeforeTax": "1904700000", "incomeTaxExpense": "576500000", "interestAndDebtExpense": "None", "netIncomeFromContinuingOperations": "None", "comprehensiveIncomeNetOfTax": "None", "ebit": "1938000000", "ebitda": "2246100000", "netIncome": "1332600000"}, {"fiscalDateEnding": "2008-06-30", "reportedCurrency": "USD", "grossProfit": "4860800000", "totalRevenue": "8776500000", "costOfRevenue": "3915700000", "costofGoodsAndServicesSold": "3915700000", "operatingIncome": "1726000000", "sellingGeneralAndAdministrative": "2370400000", "researchAndDevelopment": "525900000", "operatingExpenses": "3134800000", "investmentIncomeNet": "None", "netInterestIncome": "None", "interestIncome": "None", "interestExpense": "80500000", "nonInterestIncome": "None", "otherNonOperatingIncome": "None", "depreciation": "None", "depreciationAndAmortization": "361800000", "incomeBeforeTax": "1812000000", "incomeTaxExpense": "650300000", "interestAndDebtExpense": "None", "netIncomeFromContinuingOperations": "None", "comprehensiveIncomeNetOfTax": "None", "ebit": "1769200000", "ebitda": "2131000000", "netIncome": "1235700000"}, {"fiscalDateEnding": "2007-06-30", "reportedCurrency": "USD", "grossProfit": "4407700000", "totalRevenue": "7800000000", "costOfRevenue": "3392300000", "costofGoodsAndServicesSold": "3392300000", "operatingIncome": "1506500000", "sellingGeneralAndAdministrative": "2206200000", "researchAndDevelopment": "486100000", "operatingExpenses": "2901200000", "investmentIncomeNet": "None", "netInterestIncome": "None", "interestIncome": "None", "interestExpense": "94900000", "nonInterestIncome": "None", "otherNonOperatingIncome": "None", "depreciation": "None", "depreciationAndAmortization": "329300000", "incomeBeforeTax": "1623500000", "incomeTaxExpense": "602300000", "interestAndDebtExpense": "None", "netIncomeFromContinuingOperations": "None", "comprehensiveIncomeNetOfTax": "None", "ebit": "1506500000", "ebitda": "1835800000", "netIncome": "1138700000"}, {"fiscalDateEnding": "2006-06-30", "reportedCurrency": "USD", "grossProfit": "4592000000", "totalRevenue": "8881500000", "costOfRevenue": "4289500000", "costofGoodsAndServicesSold": "4289500000", "operatingIncome": "1678500000", "sellingGeneralAndAdministrative": "2035100000", "researchAndDevelopment": "589800000", "operatingExpenses": "2913500000", "investmentIncomeNet": "None", "netInterestIncome": "None", "interestIncome": "None", "interestExpense": "0", "nonInterestIncome": "None", "otherNonOperatingIncome": "None", "depreciation": "None", "depreciationAndAmortization": "364000000", "incomeBeforeTax": "1743000000", "incomeTaxExpense": "670600000", "interestAndDebtExpense": "None", "netIncomeFromContinuingOperations": "None", "comprehensiveIncomeNetOfTax": "None", "ebit": "1255600000", "ebitda": "1619600000", "netIncome": "1554000000"}, {"fiscalDateEnding": "2005-06-30", "reportedCurrency": "USD", "grossProfit": "4530200000", "totalRevenue": "8499700000", "costOfRevenue": "3969500000", "costofGoodsAndServicesSold": "3969500000", "operatingIncome": "1644600000", "sellingGeneralAndAdministrative": "1957100000", "researchAndDevelopment": "624100000", "operatingExpenses": "2885600000", "investmentIncomeNet": "None", "netInterestIncome": "None", "interestIncome": "None", "interestExpense": "0", "nonInterestIncome": "None", "otherNonOperatingIncome": "None", "depreciation": "None", "depreciationAndAmortization": "424400000", "incomeBeforeTax": "1677900000", "incomeTaxExpense": "622500000", "interestAndDebtExpense": "None", "netIncomeFromContinuingOperations": "None", "comprehensiveIncomeNetOfTax": "None", "ebit": "1207400000", "ebitda": "1631800000", "netIncome": "1055400000"}], "quarterlyReports": [{"fiscalDateEnding": "2024-12-31", "reportedCurrency": "USD", "grossProfit": "2305900000", "totalRevenue": "5048400000", "costOfRevenue": "2742500000", "costofGoodsAndServicesSold": "2742500000", "operatingIncome": "-70200000", "sellingGeneralAndAdministrative": "1006100000", "researchAndDevelopment": "239500000", "operatingExpenses": "2376100000", "investmentIncomeNet": "None", "netInterestIncome": "227100000", "interestIncome": "356700000", "interestExpense": "129600000", "nonInterestIncome": "None", "otherNonOperatingIncome": "None", "depreciation": "None", "depreciationAndAmortization": "126900000", "incomeBeforeTax": "1261300000", "incomeTaxExpense": "298100000", "interestAndDebtExpense": "None", "netIncomeFromContinuingOperations": "963200000", "comprehensiveIncomeNetOfTax": "None", "ebit": "1390900000", "ebitda": "1517800000", "netIncome": "963200000"}, {"fiscalDateEnding": "2024-09-30", "reportedCurrency": "USD", "grossProfit": "2199000000", "totalRevenue": "4832700000", "costOfRevenue": "2633700000", "costofGoodsAndServicesSold": "2633700000", "operatingIncome": "1272000000", "sellingGeneralAndAdministrative": "926700000", "researchAndDevelopment": "232600000", "operatingExpenses": "1945700000", "investmentIncomeNet": "None", "netInterestIncome": "207200000", "interestIncome": "345000000", "interestExpense": "137800000", "nonInterestIncome": "None", "otherNonOperatingIncome": "None", "depreciation": "None", "depreciationAndAmortization": "138600000", "incomeBeforeTax": "1236200000", "incomeTaxExpense": "279900000", "interestAndDebtExpense": "None", "netIncomeFromContinuingOperations": "956300000", "comprehensiveIncomeNetOfTax": "None", "ebit": "1375100000", "ebitda": "1513700000", "netIncome": "956300000"}, {"fiscalDateEnding": "2024-06-30", "reportedCurrency": "USD", "grossProfit": "2360200000", "totalRevenue": "4768500000", "costOfRevenue": "2408300000", "costofGoodsAndServicesSold": "2408300000", "operatingIncome": "1097600000", "sellingGeneralAndAdministrative": "1026700000", "researchAndDevelopment": "247900000", "operatingExpenses": "1262600000", "investmentIncomeNet": "None", "netInterestIncome": "-20200000", "interestIncome": "82000000", "interestExpense": "102200000", "nonInterestIncome": "None", "otherNonOperatingIncome": "None", "depreciation": "None", "depreciationAndAmortization": "135700000", "incomeBeforeTax": "1089400000", "incomeTaxExpense": "260100000", "interestAndDebtExpense": "None", "netIncomeFromContinuingOperations": "829300000", "comprehensiveIncomeNetOfTax": "None", "ebit": "1192600000", "ebitda": "1328300000", "netIncome": "829300000"}, {"fiscalDateEnding": "2024-03-31", "reportedCurrency": "USD", "grossProfit": "2485600000", "totalRevenue": "5253800000", "costOfRevenue": "2768200000", "costofGoodsAndServicesSold": "2768200000", "operatingIncome": "1553100000", "sellingGeneralAndAdministrative": "932500000", "researchAndDevelopment": "242700000", "operatingExpenses": "932500000", "investmentIncomeNet": "None", "netInterestIncome": "-6800000", "interestIncome": "55900000", "interestExpense": "62700000", "nonInterestIncome": "None", "otherNonOperatingIncome": "None", "depreciation": "None", "depreciationAndAmortization": "144600000", "incomeBeforeTax": "1546300000", "incomeTaxExpense": "361400000", "interestAndDebtExpense": "None", "netIncomeFromContinuingOperations": "1184900000", "comprehensiveIncomeNetOfTax": "None", "ebit": "1607900000", "ebitda": "1752500000", "netIncome": "1184900000"}, {"fiscalDateEnding": "2023-12-31", "reportedCurrency": "USD", "grossProfit": "2106400000", "totalRevenue": "4668000000", "costOfRevenue": "2561600000", "costofGoodsAndServicesSold": "2561600000", "operatingIncome": "1183900000", "sellingGeneralAndAdministrative": "922500000", "researchAndDevelopment": "228700000", "operatingExpenses": "922500000", "investmentIncomeNet": "None", "netInterestIncome": "177300000", "interestIncome": "282200000", "interestExpense": "104900000", "nonInterestIncome": "None", "otherNonOperatingIncome": "None", "depreciation": "None", "depreciationAndAmortization": "140100000", "incomeBeforeTax": "1143800000", "incomeTaxExpense": "265400000", "interestAndDebtExpense": "None", "netIncomeFromContinuingOperations": "878400000", "comprehensiveIncomeNetOfTax": "None", "ebit": "1249800000", "ebitda": "1389900000", "netIncome": "878400000"}, {"fiscalDateEnding": "2023-09-30", "reportedCurrency": "USD", "grossProfit": "1997000000", "totalRevenue": "4512400000", "costOfRevenue": "2515400000", "costofGoodsAndServicesSold": "2515400000", "operatingIncome": "1116700000", "sellingGeneralAndAdministrative": "880300000", "researchAndDevelopment": "236500000", "operatingExpenses": "880300000", "investmentIncomeNet": "None", "netInterestIncome": "156600000", "interestIncome": "248200000", "interestExpense": "91600000", "nonInterestIncome": "None", "otherNonOperatingIncome": "None", "depreciation": "None", "depreciationAndAmortization": "141500000", "incomeBeforeTax": "1092800000", "incomeTaxExpense": "233400000", "interestAndDebtExpense": "None", "netIncomeFromContinuingOperations": "859400000", "comprehensiveIncomeNetOfTax": "None", "ebit": "1185500000", "ebitda": "1327000000", "netIncome": "859400000"}, {"fiscalDateEnding": "2023-06-30", "reportedCurrency": "USD", "grossProfit": "1992500000", "totalRevenue": "4477800000", "costOfRevenue": "2485300000", "costofGoodsAndServicesSold": "2485300000", "operatingIncome": "1035300000", "sellingGeneralAndAdministrative": "957200000", "researchAndDevelopment": "222300000", "operatingExpenses": "957200000", "investmentIncomeNet": "None", "netInterestIncome": "195500000", "interestIncome": "302400000", "interestExpense": "106900000", "nonInterestIncome": "None", "otherNonOperatingIncome": "77200000", "depreciation": "None", "depreciationAndAmortization": "140400000", "incomeBeforeTax": "1005600000", "incomeTaxExpense": "228900000", "interestAndDebtExpense": "None", "netIncomeFromContinuingOperations": "776700000", "comprehensiveIncomeNetOfTax": "None", "ebit": "1113500000", "ebitda": "1253900000", "netIncome": "776700000"}, {"fiscalDateEnding": "2023-03-31", "reportedCurrency": "USD", "grossProfit": "2054600000", "totalRevenue": "4927800000", "costOfRevenue": "2623800000", "costofGoodsAndServicesSold": "2623800000", "operatingIncome": "1116600000", "sellingGeneralAndAdministrative": "938000000", "researchAndDevelopment": "208600000", "operatingExpenses": "3561800000", "investmentIncomeNet": "None", "netInterestIncome": "235200000", "interestIncome": "273500000", "interestExpense": "38300000", "nonInterestIncome": "None", "otherNonOperatingIncome": "36300000", "depreciation": "None", "depreciationAndAmortization": "137000000", "incomeBeforeTax": "1364000000", "incomeTaxExpense": "320800000", "interestAndDebtExpense": "None", "netIncomeFromContinuingOperations": "1043100000", "comprehensiveIncomeNetOfTax": "None", "ebit": "1403200000", "ebitda": "1540200000", "netIncome": "1043100000"}, {"fiscalDateEnding": "2022-12-31", "reportedCurrency": "USD", "grossProfit": "1753100000", "totalRevenue": "4391000000", "costOfRevenue": "2450700000", "costofGoodsAndServicesSold": "2450700000", "operatingIncome": "897400000", "sellingGeneralAndAdministrative": "855700000", "researchAndDevelopment": "204200000", "operatingExpenses": "3306400000", "investmentIncomeNet": "None", "netInterestIncome": "159100000", "interestIncome": "216100000", "interestExpense": "57000000", "nonInterestIncome": "None", "otherNonOperatingIncome": "30500000", "depreciation": "None", "depreciationAndAmortization": "136800000", "incomeBeforeTax": "1058100000", "incomeTaxExpense": "244900000", "interestAndDebtExpense": "None", "netIncomeFromContinuingOperations": "813100000", "comprehensiveIncomeNetOfTax": "None", "ebit": "1126600000", "ebitda": "1263400000", "netIncome": "813100000"}, {"fiscalDateEnding": "2022-09-30", "reportedCurrency": "USD", "grossProfit": "1681000000", "totalRevenue": "4215600000", "costOfRevenue": "2393600000", "costofGoodsAndServicesSold": "2393600000", "operatingIncome": "1063000000", "sellingGeneralAndAdministrative": "800300000", "researchAndDevelopment": "209800000", "operatingExpenses": "800300000", "investmentIncomeNet": "None", "netInterestIncome": "119500000", "interestIncome": "170700000", "interestExpense": "51200000", "nonInterestIncome": "None", "otherNonOperatingIncome": "39500000", "depreciation": "None", "depreciationAndAmortization": "135100000", "incomeBeforeTax": "1010000000", "incomeTaxExpense": "231000000", "interestAndDebtExpense": "None", "netIncomeFromContinuingOperations": "779000000", "comprehensiveIncomeNetOfTax": "None", "ebit": "1063000000", "ebitda": "1198100000", "netIncome": "779000000"}, {"fiscalDateEnding": "2022-06-30", "reportedCurrency": "USD", "grossProfit": "1614900000", "totalRevenue": "4000800000", "costOfRevenue": "2385900000", "costofGoodsAndServicesSold": "2385900000", "operatingIncome": "700700000", "sellingGeneralAndAdministrative": "914200000", "researchAndDevelopment": "212800000", "operatingExpenses": "914200000", "investmentIncomeNet": "None", "netInterestIncome": "117300000", "interestIncome": "143900000", "interestExpense": "26600000", "nonInterestIncome": "None", "otherNonOperatingIncome": "None", "depreciation": "None", "depreciationAndAmortization": "130500000", "incomeBeforeTax": "803300000", "incomeTaxExpense": "177900000", "interestAndDebtExpense": "None", "netIncomeFromContinuingOperations": "625400000", "comprehensiveIncomeNetOfTax": "None", "ebit": "831000000", "ebitda": "961500000", "netIncome": "625400000"}, {"fiscalDateEnding": "2022-03-31", "reportedCurrency": "USD", "grossProfit": "1882800000", "totalRevenue": "4513000000", "costOfRevenue": "2512200000", "costofGoodsAndServicesSold": "2512200000", "operatingIncome": "1206700000", "sellingGeneralAndAdministrative": "817500000", "researchAndDevelopment": "197300000", "operatingExpenses": "817500000", "investmentIncomeNet": "None", "netInterestIncome": "105200000", "interestIncome": "123600000", "interestExpense": "18400000", "nonInterestIncome": "None", "otherNonOperatingIncome": "25000000", "depreciation": "None", "depreciationAndAmortization": "129000000", "incomeBeforeTax": "1189800000", "incomeTaxExpense": "261300000", "interestAndDebtExpense": "None", "netIncomeFromContinuingOperations": "928500000", "comprehensiveIncomeNetOfTax": "None", "ebit": "1206700000", "ebitda": "1335700000", "netIncome": "928500000"}, {"fiscalDateEnding": "2021-12-31", "reportedCurrency": "USD", "grossProfit": "1578200000", "totalRevenue": "3919400000", "costOfRevenue": "2341200000", "costofGoodsAndServicesSold": "2341200000", "operatingIncome": "795900000", "sellingGeneralAndAdministrative": "782300000", "researchAndDevelopment": "199700000", "operatingExpenses": "782300000", "investmentIncomeNet": "None", "netInterestIncome": "-9900000", "interestIncome": "8500000", "interestExpense": "18400000", "nonInterestIncome": "None", "otherNonOperatingIncome": "None", "depreciation": "None", "depreciationAndAmortization": "126500000", "incomeBeforeTax": "910100000", "incomeTaxExpense": "215700000", "interestAndDebtExpense": "None", "netIncomeFromContinuingOperations": "694400000", "comprehensiveIncomeNetOfTax": "None", "ebit": "928500000", "ebitda": "1055000000", "netIncome": "694400000"}, {"fiscalDateEnding": "2021-09-30", "reportedCurrency": "USD", "grossProfit": "1508600000", "totalRevenue": "3731200000", "costOfRevenue": "2222600000", "costofGoodsAndServicesSold": "2222600000", "operatingIncome": "789400000", "sellingGeneralAndAdministrative": "719200000", "researchAndDevelopment": "188800000", "operatingExpenses": "719200000", "investmentIncomeNet": "None", "netInterestIncome": "-8800000", "interestIncome": "9700000", "interestExpense": "18500000", "nonInterestIncome": "None", "otherNonOperatingIncome": "28800000", "depreciation": "None", "depreciationAndAmortization": "129100000", "incomeBeforeTax": "900800000", "incomeTaxExpense": "200300000", "interestAndDebtExpense": "None", "netIncomeFromContinuingOperations": "700500000", "comprehensiveIncomeNetOfTax": "None", "ebit": "919300000", "ebitda": "1048400000", "netIncome": "700500000"}, {"fiscalDateEnding": "2021-06-30", "reportedCurrency": "USD", "grossProfit": "1428200000", "totalRevenue": "3633700000", "costOfRevenue": "2205500000", "costofGoodsAndServicesSold": "2205500000", "operatingIncome": "587500000", "sellingGeneralAndAdministrative": "840700000", "researchAndDevelopment": "194900000", "operatingExpenses": "840700000", "investmentIncomeNet": "None", "netInterestIncome": "-9700000", "interestIncome": "7500000", "interestExpense": "17200000", "nonInterestIncome": "None", "otherNonOperatingIncome": "23600000", "depreciation": "None", "depreciationAndAmortization": "126000000", "incomeBeforeTax": "697100000", "incomeTaxExpense": "158900000", "interestAndDebtExpense": "None", "netIncomeFromContinuingOperations": "538200000", "comprehensiveIncomeNetOfTax": "None", "ebit": "714300000", "ebitda": "840300000", "netIncome": "538200000"}, {"fiscalDateEnding": "2021-03-31", "reportedCurrency": "USD", "grossProfit": "1716500000", "totalRevenue": "3994600000", "costOfRevenue": "2278100000", "costofGoodsAndServicesSold": "2278100000", "operatingIncome": "953500000", "sellingGeneralAndAdministrative": "763000000", "researchAndDevelopment": "None", "operatingExpenses": "763000000", "investmentIncomeNet": "None", "netInterestIncome": "-8800000", "interestIncome": "4700000", "interestExpense": "13500000", "nonInterestIncome": "None", "otherNonOperatingIncome": "18800000", "depreciation": "None", "depreciationAndAmortization": "126900000", "incomeBeforeTax": "1066200000", "incomeTaxExpense": "255500000", "interestAndDebtExpense": "None", "netIncomeFromContinuingOperations": "810700000", "comprehensiveIncomeNetOfTax": "None", "ebit": "1079700000", "ebitda": "1206600000", "netIncome": "810700000"}, {"fiscalDateEnding": "2020-12-31", "reportedCurrency": "USD", "grossProfit": "1467900000", "totalRevenue": "3590300000", "costOfRevenue": "2122400000", "costofGoodsAndServicesSold": "2122400000", "operatingIncome": "712100000", "sellingGeneralAndAdministrative": "755800000", "researchAndDevelopment": "None", "operatingExpenses": "755800000", "investmentIncomeNet": "None", "netInterestIncome": "-3500000", "interestIncome": "10400000", "interestExpense": "13900000", "nonInterestIncome": "None", "otherNonOperatingIncome": "29000000", "depreciation": "None", "depreciationAndAmortization": "126700000", "incomeBeforeTax": "832600000", "incomeTaxExpense": "185100000", "interestAndDebtExpense": "None", "netIncomeFromContinuingOperations": "647500000", "comprehensiveIncomeNetOfTax": "None", "ebit": "846500000", "ebitda": "973200000", "netIncome": "647500000"}, {"fiscalDateEnding": "2020-09-30", "reportedCurrency": "USD", "grossProfit": "1329900000", "totalRevenue": "3364200000", "costOfRevenue": "2034300000", "costofGoodsAndServicesSold": "2034300000", "operatingIncome": "648900000", "sellingGeneralAndAdministrative": "681000000", "researchAndDevelopment": "None", "operatingExpenses": "681000000", "investmentIncomeNet": "None", "netInterestIncome": "-1300000", "interestIncome": "13800000", "interestExpense": "15100000", "nonInterestIncome": "None", "otherNonOperatingIncome": "24900000", "depreciation": "None", "depreciationAndAmortization": "131100000", "incomeBeforeTax": "765200000", "incomeTaxExpense": "163100000", "interestAndDebtExpense": "None", "netIncomeFromContinuingOperations": "602100000", "comprehensiveIncomeNetOfTax": "None", "ebit": "780300000", "ebitda": "911400000", "netIncome": "602100000"}, {"fiscalDateEnding": "2020-06-30", "reportedCurrency": "USD", "grossProfit": "1194800000", "totalRevenue": "3262000000", "costOfRevenue": "2067200000", "costofGoodsAndServicesSold": "2067200000", "operatingIncome": "429200000", "sellingGeneralAndAdministrative": "2237400000", "researchAndDevelopment": "None", "operatingExpenses": "765600000", "investmentIncomeNet": "None", "netInterestIncome": "-85700000", "interestIncome": "14500000", "interestExpense": "15600000", "nonInterestIncome": "None", "otherNonOperatingIncome": "2800000", "depreciation": "None", "depreciationAndAmortization": "124500000", "incomeBeforeTax": "531300000", "incomeTaxExpense": "119800000", "interestAndDebtExpense": "None", "netIncomeFromContinuingOperations": "411600000", "comprehensiveIncomeNetOfTax": "None", "ebit": "546900000", "ebitda": "671400000", "netIncome": "411500000"}, {"fiscalDateEnding": "2020-03-31", "reportedCurrency": "USD", "grossProfit": "1649800000", "totalRevenue": "3888900000", "costOfRevenue": "2239100000", "costofGoodsAndServicesSold": "2239100000", "operatingIncome": "893200000", "sellingGeneralAndAdministrative": "756600000", "researchAndDevelopment": "None", "operatingExpenses": "756600000", "investmentIncomeNet": "None", "netInterestIncome": "-7900000", "interestIncome": "12100000", "interestExpense": "20000000", "nonInterestIncome": "None", "otherNonOperatingIncome": "44600000", "depreciation": "None", "depreciationAndAmortization": "120600000", "incomeBeforeTax": "1076700000", "incomeTaxExpense": "255800000", "interestAndDebtExpense": "None", "netIncomeFromContinuingOperations": "820900000", "comprehensiveIncomeNetOfTax": "None", "ebit": "1096700000", "ebitda": "1217300000", "netIncome": "820900000"}, {"fiscalDateEnding": "2019-12-31", "reportedCurrency": "USD", "grossProfit": "1437700000", "totalRevenue": "3531800000", "costOfRevenue": "2094100000", "costofGoodsAndServicesSold": "2094100000", "operatingIncome": "683400000", "sellingGeneralAndAdministrative": "754300000", "researchAndDevelopment": "None", "operatingExpenses": "754300000", "investmentIncomeNet": "None", "netInterestIncome": "-5900000", "interestIncome": "25700000", "interestExpense": "31600000", "nonInterestIncome": "None", "otherNonOperatingIncome": "46000000", "depreciation": "None", "depreciationAndAmortization": "117600000", "incomeBeforeTax": "835500000", "incomeTaxExpense": "183900000", "interestAndDebtExpense": "None", "netIncomeFromContinuingOperations": "651600000", "comprehensiveIncomeNetOfTax": "None", "ebit": "867100000", "ebitda": "984700000", "netIncome": "651600000"}, {"fiscalDateEnding": "2019-09-30", "reportedCurrency": "USD", "grossProfit": "1317000000", "totalRevenue": "3361800000", "costOfRevenue": "2044800000", "costofGoodsAndServicesSold": "2044800000", "operatingIncome": "590500000", "sellingGeneralAndAdministrative": "726500000", "researchAndDevelopment": "None", "operatingExpenses": "726500000", "investmentIncomeNet": "None", "netInterestIncome": "-7600000", "interestIncome": "32300000", "interestExpense": "39900000", "nonInterestIncome": "None", "otherNonOperatingIncome": "54600000", "depreciation": "None", "depreciationAndAmortization": "117300000", "incomeBeforeTax": "739100000", "incomeTaxExpense": "156700000", "interestAndDebtExpense": "None", "netIncomeFromContinuingOperations": "582400000", "comprehensiveIncomeNetOfTax": "None", "ebit": "779000000", "ebitda": "896300000", "netIncome": "582400000"}, {"fiscalDateEnding": "2019-06-30", "reportedCurrency": "USD", "grossProfit": "1331300000", "totalRevenue": "3351800000", "costOfRevenue": "2020500000", "costofGoodsAndServicesSold": "2020500000", "operatingIncome": "476500000", "sellingGeneralAndAdministrative": "854800000", "researchAndDevelopment": "None", "operatingExpenses": "854800000", "investmentIncomeNet": "None", "netInterestIncome": "-7700000", "interestIncome": "26000000", "interestExpense": "33700000", "nonInterestIncome": "None", "otherNonOperatingIncome": "43600000", "depreciation": "None", "depreciationAndAmortization": "109400000", "incomeBeforeTax": "633300000", "incomeTaxExpense": "157800000", "interestAndDebtExpense": "None", "netIncomeFromContinuingOperations": "-172900000", "comprehensiveIncomeNetOfTax": "None", "ebit": "667000000", "ebitda": "776400000", "netIncome": "475500000"}, {"fiscalDateEnding": "2019-03-31", "reportedCurrency": "USD", "grossProfit": "1568200000", "totalRevenue": "3680000000", "costOfRevenue": "2111800000", "costofGoodsAndServicesSold": "2111800000", "operatingIncome": "817800000", "sellingGeneralAndAdministrative": "750400000", "researchAndDevelopment": "None", "operatingExpenses": "750400000", "investmentIncomeNet": "None", "netInterestIncome": "-6700000", "interestIncome": "15000000", "interestExpense": "21700000", "nonInterestIncome": "None", "otherNonOperatingIncome": "21000000", "depreciation": "None", "depreciationAndAmortization": "103100000", "incomeBeforeTax": "984500000", "incomeTaxExpense": "230800000", "interestAndDebtExpense": "None", "netIncomeFromContinuingOperations": "753700000", "comprehensiveIncomeNetOfTax": "None", "ebit": "1006200000", "ebitda": "1109300000", "netIncome": "753700000"}, {"fiscalDateEnding": "2018-12-31", "reportedCurrency": "USD", "grossProfit": "1363100000", "totalRevenue": "3376800000", "costOfRevenue": "2013700000", "costofGoodsAndServicesSold": "2013700000", "operatingIncome": "617900000", "sellingGeneralAndAdministrative": "745200000", "researchAndDevelopment": "156100000", "operatingExpenses": "745200000", "investmentIncomeNet": "None", "netInterestIncome": "None", "interestIncome": "None", "interestExpense": "38600000", "nonInterestIncome": "None", "otherNonOperatingIncome": "32600000", "depreciation": "None", "depreciationAndAmortization": "97500000", "incomeBeforeTax": "741000000", "incomeTaxExpense": "182800000", "interestAndDebtExpense": "None", "netIncomeFromContinuingOperations": "923800000", "comprehensiveIncomeNetOfTax": "None", "ebit": "779600000", "ebitda": "877100000", "netIncome": "558200000"}, {"fiscalDateEnding": "2018-09-30", "reportedCurrency": "USD", "grossProfit": "1264200000", "totalRevenue": "3204700000", "costOfRevenue": "1940500000", "costofGoodsAndServicesSold": "1940500000", "operatingIncome": "550300000", "sellingGeneralAndAdministrative": "713900000", "researchAndDevelopment": "158000000", "operatingExpenses": "713900000", "investmentIncomeNet": "None", "netInterestIncome": "None", "interestIncome": "None", "interestExpense": "35900000", "nonInterestIncome": "None", "otherNonOperatingIncome": "13900000", "depreciation": "None", "depreciationAndAmortization": "99000000", "incomeBeforeTax": "646800000", "incomeTaxExpense": "141400000", "interestAndDebtExpense": "None", "netIncomeFromContinuingOperations": "788200000", "comprehensiveIncomeNetOfTax": "None", "ebit": "682700000", "ebitda": "781700000", "netIncome": "505400000"}, {"fiscalDateEnding": "2018-06-30", "reportedCurrency": "USD", "grossProfit": "1240800000", "totalRevenue": "3193000000", "costOfRevenue": "1952200000", "costofGoodsAndServicesSold": "1952200000", "operatingIncome": "403900000", "sellingGeneralAndAdministrative": "836700000", "researchAndDevelopment": "152600000", "operatingExpenses": "836700000", "investmentIncomeNet": "None", "netInterestIncome": "None", "interestIncome": "None", "interestExpense": "28500000", "nonInterestIncome": "None", "otherNonOperatingIncome": "-296500000", "depreciation": "None", "depreciationAndAmortization": "99300000", "incomeBeforeTax": "204500000", "incomeTaxExpense": "95800000", "interestAndDebtExpense": "None", "netIncomeFromContinuingOperations": "-800100000", "comprehensiveIncomeNetOfTax": "None", "ebit": "233000000", "ebitda": "332300000", "netIncome": "108700000"}, {"fiscalDateEnding": "2018-03-31", "reportedCurrency": "USD", "grossProfit": "1480800000", "totalRevenue": "3558200000", "costOfRevenue": "2077400000", "costofGoodsAndServicesSold": "2077400000", "operatingIncome": "725700000", "sellingGeneralAndAdministrative": "755100000", "researchAndDevelopment": "162500000", "operatingExpenses": "755100000", "investmentIncomeNet": "None", "netInterestIncome": "None", "interestIncome": "None", "interestExpense": "18600000", "nonInterestIncome": "None", "otherNonOperatingIncome": "10700000", "depreciation": "None", "depreciationAndAmortization": "96300000", "incomeBeforeTax": "852600000", "incomeTaxExpense": "209500000", "interestAndDebtExpense": "None", "netIncomeFromContinuingOperations": "1062100000", "comprehensiveIncomeNetOfTax": "None", "ebit": "871200000", "ebitda": "967500000", "netIncome": "643100000"}, {"fiscalDateEnding": "2017-12-31", "reportedCurrency": "USD", "grossProfit": "1182000000", "totalRevenue": "3128700000", "costOfRevenue": "1946700000", "costofGoodsAndServicesSold": "1946700000", "operatingIncome": "464800000", "sellingGeneralAndAdministrative": "717200000", "researchAndDevelopment": "159400000", "operatingExpenses": "717200000", "investmentIncomeNet": "None", "netInterestIncome": "None", "interestIncome": "None", "interestExpense": "27500000", "nonInterestIncome": "None", "otherNonOperatingIncome": "21700000", "depreciation": "None", "depreciationAndAmortization": "94800000", "incomeBeforeTax": "565700000", "incomeTaxExpense": "98200000", "interestAndDebtExpense": "None", "netIncomeFromContinuingOperations": "663900000", "comprehensiveIncomeNetOfTax": "None", "ebit": "593200000", "ebitda": "688000000", "netIncome": "467500000"}, {"fiscalDateEnding": "2017-09-30", "reportedCurrency": "USD", "grossProfit": "1113000000", "totalRevenue": "2979400000", "costOfRevenue": "1866400000", "costofGoodsAndServicesSold": "1866400000", "operatingIncome": "450600000", "sellingGeneralAndAdministrative": "662400000", "researchAndDevelopment": "158200000", "operatingExpenses": "662400000", "investmentIncomeNet": "None", "netInterestIncome": "None", "interestIncome": "None", "interestExpense": "28000000", "nonInterestIncome": "None", "otherNonOperatingIncome": "26200000", "depreciation": "None", "depreciationAndAmortization": "87200000", "incomeBeforeTax": "548200000", "incomeTaxExpense": "146700000", "interestAndDebtExpense": "None", "netIncomeFromContinuingOperations": "694900000", "comprehensiveIncomeNetOfTax": "None", "ebit": "576200000", "ebitda": "663400000", "netIncome": "401500000"}, {"fiscalDateEnding": "2017-06-30", "reportedCurrency": "USD", "grossProfit": "1112900000", "totalRevenue": "2960100000", "costOfRevenue": "1847200000", "costofGoodsAndServicesSold": "1847200000", "operatingIncome": "283300000", "sellingGeneralAndAdministrative": "829600000", "researchAndDevelopment": "166900000", "operatingExpenses": "829600000", "investmentIncomeNet": "None", "netInterestIncome": "None", "interestIncome": "None", "interestExpense": "22900000", "nonInterestIncome": "None", "otherNonOperatingIncome": "23400000", "depreciation": "None", "depreciationAndAmortization": "82500000", "incomeBeforeTax": "388400000", "incomeTaxExpense": "122600000", "interestAndDebtExpense": "None", "netIncomeFromContinuingOperations": "265900000", "comprehensiveIncomeNetOfTax": "None", "ebit": "411300000", "ebitda": "493800000", "netIncome": "265800000"}, {"fiscalDateEnding": "2017-03-31", "reportedCurrency": "USD", "grossProfit": "1388200000", "totalRevenue": "3299200000", "costOfRevenue": "1911000000", "costofGoodsAndServicesSold": "1911000000", "operatingIncome": "723200000", "sellingGeneralAndAdministrative": "665000000", "researchAndDevelopment": "153200000", "operatingExpenses": "665000000", "investmentIncomeNet": "None", "netInterestIncome": "None", "interestIncome": "None", "interestExpense": "16800000", "nonInterestIncome": "None", "otherNonOperatingIncome": "9900000", "depreciation": "None", "depreciationAndAmortization": "77600000", "incomeBeforeTax": "827900000", "incomeTaxExpense": "240000000", "interestAndDebtExpense": "None", "netIncomeFromContinuingOperations": "587900000", "comprehensiveIncomeNetOfTax": "None", "ebit": "844700000", "ebitda": "922300000", "netIncome": "587900000"}, {"fiscalDateEnding": "2016-12-31", "reportedCurrency": "USD", "grossProfit": "1127700000", "totalRevenue": "2895500000", "costOfRevenue": "1767800000", "costofGoodsAndServicesSold": "1767800000", "operatingIncome": "486900000", "sellingGeneralAndAdministrative": "640800000", "researchAndDevelopment": "152500000", "operatingExpenses": "640800000", "investmentIncomeNet": "None", "netInterestIncome": "None", "interestIncome": "None", "interestExpense": "20500000", "nonInterestIncome": "None", "otherNonOperatingIncome": "228000000", "depreciation": "None", "depreciationAndAmortization": "78400000", "incomeBeforeTax": "786200000", "incomeTaxExpense": "275300000", "interestAndDebtExpense": "None", "netIncomeFromContinuingOperations": "510900000", "comprehensiveIncomeNetOfTax": "None", "ebit": "806700000", "ebitda": "885100000", "netIncome": "510900000"}, {"fiscalDateEnding": "2016-09-30", "reportedCurrency": "USD", "grossProfit": "1084100000", "totalRevenue": "2827700000", "costOfRevenue": "1743600000", "costofGoodsAndServicesSold": "1743600000", "operatingIncome": "436400000", "sellingGeneralAndAdministrative": "647700000", "researchAndDevelopment": "154900000", "operatingExpenses": "647700000", "investmentIncomeNet": "None", "netInterestIncome": "None", "interestIncome": "None", "interestExpense": "19900000", "nonInterestIncome": "None", "otherNonOperatingIncome": "23000000", "depreciation": "None", "depreciationAndAmortization": "77600000", "incomeBeforeTax": "528700000", "incomeTaxExpense": "160000000", "interestAndDebtExpense": "None", "netIncomeFromContinuingOperations": "368700000", "comprehensiveIncomeNetOfTax": "None", "ebit": "548600000", "ebitda": "626200000", "netIncome": "368700000"}, {"fiscalDateEnding": "2016-06-30", "reportedCurrency": "USD", "grossProfit": "1102400000", "totalRevenue": "2800900000", "costOfRevenue": "1698500000", "costofGoodsAndServicesSold": "1698500000", "operatingIncome": "332100000", "sellingGeneralAndAdministrative": "770300000", "researchAndDevelopment": "150700000", "operatingExpenses": "770300000", "investmentIncomeNet": "None", "netInterestIncome": "None", "interestIncome": "None", "interestExpense": "18100000", "nonInterestIncome": "None", "otherNonOperatingIncome": "15700000", "depreciation": "None", "depreciationAndAmortization": "73900000", "incomeBeforeTax": "427000000", "incomeTaxExpense": "145000000", "interestAndDebtExpense": "None", "netIncomeFromContinuingOperations": "282000000", "comprehensiveIncomeNetOfTax": "None", "ebit": "445100000", "ebitda": "519000000", "netIncome": "282000000"}, {"fiscalDateEnding": "2016-03-31", "reportedCurrency": "USD", "grossProfit": "1333100000", "totalRevenue": "3145800000", "costOfRevenue": "1812700000", "costofGoodsAndServicesSold": "1812700000", "operatingIncome": "698700000", "sellingGeneralAndAdministrative": "634400000", "researchAndDevelopment": "147300000", "operatingExpenses": "634400000", "investmentIncomeNet": "None", "netInterestIncome": "None", "interestIncome": "None", "interestExpense": "16300000", "nonInterestIncome": "None", "otherNonOperatingIncome": "9600000", "depreciation": "None", "depreciationAndAmortization": "73300000", "incomeBeforeTax": "794800000", "incomeTaxExpense": "262300000", "interestAndDebtExpense": "None", "netIncomeFromContinuingOperations": "532500000", "comprehensiveIncomeNetOfTax": "None", "ebit": "811100000", "ebitda": "884400000", "netIncome": "532500000"}, {"fiscalDateEnding": "2015-12-31", "reportedCurrency": "USD", "grossProfit": "1035200000", "totalRevenue": "2717700000", "costOfRevenue": "1682500000", "costofGoodsAndServicesSold": "1682500000", "operatingIncome": "408000000", "sellingGeneralAndAdministrative": "627200000", "researchAndDevelopment": "149600000", "operatingExpenses": "627200000", "investmentIncomeNet": "None", "netInterestIncome": "None", "interestIncome": "None", "interestExpense": "16800000", "nonInterestIncome": "None", "otherNonOperatingIncome": "27400000", "depreciation": "None", "depreciationAndAmortization": "72600000", "incomeBeforeTax": "507900000", "incomeTaxExpense": "166500000", "interestAndDebtExpense": "None", "netIncomeFromContinuingOperations": "341400000", "comprehensiveIncomeNetOfTax": "None", "ebit": "524700000", "ebitda": "597300000", "netIncome": "341400000"}, {"fiscalDateEnding": "2015-09-30", "reportedCurrency": "USD", "grossProfit": "979700000", "totalRevenue": "2626200000", "costOfRevenue": "1646500000", "costofGoodsAndServicesSold": "1646500000", "operatingIncome": "374400000", "sellingGeneralAndAdministrative": "605300000", "researchAndDevelopment": "156100000", "operatingExpenses": "605300000", "investmentIncomeNet": "None", "netInterestIncome": "None", "interestIncome": "None", "interestExpense": "4900000", "nonInterestIncome": "None", "otherNonOperatingIncome": "47700000", "depreciation": "None", "depreciationAndAmortization": "68800000", "incomeBeforeTax": "505000000", "incomeTaxExpense": "167500000", "interestAndDebtExpense": "None", "netIncomeFromContinuingOperations": "337500000", "comprehensiveIncomeNetOfTax": "None", "ebit": "509900000", "ebitda": "578700000", "netIncome": "336600000"}, {"fiscalDateEnding": "2015-06-30", "reportedCurrency": "USD", "grossProfit": "997300000", "totalRevenue": "2599100000", "costOfRevenue": "1601800000", "costofGoodsAndServicesSold": "1601800000", "operatingIncome": "272100000", "sellingGeneralAndAdministrative": "720500000", "researchAndDevelopment": "149100000", "operatingExpenses": "720500000", "investmentIncomeNet": "None", "netInterestIncome": "None", "interestIncome": "None", "interestExpense": "1500000", "nonInterestIncome": "None", "otherNonOperatingIncome": "15600000", "depreciation": "None", "depreciationAndAmortization": "69500000", "incomeBeforeTax": "381600000", "incomeTaxExpense": "124600000", "interestAndDebtExpense": "None", "netIncomeFromContinuingOperations": "252500000", "comprehensiveIncomeNetOfTax": "None", "ebit": "133100000", "ebitda": "202600000", "netIncome": "336200000"}, {"fiscalDateEnding": "2015-03-31", "reportedCurrency": "USD", "grossProfit": "1242300000", "totalRevenue": "2930300000", "costOfRevenue": "1688000000", "costofGoodsAndServicesSold": "1688000000", "operatingIncome": "634100000", "sellingGeneralAndAdministrative": "608200000", "researchAndDevelopment": "152900000", "operatingExpenses": "608200000", "investmentIncomeNet": "None", "netInterestIncome": "None", "interestIncome": "None", "interestExpense": "800000", "nonInterestIncome": "None", "otherNonOperatingIncome": "7900000", "depreciation": "None", "depreciationAndAmortization": "70400000", "incomeBeforeTax": "742600000", "incomeTaxExpense": "250600000", "interestAndDebtExpense": "None", "netIncomeFromContinuingOperations": "492000000", "comprehensiveIncomeNetOfTax": "None", "ebit": "740300000", "ebitda": "810700000", "netIncome": "489600000"}, {"fiscalDateEnding": "2014-12-31", "reportedCurrency": "USD", "grossProfit": "983300000", "totalRevenue": "2570300000", "costOfRevenue": "1587000000", "costofGoodsAndServicesSold": "1587000000", "operatingIncome": "393100000", "sellingGeneralAndAdministrative": "590200000", "researchAndDevelopment": "147800000", "operatingExpenses": "590200000", "investmentIncomeNet": "None", "netInterestIncome": "None", "interestIncome": "None", "interestExpense": "2200000", "nonInterestIncome": "None", "otherNonOperatingIncome": "19200000", "depreciation": "None", "depreciationAndAmortization": "69700000", "incomeBeforeTax": "501100000", "incomeTaxExpense": "167100000", "interestAndDebtExpense": "None", "netIncomeFromContinuingOperations": "334000000", "comprehensiveIncomeNetOfTax": "None", "ebit": "500700000", "ebitda": "570400000", "netIncome": "331500000"}, {"fiscalDateEnding": "2014-09-30", "reportedCurrency": "USD", "grossProfit": "921600000", "totalRevenue": "2483500000", "costOfRevenue": "1561900000", "costofGoodsAndServicesSold": "1561900000", "operatingIncome": "343600000", "sellingGeneralAndAdministrative": "578000000", "researchAndDevelopment": "145600000", "operatingExpenses": "578000000", "investmentIncomeNet": "None", "netInterestIncome": "None", "interestIncome": "None", "interestExpense": "1900000", "nonInterestIncome": "None", "otherNonOperatingIncome": "20500000", "depreciation": "None", "depreciationAndAmortization": "68300000", "incomeBeforeTax": "452500000", "incomeTaxExpense": "154500000", "interestAndDebtExpense": "None", "netIncomeFromContinuingOperations": "298000000", "comprehensiveIncomeNetOfTax": "None", "ebit": "451700000", "ebitda": "520000000", "netIncome": "295200000"}, {"fiscalDateEnding": "2014-06-30", "reportedCurrency": "USD", "grossProfit": "1133000000", "totalRevenue": "2978600000", "costOfRevenue": "1845600000", "costofGoodsAndServicesSold": "1845600000", "operatingIncome": "356500000", "sellingGeneralAndAdministrative": "776400000", "researchAndDevelopment": "140600000", "operatingExpenses": "776400000", "investmentIncomeNet": "None", "netInterestIncome": "None", "interestIncome": "None", "interestExpense": "1300000", "nonInterestIncome": "None", "otherNonOperatingIncome": "13700000", "depreciation": "None", "depreciationAndAmortization": "89100000", "incomeBeforeTax": "449300000", "incomeTaxExpense": "160600000", "interestAndDebtExpense": "None", "netIncomeFromContinuingOperations": "286600000", "comprehensiveIncomeNetOfTax": "None", "ebit": "178300000", "ebitda": "267400000", "netIncome": "288700000"}, {"fiscalDateEnding": "2014-03-31", "reportedCurrency": "USD", "grossProfit": "1335500000", "totalRevenue": "3219900000", "costOfRevenue": "1884400000", "costofGoodsAndServicesSold": "1884400000", "operatingIncome": "662300000", "sellingGeneralAndAdministrative": "673200000", "researchAndDevelopment": "139600000", "operatingExpenses": "673200000", "investmentIncomeNet": "None", "netInterestIncome": "None", "interestIncome": "None", "interestExpense": "900000", "nonInterestIncome": "None", "otherNonOperatingIncome": "8300000", "depreciation": "None", "depreciationAndAmortization": "82700000", "incomeBeforeTax": "769800000", "incomeTaxExpense": "259400000", "interestAndDebtExpense": "None", "netIncomeFromContinuingOperations": "510400000", "comprehensiveIncomeNetOfTax": "None", "ebit": "643900000", "ebitda": "726600000", "netIncome": "521600000"}, {"fiscalDateEnding": "2013-12-31", "reportedCurrency": "USD", "grossProfit": "1121200000", "totalRevenue": "2893600000", "costOfRevenue": "1772400000", "costofGoodsAndServicesSold": "1772400000", "operatingIncome": "445600000", "sellingGeneralAndAdministrative": "675600000", "researchAndDevelopment": "138500000", "operatingExpenses": "675600000", "investmentIncomeNet": "None", "netInterestIncome": "None", "interestIncome": "None", "interestExpense": "2000000", "nonInterestIncome": "None", "otherNonOperatingIncome": "28300000", "depreciation": "None", "depreciationAndAmortization": "83900000", "incomeBeforeTax": "561100000", "incomeTaxExpense": "184100000", "interestAndDebtExpense": "None", "netIncomeFromContinuingOperations": "377000000", "comprehensiveIncomeNetOfTax": "None", "ebit": "447100000", "ebitda": "531000000", "netIncome": "377000000"}, {"fiscalDateEnding": "2013-09-30", "reportedCurrency": "USD", "grossProfit": "1026000000", "totalRevenue": "2750400000", "costOfRevenue": "1724400000", "costofGoodsAndServicesSold": "1724400000", "operatingIncome": "387400000", "sellingGeneralAndAdministrative": "638600000", "researchAndDevelopment": "132500000", "operatingExpenses": "638600000", "investmentIncomeNet": "None", "netInterestIncome": "None", "interestIncome": "None", "interestExpense": "1900000", "nonInterestIncome": "None", "otherNonOperatingIncome": "22600000", "depreciation": "None", "depreciationAndAmortization": "80500000", "incomeBeforeTax": "497300000", "incomeTaxExpense": "168700000", "interestAndDebtExpense": "None", "netIncomeFromContinuingOperations": "328600000", "comprehensiveIncomeNetOfTax": "None", "ebit": "389000000", "ebitda": "469500000", "netIncome": "328600000"}, {"fiscalDateEnding": "2013-06-30", "reportedCurrency": "USD", "grossProfit": "1017200000", "totalRevenue": "2710000000", "costOfRevenue": "1692800000", "costofGoodsAndServicesSold": "1692800000", "operatingIncome": "287100000", "sellingGeneralAndAdministrative": "730100000", "researchAndDevelopment": "174000000", "operatingExpenses": "730100000", "investmentIncomeNet": "None", "netInterestIncome": "None", "interestIncome": "None", "interestExpense": "1800000", "nonInterestIncome": "None", "otherNonOperatingIncome": "22100000", "depreciation": "None", "depreciationAndAmortization": "80300000", "incomeBeforeTax": "365100000", "incomeTaxExpense": "138100000", "interestAndDebtExpense": "None", "netIncomeFromContinuingOperations": "226900000", "comprehensiveIncomeNetOfTax": "None", "ebit": "366900000", "ebitda": "447200000", "netIncome": "227000000"}, {"fiscalDateEnding": "2013-03-31", "reportedCurrency": "USD", "grossProfit": "1256400000", "totalRevenue": "3002300000", "costOfRevenue": "1745900000", "costofGoodsAndServicesSold": "1745900000", "operatingIncome": "602000000", "sellingGeneralAndAdministrative": "654400000", "researchAndDevelopment": "164100000", "operatingExpenses": "654400000", "investmentIncomeNet": "None", "netInterestIncome": "None", "interestIncome": "None", "interestExpense": "1200000", "nonInterestIncome": "None", "otherNonOperatingIncome": "12000000", "depreciation": "None", "depreciationAndAmortization": "81100000", "incomeBeforeTax": "724800000", "incomeTaxExpense": "242100000", "interestAndDebtExpense": "None", "netIncomeFromContinuingOperations": "482700000", "comprehensiveIncomeNetOfTax": "None", "ebit": "724200000", "ebitda": "805300000", "netIncome": "482700000"}, {"fiscalDateEnding": "2012-12-31", "reportedCurrency": "USD", "grossProfit": "1021800000", "totalRevenue": "2646100000", "costOfRevenue": "1624300000", "costofGoodsAndServicesSold": "1624300000", "operatingIncome": "397100000", "sellingGeneralAndAdministrative": "624700000", "researchAndDevelopment": "159900000", "operatingExpenses": "624700000", "investmentIncomeNet": "None", "netInterestIncome": "None", "interestIncome": "None", "interestExpense": "3000000", "nonInterestIncome": "None", "otherNonOperatingIncome": "33000000", "depreciation": "None", "depreciationAndAmortization": "77300000", "incomeBeforeTax": "528800000", "incomeTaxExpense": "176800000", "interestAndDebtExpense": "None", "netIncomeFromContinuingOperations": "352000000", "comprehensiveIncomeNetOfTax": "None", "ebit": "531800000", "ebitda": "609100000", "netIncome": "390900000"}, {"fiscalDateEnding": "2012-09-30", "reportedCurrency": "USD", "grossProfit": "944200000", "totalRevenue": "2530700000", "costOfRevenue": "1586500000", "costofGoodsAndServicesSold": "1586500000", "operatingIncome": "332800000", "sellingGeneralAndAdministrative": "611400000", "researchAndDevelopment": "156300000", "operatingExpenses": "611400000", "investmentIncomeNet": "None", "netInterestIncome": "None", "interestIncome": "None", "interestExpense": "3100000", "nonInterestIncome": "None", "otherNonOperatingIncome": "29100000", "depreciation": "None", "depreciationAndAmortization": "78300000", "incomeBeforeTax": "465600000", "incomeTaxExpense": "163100000", "interestAndDebtExpense": "None", "netIncomeFromContinuingOperations": "302500000", "comprehensiveIncomeNetOfTax": "None", "ebit": "468700000", "ebitda": "547000000", "netIncome": "305300000"}, {"fiscalDateEnding": "2012-06-30", "reportedCurrency": "USD", "grossProfit": "927100000", "totalRevenue": "2516300000", "costOfRevenue": "1589200000", "costofGoodsAndServicesSold": "1589200000", "operatingIncome": "249700000", "sellingGeneralAndAdministrative": "677400000", "researchAndDevelopment": "153900000", "operatingExpenses": "677400000", "investmentIncomeNet": "None", "netInterestIncome": "None", "interestIncome": "None", "interestExpense": "2300000", "nonInterestIncome": "None", "otherNonOperatingIncome": "29900000", "depreciation": "None", "depreciationAndAmortization": "83300000", "incomeBeforeTax": "397500000", "incomeTaxExpense": "139100000", "interestAndDebtExpense": "None", "netIncomeFromContinuingOperations": "258400000", "comprehensiveIncomeNetOfTax": "None", "ebit": "336500000", "ebitda": "419800000", "netIncome": "258400000"}, {"fiscalDateEnding": "2012-03-31", "reportedCurrency": "USD", "grossProfit": "1165100000", "totalRevenue": "2789800000", "costOfRevenue": "1624700000", "costofGoodsAndServicesSold": "1624700000", "operatingIncome": "543000000", "sellingGeneralAndAdministrative": "622100000", "researchAndDevelopment": "143600000", "operatingExpenses": "622100000", "investmentIncomeNet": "None", "netInterestIncome": "None", "interestIncome": "None", "interestExpense": "1200000", "nonInterestIncome": "None", "otherNonOperatingIncome": "10500000", "depreciation": "None", "depreciationAndAmortization": "81100000", "incomeBeforeTax": "685600000", "incomeTaxExpense": "233200000", "interestAndDebtExpense": "None", "netIncomeFromContinuingOperations": "452400000", "comprehensiveIncomeNetOfTax": "None", "ebit": "380800000", "ebitda": "461900000", "netIncome": "452400000"}, {"fiscalDateEnding": "2011-12-31", "reportedCurrency": "USD", "grossProfit": "945200000", "totalRevenue": "2465100000", "costOfRevenue": "1519900000", "costofGoodsAndServicesSold": "1519900000", "operatingIncome": "367700000", "sellingGeneralAndAdministrative": "577500000", "researchAndDevelopment": "147300000", "operatingExpenses": "577500000", "investmentIncomeNet": "None", "netInterestIncome": "None", "interestIncome": "None", "interestExpense": "2100000", "nonInterestIncome": "None", "otherNonOperatingIncome": "96200000", "depreciation": "None", "depreciationAndAmortization": "79200000", "incomeBeforeTax": "579700000", "incomeTaxExpense": "204700000", "interestAndDebtExpense": "None", "netIncomeFromContinuingOperations": "375000000", "comprehensiveIncomeNetOfTax": "None", "ebit": "209300000", "ebitda": "288500000", "netIncome": "375000000"}, {"fiscalDateEnding": "2011-09-30", "reportedCurrency": "USD", "grossProfit": "894500000", "totalRevenue": "2400600000", "costOfRevenue": "1506100000", "costofGoodsAndServicesSold": "1506100000", "operatingIncome": "305300000", "sellingGeneralAndAdministrative": "589200000", "researchAndDevelopment": "147900000", "operatingExpenses": "589200000", "investmentIncomeNet": "None", "netInterestIncome": "None", "interestIncome": "None", "interestExpense": "2100000", "nonInterestIncome": "None", "otherNonOperatingIncome": "34200000", "depreciation": "None", "depreciationAndAmortization": "79700000", "incomeBeforeTax": "459300000", "incomeTaxExpense": "156600000", "interestAndDebtExpense": "None", "netIncomeFromContinuingOperations": "302700000", "comprehensiveIncomeNetOfTax": "None", "ebit": "145900000", "ebitda": "225600000", "netIncome": "302700000"}, {"fiscalDateEnding": "2011-06-30", "reportedCurrency": "USD", "grossProfit": "852700000", "totalRevenue": "2371400000", "costOfRevenue": "1518700000", "costofGoodsAndServicesSold": "1518700000", "operatingIncome": "192400000", "sellingGeneralAndAdministrative": "660300000", "researchAndDevelopment": "144300000", "operatingExpenses": "660300000", "investmentIncomeNet": "None", "netInterestIncome": "None", "interestIncome": "None", "interestExpense": "1700000", "nonInterestIncome": "None", "otherNonOperatingIncome": "32300000", "depreciation": "None", "depreciationAndAmortization": "79000000", "incomeBeforeTax": "358700000", "incomeTaxExpense": "116900000", "interestAndDebtExpense": "None", "netIncomeFromContinuingOperations": "241800000", "comprehensiveIncomeNetOfTax": "None", "ebit": "295600000", "ebitda": "374600000", "netIncome": "241800000"}, {"fiscalDateEnding": "2011-03-31", "reportedCurrency": "USD", "grossProfit": "1216700000", "totalRevenue": "2737300000", "costOfRevenue": "1520600000", "costofGoodsAndServicesSold": "1520600000", "operatingIncome": "639400000", "sellingGeneralAndAdministrative": "577300000", "researchAndDevelopment": "155900000", "operatingExpenses": "577300000", "investmentIncomeNet": "None", "netInterestIncome": "None", "interestIncome": "None", "interestExpense": "1400000", "nonInterestIncome": "None", "otherNonOperatingIncome": "15000000", "depreciation": "None", "depreciationAndAmortization": "81000000", "incomeBeforeTax": "653000000", "incomeTaxExpense": "229200000", "interestAndDebtExpense": "None", "netIncomeFromContinuingOperations": "423800000", "comprehensiveIncomeNetOfTax": "None", "ebit": "637900000", "ebitda": "718900000", "netIncome": "423800000"}, {"fiscalDateEnding": "2010-12-31", "reportedCurrency": "USD", "grossProfit": "1025400000", "totalRevenue": "2405700000", "costOfRevenue": "1380300000", "costofGoodsAndServicesSold": "1380300000", "operatingIncome": "455300000", "sellingGeneralAndAdministrative": "570100000", "researchAndDevelopment": "142100000", "operatingExpenses": "570100000", "investmentIncomeNet": "None", "netInterestIncome": "None", "interestIncome": "None", "interestExpense": "2800000", "nonInterestIncome": "None", "otherNonOperatingIncome": "32100000", "depreciation": "None", "depreciationAndAmortization": "82700000", "incomeBeforeTax": "484600000", "incomeTaxExpense": "174500000", "interestAndDebtExpense": "None", "netIncomeFromContinuingOperations": "310100000", "comprehensiveIncomeNetOfTax": "None", "ebit": "469300000", "ebitda": "552000000", "netIncome": "310100000"}, {"fiscalDateEnding": "2010-09-30", "reportedCurrency": "USD", "grossProfit": "917500000", "totalRevenue": "2229400000", "costOfRevenue": "1311900000", "costofGoodsAndServicesSold": "1311900000", "operatingIncome": "401900000", "sellingGeneralAndAdministrative": "515600000", "researchAndDevelopment": "134900000", "operatingExpenses": "515600000", "investmentIncomeNet": "None", "netInterestIncome": "None", "interestIncome": "None", "interestExpense": "2700000", "nonInterestIncome": "None", "otherNonOperatingIncome": "37200000", "depreciation": "None", "depreciationAndAmortization": "75500000", "incomeBeforeTax": "436400000", "incomeTaxExpense": "157900000", "interestAndDebtExpense": "None", "netIncomeFromContinuingOperations": "278500000", "comprehensiveIncomeNetOfTax": "None", "ebit": "423900000", "ebitda": "499400000", "netIncome": "278500000"}, {"fiscalDateEnding": "2010-06-30", "reportedCurrency": "USD", "grossProfit": "908000000", "totalRevenue": "2190300000", "costOfRevenue": "1282300000", "costofGoodsAndServicesSold": "1282300000", "operatingIncome": "296100000", "sellingGeneralAndAdministrative": "611900000", "researchAndDevelopment": "137700000", "operatingExpenses": "611900000", "investmentIncomeNet": "None", "netInterestIncome": "None", "interestIncome": "None", "interestExpense": "1800000", "nonInterestIncome": "None", "otherNonOperatingIncome": "None", "depreciation": "None", "depreciationAndAmortization": "76400000", "incomeBeforeTax": "305500000", "incomeTaxExpense": "97900000", "interestAndDebtExpense": "None", "netIncomeFromContinuingOperations": "0", "comprehensiveIncomeNetOfTax": "None", "ebit": "307300000", "ebitda": "383700000", "netIncome": "207900000"}, {"fiscalDateEnding": "2010-03-31", "reportedCurrency": "USD", "grossProfit": "1112500000", "totalRevenue": "2443200000", "costOfRevenue": "1330700000", "costofGoodsAndServicesSold": "1330700000", "operatingIncome": "607600000", "sellingGeneralAndAdministrative": "504900000", "researchAndDevelopment": "130000000", "operatingExpenses": "504900000", "investmentIncomeNet": "None", "netInterestIncome": "None", "interestIncome": "None", "interestExpense": "1200000", "nonInterestIncome": "None", "otherNonOperatingIncome": "None", "depreciation": "None", "depreciationAndAmortization": "77800000", "incomeBeforeTax": "633000000", "incomeTaxExpense": "231400000", "interestAndDebtExpense": "None", "netIncomeFromContinuingOperations": "0", "comprehensiveIncomeNetOfTax": "None", "ebit": "452000000", "ebitda": "529800000", "netIncome": "403600000"}, {"fiscalDateEnding": "2009-12-31", "reportedCurrency": "USD", "grossProfit": "973100000", "totalRevenue": "2204400000", "costOfRevenue": "1231300000", "costofGoodsAndServicesSold": "1231300000", "operatingIncome": "453000000", "sellingGeneralAndAdministrative": "520100000", "researchAndDevelopment": "120500000", "operatingExpenses": "520100000", "investmentIncomeNet": "None", "netInterestIncome": "None", "interestIncome": "None", "interestExpense": "2500000", "nonInterestIncome": "None", "otherNonOperatingIncome": "29600000", "depreciation": "None", "depreciationAndAmortization": "77400000", "incomeBeforeTax": "480100000", "incomeTaxExpense": "164300000", "interestAndDebtExpense": "None", "netIncomeFromContinuingOperations": "315800000", "comprehensiveIncomeNetOfTax": "None", "ebit": "298200000", "ebitda": "375600000", "netIncome": "315800000"}, {"fiscalDateEnding": "2009-09-30", "reportedCurrency": "USD", "grossProfit": "909500000", "totalRevenue": "2102800000", "costOfRevenue": "1193300000", "costofGoodsAndServicesSold": "1193300000", "operatingIncome": "416800000", "sellingGeneralAndAdministrative": "492700000", "researchAndDevelopment": "125700000", "operatingExpenses": "492700000", "investmentIncomeNet": "None", "netInterestIncome": "None", "interestIncome": "None", "interestExpense": "3200000", "nonInterestIncome": "None", "otherNonOperatingIncome": "None", "depreciation": "None", "depreciationAndAmortization": "77600000", "incomeBeforeTax": "447300000", "incomeTaxExpense": "163200000", "interestAndDebtExpense": "None", "netIncomeFromContinuingOperations": "284100000", "comprehensiveIncomeNetOfTax": "None", "ebit": "261600000", "ebitda": "339200000", "netIncome": "284100000"}, {"fiscalDateEnding": "2009-06-30", "reportedCurrency": "USD", "grossProfit": "911000000", "totalRevenue": "2107700000", "costOfRevenue": "1196700000", "costofGoodsAndServicesSold": "1196700000", "operatingIncome": "333600000", "sellingGeneralAndAdministrative": "577400000", "researchAndDevelopment": "126100000", "operatingExpenses": "577400000", "investmentIncomeNet": "None", "netInterestIncome": "None", "interestIncome": "None", "interestExpense": "3500000", "nonInterestIncome": "None", "otherNonOperatingIncome": "None", "depreciation": "None", "depreciationAndAmortization": "79300000", "incomeBeforeTax": "361000000", "incomeTaxExpense": "13800000", "interestAndDebtExpense": "None", "netIncomeFromContinuingOperations": "0", "comprehensiveIncomeNetOfTax": "None", "ebit": "364500000", "ebitda": "443800000", "netIncome": "352600000"}, {"fiscalDateEnding": "2009-03-31", "reportedCurrency": "USD", "grossProfit": "1156100000", "totalRevenue": "2374700000", "costOfRevenue": "1218600000", "costofGoodsAndServicesSold": "1218600000", "operatingIncome": "635700000", "sellingGeneralAndAdministrative": "520400000", "researchAndDevelopment": "118800000", "operatingExpenses": "520400000", "investmentIncomeNet": "None", "netInterestIncome": "None", "interestIncome": "None", "interestExpense": "2500000", "nonInterestIncome": "None", "otherNonOperatingIncome": "None", "depreciation": "None", "depreciationAndAmortization": "77600000", "incomeBeforeTax": "629100000", "incomeTaxExpense": "226600000", "interestAndDebtExpense": "None", "netIncomeFromContinuingOperations": "0", "comprehensiveIncomeNetOfTax": "None", "ebit": "630600000", "ebitda": "708200000", "netIncome": "402500000"}, {"fiscalDateEnding": "2008-12-31", "reportedCurrency": "USD", "grossProfit": "1196200000", "totalRevenue": "2203300000", "costOfRevenue": "1007100000", "costofGoodsAndServicesSold": "1007100000", "operatingIncome": "442700000", "sellingGeneralAndAdministrative": "573100000", "researchAndDevelopment": "123100000", "operatingExpenses": "753500000", "investmentIncomeNet": "None", "netInterestIncome": "None", "interestIncome": "None", "interestExpense": "8100000", "nonInterestIncome": "None", "otherNonOperatingIncome": "None", "depreciation": "None", "depreciationAndAmortization": "59600000", "incomeBeforeTax": "473200000", "incomeTaxExpense": "172800000", "interestAndDebtExpense": "None", "netIncomeFromContinuingOperations": "0", "comprehensiveIncomeNetOfTax": "None", "ebit": "323500000", "ebitda": "383100000", "netIncome": "300500000"}, {"fiscalDateEnding": "2008-09-30", "reportedCurrency": "USD", "grossProfit": "1134600000", "totalRevenue": "2181500000", "costOfRevenue": "1046900000", "costofGoodsAndServicesSold": "1046900000", "operatingIncome": "418100000", "sellingGeneralAndAdministrative": "526700000", "researchAndDevelopment": "130400000", "operatingExpenses": "716500000", "investmentIncomeNet": "None", "netInterestIncome": "None", "interestIncome": "None", "interestExpense": "19200000", "nonInterestIncome": "None", "otherNonOperatingIncome": "None", "depreciation": "None", "depreciationAndAmortization": "91600000", "incomeBeforeTax": "441300000", "incomeTaxExpense": "163300000", "interestAndDebtExpense": "None", "netIncomeFromContinuingOperations": "0", "comprehensiveIncomeNetOfTax": "None", "ebit": "234900000", "ebitda": "326500000", "netIncome": "276900000"}, {"fiscalDateEnding": "2008-06-30", "reportedCurrency": "USD", "grossProfit": "1213100000", "totalRevenue": "2207200000", "costOfRevenue": "994100000", "costofGoodsAndServicesSold": "994100000", "operatingIncome": "314700000", "sellingGeneralAndAdministrative": "697000000", "researchAndDevelopment": "140800000", "operatingExpenses": "898400000", "investmentIncomeNet": "None", "netInterestIncome": "None", "interestIncome": "None", "interestExpense": "12500000", "nonInterestIncome": "None", "otherNonOperatingIncome": "None", "depreciation": "None", "depreciationAndAmortization": "86100000", "incomeBeforeTax": "354500000", "incomeTaxExpense": "128500000", "interestAndDebtExpense": "None", "netIncomeFromContinuingOperations": "0", "comprehensiveIncomeNetOfTax": "None", "ebit": "314700000", "ebitda": "400800000", "netIncome": "233500000"}, {"fiscalDateEnding": "2008-03-31", "reportedCurrency": "USD", "grossProfit": "1393700000", "totalRevenue": "2427200000", "costOfRevenue": "1033500000", "costofGoodsAndServicesSold": "1033500000", "operatingIncome": "617500000", "sellingGeneralAndAdministrative": "585300000", "researchAndDevelopment": "132000000", "operatingExpenses": "776200000", "investmentIncomeNet": "None", "netInterestIncome": "None", "interestIncome": "None", "interestExpense": "7900000", "nonInterestIncome": "None", "otherNonOperatingIncome": "None", "depreciation": "None", "depreciationAndAmortization": "90100000", "incomeBeforeTax": "635500000", "incomeTaxExpense": "231900000", "interestAndDebtExpense": "None", "netIncomeFromContinuingOperations": "0", "comprehensiveIncomeNetOfTax": "None", "ebit": "437300000", "ebitda": "527400000", "netIncome": "413600000"}, {"fiscalDateEnding": "2007-12-31", "reportedCurrency": "USD", "grossProfit": "1170300000", "totalRevenue": "2150100000", "costOfRevenue": "979800000", "costofGoodsAndServicesSold": "979800000", "operatingIncome": "427400000", "sellingGeneralAndAdministrative": "554500000", "researchAndDevelopment": "128800000", "operatingExpenses": "742900000", "investmentIncomeNet": "None", "netInterestIncome": "None", "interestIncome": "None", "interestExpense": "30700000", "nonInterestIncome": "None", "otherNonOperatingIncome": "None", "depreciation": "None", "depreciationAndAmortization": "102200000", "incomeBeforeTax": "440600000", "incomeTaxExpense": "149000000", "interestAndDebtExpense": "None", "netIncomeFromContinuingOperations": "0", "comprehensiveIncomeNetOfTax": "None", "ebit": "409400000", "ebitda": "511600000", "netIncome": "291200000"}, {"fiscalDateEnding": "2007-09-30", "reportedCurrency": "USD", "grossProfit": "1083700000", "totalRevenue": "1992000000", "costOfRevenue": "908300000", "costofGoodsAndServicesSold": "908300000", "operatingIncome": "366300000", "sellingGeneralAndAdministrative": "533600000", "researchAndDevelopment": "124400000", "operatingExpenses": "717400000", "investmentIncomeNet": "None", "netInterestIncome": "None", "interestIncome": "None", "interestExpense": "29400000", "nonInterestIncome": "None", "otherNonOperatingIncome": "None", "depreciation": "None", "depreciationAndAmortization": "83400000", "incomeBeforeTax": "381500000", "incomeTaxExpense": "141100000", "interestAndDebtExpense": "None", "netIncomeFromContinuingOperations": "0", "comprehensiveIncomeNetOfTax": "None", "ebit": "366300000", "ebitda": "449700000", "netIncome": "297400000"}, {"fiscalDateEnding": "2007-06-30", "reportedCurrency": "USD", "grossProfit": "1090200000", "totalRevenue": "1945700000", "costOfRevenue": "855500000", "costofGoodsAndServicesSold": "855500000", "operatingIncome": "271000000", "sellingGeneralAndAdministrative": "635700000", "researchAndDevelopment": "130400000", "operatingExpenses": "819200000", "investmentIncomeNet": "None", "netInterestIncome": "None", "interestIncome": "None", "interestExpense": "87900000", "nonInterestIncome": "None", "otherNonOperatingIncome": "None", "depreciation": "None", "depreciationAndAmortization": "83600000", "incomeBeforeTax": "287400000", "incomeTaxExpense": "106600000", "interestAndDebtExpense": "None", "netIncomeFromContinuingOperations": "0", "comprehensiveIncomeNetOfTax": "None", "ebit": "271000000", "ebitda": "354600000", "netIncome": "194700000"}, {"fiscalDateEnding": "2007-03-31", "reportedCurrency": "USD", "grossProfit": "1289900000", "totalRevenue": "2189300000", "costOfRevenue": "899400000", "costofGoodsAndServicesSold": "899400000", "operatingIncome": "559600000", "sellingGeneralAndAdministrative": "554100000", "researchAndDevelopment": "122200000", "operatingExpenses": "730300000", "investmentIncomeNet": "None", "netInterestIncome": "None", "interestIncome": "None", "interestExpense": "7000000", "nonInterestIncome": "None", "otherNonOperatingIncome": "None", "depreciation": "None", "depreciationAndAmortization": "56000000", "incomeBeforeTax": "577800000", "incomeTaxExpense": "213500000", "interestAndDebtExpense": "None", "netIncomeFromContinuingOperations": "0", "comprehensiveIncomeNetOfTax": "None", "ebit": "593600000", "ebitda": "649600000", "netIncome": "388900000"}, {"fiscalDateEnding": "2006-12-31", "reportedCurrency": "USD", "grossProfit": "1205700000", "totalRevenue": "2316100000", "costOfRevenue": "1110400000", "costofGoodsAndServicesSold": "1110400000", "operatingIncome": "434100000", "sellingGeneralAndAdministrative": "564300000", "researchAndDevelopment": "145100000", "operatingExpenses": "771600000", "investmentIncomeNet": "None", "netInterestIncome": "None", "interestIncome": "None", "interestExpense": "32300000", "nonInterestIncome": "None", "otherNonOperatingIncome": "None", "depreciation": "None", "depreciationAndAmortization": "96700000", "incomeBeforeTax": "453700000", "incomeTaxExpense": "170700000", "interestAndDebtExpense": "None", "netIncomeFromContinuingOperations": "0", "comprehensiveIncomeNetOfTax": "None", "ebit": "360400000", "ebitda": "457100000", "netIncome": "297700000"}, {"fiscalDateEnding": "2006-09-30", "reportedCurrency": "USD", "grossProfit": "1105700000", "totalRevenue": "2217600000", "costOfRevenue": "1111900000", "costofGoodsAndServicesSold": "1111900000", "operatingIncome": "357900000", "sellingGeneralAndAdministrative": "528400000", "researchAndDevelopment": "137600000", "operatingExpenses": "747800000", "investmentIncomeNet": "None", "netInterestIncome": "None", "interestIncome": "None", "interestExpense": "35400000", "nonInterestIncome": "None", "otherNonOperatingIncome": "None", "depreciation": "None", "depreciationAndAmortization": "93000000", "incomeBeforeTax": "412700000", "incomeTaxExpense": "155200000", "interestAndDebtExpense": "None", "netIncomeFromContinuingOperations": "0", "comprehensiveIncomeNetOfTax": "None", "ebit": "280900000", "ebitda": "373900000", "netIncome": "257500000"}, {"fiscalDateEnding": "2006-06-30", "reportedCurrency": "USD", "grossProfit": "1220600000", "totalRevenue": "2473800000", "costOfRevenue": "1253200000", "costofGoodsAndServicesSold": "1253200000", "operatingIncome": "387600000", "sellingGeneralAndAdministrative": "602600000", "researchAndDevelopment": "155300000", "operatingExpenses": "833000000", "investmentIncomeNet": "None", "netInterestIncome": "None", "interestIncome": "None", "interestExpense": "21500000", "nonInterestIncome": "None", "otherNonOperatingIncome": "None", "depreciation": "None", "depreciationAndAmortization": "89700000", "incomeBeforeTax": "424600000", "incomeTaxExpense": "171500000", "interestAndDebtExpense": "None", "netIncomeFromContinuingOperations": "0", "comprehensiveIncomeNetOfTax": "None", "ebit": "387600000", "ebitda": "477300000", "netIncome": "703700000"}, {"fiscalDateEnding": "2006-03-31", "reportedCurrency": "USD", "grossProfit": "1290100000", "totalRevenue": "2438600000", "costOfRevenue": "1148500000", "costofGoodsAndServicesSold": "1148500000", "operatingIncome": "555300000", "sellingGeneralAndAdministrative": "517300000", "researchAndDevelopment": "146600000", "operatingExpenses": "734800000", "investmentIncomeNet": "None", "netInterestIncome": "None", "interestIncome": "None", "interestExpense": "7000000", "nonInterestIncome": "None", "otherNonOperatingIncome": "None", "depreciation": "None", "depreciationAndAmortization": "72600000", "incomeBeforeTax": "571400000", "incomeTaxExpense": "215900000", "interestAndDebtExpense": "None", "netIncomeFromContinuingOperations": "0", "comprehensiveIncomeNetOfTax": "None", "ebit": "470400000", "ebitda": "543000000", "netIncome": "370600000"}, {"fiscalDateEnding": "2005-12-31", "reportedCurrency": "USD", "grossProfit": "1161000000", "totalRevenue": "2153200000", "costOfRevenue": "992200000", "costofGoodsAndServicesSold": "992200000", "operatingIncome": "428900000", "sellingGeneralAndAdministrative": "489000000", "researchAndDevelopment": "163700000", "operatingExpenses": "732100000", "investmentIncomeNet": "None", "netInterestIncome": "None", "interestIncome": "None", "interestExpense": "25600000", "nonInterestIncome": "None", "otherNonOperatingIncome": "None", "depreciation": "None", "depreciationAndAmortization": "99800000", "incomeBeforeTax": "438400000", "incomeTaxExpense": "165300000", "interestAndDebtExpense": "None", "netIncomeFromContinuingOperations": "0", "comprehensiveIncomeNetOfTax": "None", "ebit": "389900000", "ebitda": "489700000", "netIncome": "259700000"}, {"fiscalDateEnding": "2005-09-30", "reportedCurrency": "USD", "grossProfit": "1072700000", "totalRevenue": "2046200000", "costOfRevenue": "973500000", "costofGoodsAndServicesSold": "973500000", "operatingIncome": "349800000", "sellingGeneralAndAdministrative": "485500000", "researchAndDevelopment": "159800000", "operatingExpenses": "722900000", "investmentIncomeNet": "None", "netInterestIncome": "None", "interestIncome": "None", "interestExpense": "18700000", "nonInterestIncome": "None", "otherNonOperatingIncome": "None", "depreciation": "None", "depreciationAndAmortization": "101900000", "incomeBeforeTax": "353100000", "incomeTaxExpense": "133100000", "interestAndDebtExpense": "None", "netIncomeFromContinuingOperations": "0", "comprehensiveIncomeNetOfTax": "None", "ebit": "329700000", "ebitda": "431600000", "netIncome": "220000000"}, {"fiscalDateEnding": "2005-06-30", "reportedCurrency": "USD", "grossProfit": "1183783000", "totalRevenue": "2302471000", "costOfRevenue": "1118688000", "costofGoodsAndServicesSold": "1118688000", "operatingIncome": "404085000", "sellingGeneralAndAdministrative": "532693000", "researchAndDevelopment": "170944000", "operatingExpenses": "779698000", "investmentIncomeNet": "None", "netInterestIncome": "None", "interestIncome": "None", "interestExpense": "9800000", "nonInterestIncome": "None", "otherNonOperatingIncome": "None", "depreciation": "None", "depreciationAndAmortization": "102640000", "incomeBeforeTax": "411390000", "incomeTaxExpense": "152625000", "interestAndDebtExpense": "None", "netIncomeFromContinuingOperations": "0", "comprehensiveIncomeNetOfTax": "None", "ebit": "404085000", "ebitda": "506725000", "netIncome": "258765000"}, {"fiscalDateEnding": "2005-03-31", "reportedCurrency": "USD", "grossProfit": "1280890000", "totalRevenue": "2348963000", "costOfRevenue": "1068073000", "costofGoodsAndServicesSold": "1068073000", "operatingIncome": "535885000", "sellingGeneralAndAdministrative": "512886000", "researchAndDevelopment": "154362000", "operatingExpenses": "745005000", "investmentIncomeNet": "None", "netInterestIncome": "None", "interestIncome": "None", "interestExpense": "3600000", "nonInterestIncome": "None", "otherNonOperatingIncome": "None", "depreciation": "None", "depreciationAndAmortization": "106084000", "incomeBeforeTax": "537950000", "incomeTaxExpense": "199579000", "interestAndDebtExpense": "None", "netIncomeFromContinuingOperations": "0", "comprehensiveIncomeNetOfTax": "None", "ebit": "483740000", "ebitda": "589824000", "netIncome": "338371000"}, {"fiscalDateEnding": "2004-12-31", "reportedCurrency": "USD", "grossProfit": "1077865000", "totalRevenue": "1993584000", "costOfRevenue": "915719000", "costofGoodsAndServicesSold": "915719000", "operatingIncome": "386271000", "sellingGeneralAndAdministrative": "465363000", "researchAndDevelopment": "150070000", "operatingExpenses": "691594000", "investmentIncomeNet": "None", "netInterestIncome": "None", "interestIncome": "None", "interestExpense": "10800000", "nonInterestIncome": "None", "otherNonOperatingIncome": "None", "depreciation": "None", "depreciationAndAmortization": "107734000", "incomeBeforeTax": "397620000", "incomeTaxExpense": "147517000", "interestAndDebtExpense": "None", "netIncomeFromContinuingOperations": "0", "comprehensiveIncomeNetOfTax": "None", "ebit": "386271000", "ebitda": "494005000", "netIncome": "250103000"}]}