{"symbol": "PGR", "annualReports": [{"fiscalDateEnding": "2024-12-31", "reportedCurrency": "USD", "grossProfit": "8763000000", "totalRevenue": "8763000000", "costOfRevenue": "None", "costofGoodsAndServicesSold": "None", "operatingIncome": "None", "sellingGeneralAndAdministrative": "None", "researchAndDevelopment": "None", "operatingExpenses": "64630000000", "investmentIncomeNet": "None", "netInterestIncome": "-279000000", "interestIncome": "None", "interestExpense": "280000000", "nonInterestIncome": "None", "otherNonOperatingIncome": "None", "depreciation": "None", "depreciationAndAmortization": "None", "incomeBeforeTax": "8421000000", "incomeTaxExpense": "-59000000", "interestAndDebtExpense": "None", "netIncomeFromContinuingOperations": "8480000000", "comprehensiveIncomeNetOfTax": "None", "ebit": "None", "ebitda": "None", "netIncome": "8480000000"}, {"fiscalDateEnding": "2023-12-31", "reportedCurrency": "USD", "grossProfit": "62074700000", "totalRevenue": "62082300000", "costOfRevenue": "7600000", "costofGoodsAndServicesSold": "7600000", "operatingIncome": "5172100000", "sellingGeneralAndAdministrative": "None", "researchAndDevelopment": "None", "operatingExpenses": "56910200000", "investmentIncomeNet": "None", "netInterestIncome": "-261800000", "interestIncome": "None", "interestExpense": "268400000", "nonInterestIncome": "None", "otherNonOperatingIncome": "None", "depreciation": "None", "depreciationAndAmortization": "299700000", "incomeBeforeTax": "4903700000", "incomeTaxExpense": "1001300000", "interestAndDebtExpense": "None", "netIncomeFromContinuingOperations": "2741000000", "comprehensiveIncomeNetOfTax": "None", "ebit": "5172100000", "ebitda": "5471800000", "netIncome": "3902400000"}, {"fiscalDateEnding": "2022-12-31", "reportedCurrency": "USD", "grossProfit": "49586399993", "totalRevenue": "49586400000", "costOfRevenue": "6.80", "costofGoodsAndServicesSold": "6.80", "operatingIncome": "922100000", "sellingGeneralAndAdministrative": "None", "researchAndDevelopment": "None", "operatingExpenses": "48664300000", "investmentIncomeNet": "None", "netInterestIncome": "-243500000", "interestIncome": "243500000", "interestExpense": "243500000", "nonInterestIncome": "None", "otherNonOperatingIncome": "None", "depreciation": "None", "depreciationAndAmortization": "336600000", "incomeBeforeTax": "922100000", "incomeTaxExpense": "200600000", "interestAndDebtExpense": "None", "netIncomeFromContinuingOperations": "721500000", "comprehensiveIncomeNetOfTax": "None", "ebit": "1165600000", "ebitda": "1502200000", "netIncome": "721500000"}, {"fiscalDateEnding": "2021-12-31", "reportedCurrency": "USD", "grossProfit": "47676499993", "totalRevenue": "47676500000", "costOfRevenue": "6.80", "costofGoodsAndServicesSold": "6.80", "operatingIncome": "4210000000", "sellingGeneralAndAdministrative": "None", "researchAndDevelopment": "None", "operatingExpenses": "43466500000", "investmentIncomeNet": "None", "netInterestIncome": "-218600000", "interestIncome": "218600000", "interestExpense": "218600000", "nonInterestIncome": "None", "otherNonOperatingIncome": "None", "depreciation": "None", "depreciationAndAmortization": "337400000", "incomeBeforeTax": "4210000000", "incomeTaxExpense": "859100000", "interestAndDebtExpense": "None", "netIncomeFromContinuingOperations": "3350900000", "comprehensiveIncomeNetOfTax": "None", "ebit": "4210000000", "ebitda": "4547400000", "netIncome": "3350900000"}, {"fiscalDateEnding": "2020-12-31", "reportedCurrency": "USD", "grossProfit": "42630900000", "totalRevenue": "42638100000", "costOfRevenue": "7200000", "costofGoodsAndServicesSold": "7200000", "operatingIncome": "7173200000", "sellingGeneralAndAdministrative": "None", "researchAndDevelopment": "None", "operatingExpenses": "35464900000", "investmentIncomeNet": "None", "netInterestIncome": "-217000000", "interestIncome": "217000000", "interestExpense": "217000000", "nonInterestIncome": "None", "otherNonOperatingIncome": "None", "depreciation": "None", "depreciationAndAmortization": "331800000", "incomeBeforeTax": "7173200000", "incomeTaxExpense": "1468600000", "interestAndDebtExpense": "None", "netIncomeFromContinuingOperations": "5704600000", "comprehensiveIncomeNetOfTax": "None", "ebit": "7173200000", "ebitda": "7505000000", "netIncome": "5704600000"}, {"fiscalDateEnding": "2019-12-31", "reportedCurrency": "USD", "grossProfit": "38992200000", "totalRevenue": "38997700000", "costOfRevenue": "5500000", "costofGoodsAndServicesSold": "5500000", "operatingIncome": "5160300000", "sellingGeneralAndAdministrative": "178900000", "researchAndDevelopment": "None", "operatingExpenses": "33837400000", "investmentIncomeNet": "None", "netInterestIncome": "-189700000", "interestIncome": "189700000", "interestExpense": "189700000", "nonInterestIncome": "None", "otherNonOperatingIncome": "None", "depreciation": "None", "depreciationAndAmortization": "306100000", "incomeBeforeTax": "5160300000", "incomeTaxExpense": "1180300000", "interestAndDebtExpense": "None", "netIncomeFromContinuingOperations": "3980000000", "comprehensiveIncomeNetOfTax": "None", "ebit": "4955600000", "ebitda": "5261700000", "netIncome": "3970300000"}, {"fiscalDateEnding": "2018-12-31", "reportedCurrency": "USD", "grossProfit": "31949600000", "totalRevenue": "31954700000", "costOfRevenue": "5100000", "costofGoodsAndServicesSold": "5100000", "operatingIncome": "3163600000", "sellingGeneralAndAdministrative": "134100000", "researchAndDevelopment": "0", "operatingExpenses": "28791100000", "investmentIncomeNet": "None", "netInterestIncome": "-166500000", "interestIncome": "166500000", "interestExpense": "166500000", "nonInterestIncome": "None", "otherNonOperatingIncome": "None", "depreciation": "None", "depreciationAndAmortization": "262400000", "incomeBeforeTax": "3163600000", "incomeTaxExpense": "542600000", "interestAndDebtExpense": "None", "netIncomeFromContinuingOperations": "2621000000", "comprehensiveIncomeNetOfTax": "None", "ebit": "3324400000", "ebitda": "3586800000", "netIncome": "2615300000"}, {"fiscalDateEnding": "2017-12-31", "reportedCurrency": "USD", "grossProfit": "26811500000", "totalRevenue": "26816100000", "costOfRevenue": "4600000", "costofGoodsAndServicesSold": "4600000", "operatingIncome": "2138900000", "sellingGeneralAndAdministrative": "109500000", "researchAndDevelopment": "0", "operatingExpenses": "24677200000", "investmentIncomeNet": "None", "netInterestIncome": "-153100000", "interestIncome": "153100000", "interestExpense": "153100000", "nonInterestIncome": "None", "otherNonOperatingIncome": "None", "depreciation": "None", "depreciationAndAmortization": "236100000", "incomeBeforeTax": "2138900000", "incomeTaxExpense": "540800000", "interestAndDebtExpense": "None", "netIncomeFromContinuingOperations": "1598100000", "comprehensiveIncomeNetOfTax": "None", "ebit": "2286100000", "ebitda": "2522200000", "netIncome": "1592200000"}, {"fiscalDateEnding": "2016-12-31", "reportedCurrency": "USD", "grossProfit": "23413200000", "totalRevenue": "23417400000", "costOfRevenue": "4200000", "costofGoodsAndServicesSold": "4200000", "operatingIncome": "1470700000", "sellingGeneralAndAdministrative": "92000000", "researchAndDevelopment": "0", "operatingExpenses": "21946700000", "investmentIncomeNet": "None", "netInterestIncome": "-140900000", "interestIncome": "140900000", "interestExpense": "140900000", "nonInterestIncome": "None", "otherNonOperatingIncome": "None", "depreciation": "None", "depreciationAndAmortization": "199500000", "incomeBeforeTax": "1470700000", "incomeTaxExpense": "413500000", "interestAndDebtExpense": "None", "netIncomeFromContinuingOperations": "1057200000", "comprehensiveIncomeNetOfTax": "None", "ebit": "1585400000", "ebitda": "1784900000", "netIncome": "1031000000"}, {"fiscalDateEnding": "2015-12-31", "reportedCurrency": "USD", "grossProfit": "20826500000", "totalRevenue": "20831900000", "costOfRevenue": "5400000", "costofGoodsAndServicesSold": "5400000", "operatingIncome": "1911600000", "sellingGeneralAndAdministrative": "77500000", "researchAndDevelopment": "0", "operatingExpenses": "18920300000", "investmentIncomeNet": "None", "netInterestIncome": "None", "interestIncome": "136000000", "interestExpense": "136000000", "nonInterestIncome": "None", "otherNonOperatingIncome": "None", "depreciation": "None", "depreciationAndAmortization": "150500000", "incomeBeforeTax": "1911600000", "incomeTaxExpense": "611100000", "interestAndDebtExpense": "None", "netIncomeFromContinuingOperations": "1300500000", "comprehensiveIncomeNetOfTax": "None", "ebit": "2014700000", "ebitda": "2165200000", "netIncome": "1267600000"}, {"fiscalDateEnding": "2014-12-31", "reportedCurrency": "USD", "grossProfit": "19372900000", "totalRevenue": "19377300000", "costOfRevenue": "4400000", "costofGoodsAndServicesSold": "4400000", "operatingIncome": "1907400000", "sellingGeneralAndAdministrative": "50900000", "researchAndDevelopment": "0", "operatingExpenses": "17469900000", "investmentIncomeNet": "None", "netInterestIncome": "None", "interestIncome": "None", "interestExpense": "116900000", "nonInterestIncome": "None", "otherNonOperatingIncome": "None", "depreciation": "None", "depreciationAndAmortization": "97100000", "incomeBeforeTax": "1907400000", "incomeTaxExpense": "626400000", "interestAndDebtExpense": "None", "netIncomeFromContinuingOperations": "1281000000", "comprehensiveIncomeNetOfTax": "None", "ebit": "2024300000", "ebitda": "2121400000", "netIncome": "1281000000"}, {"fiscalDateEnding": "2013-12-31", "reportedCurrency": "USD", "grossProfit": "18152400000", "totalRevenue": "18156400000", "costOfRevenue": "4000000", "costofGoodsAndServicesSold": "4000000", "operatingIncome": "1720000000", "sellingGeneralAndAdministrative": "38800000", "researchAndDevelopment": "0", "operatingExpenses": "16436400000", "investmentIncomeNet": "None", "netInterestIncome": "None", "interestIncome": "None", "interestExpense": "118200000", "nonInterestIncome": "None", "otherNonOperatingIncome": "None", "depreciation": "None", "depreciationAndAmortization": "101300000", "incomeBeforeTax": "1720000000", "incomeTaxExpense": "554600000", "interestAndDebtExpense": "None", "netIncomeFromContinuingOperations": "1165400000", "comprehensiveIncomeNetOfTax": "None", "ebit": "1838200000", "ebitda": "1939500000", "netIncome": "1165400000"}, {"fiscalDateEnding": "2012-12-31", "reportedCurrency": "USD", "grossProfit": "17066600000", "totalRevenue": "17070300000", "costOfRevenue": "3700000", "costofGoodsAndServicesSold": "3700000", "operatingIncome": "1599500000", "sellingGeneralAndAdministrative": "36100000", "researchAndDevelopment": "0", "operatingExpenses": "15470800000", "investmentIncomeNet": "None", "netInterestIncome": "None", "interestIncome": "None", "interestExpense": "123800000", "nonInterestIncome": "None", "otherNonOperatingIncome": "None", "depreciation": "None", "depreciationAndAmortization": "94400000", "incomeBeforeTax": "1317700000", "incomeTaxExpense": "415400000", "interestAndDebtExpense": "None", "netIncomeFromContinuingOperations": "902300000", "comprehensiveIncomeNetOfTax": "None", "ebit": "1441500000", "ebitda": "1535900000", "netIncome": "902300000"}, {"fiscalDateEnding": "2011-12-31", "reportedCurrency": "USD", "grossProfit": "15503500000", "totalRevenue": "15508200000", "costOfRevenue": "4700000", "costofGoodsAndServicesSold": "4700000", "operatingIncome": "1487000000", "sellingGeneralAndAdministrative": "19400000", "researchAndDevelopment": "0", "operatingExpenses": "14021200000", "investmentIncomeNet": "None", "netInterestIncome": "None", "interestIncome": "None", "interestExpense": "132700000", "nonInterestIncome": "None", "otherNonOperatingIncome": "None", "depreciation": "None", "depreciationAndAmortization": "88500000", "incomeBeforeTax": "1487000000", "incomeTaxExpense": "471500000", "interestAndDebtExpense": "None", "netIncomeFromContinuingOperations": "1015500000", "comprehensiveIncomeNetOfTax": "None", "ebit": "1531200000", "ebitda": "1619700000", "netIncome": "1015500000"}, {"fiscalDateEnding": "2010-12-31", "reportedCurrency": "USD", "grossProfit": "14959400000", "totalRevenue": "14963300000", "costOfRevenue": "3900000", "costofGoodsAndServicesSold": "3900000", "operatingIncome": "1565200000", "sellingGeneralAndAdministrative": "21400000", "researchAndDevelopment": "0", "operatingExpenses": "13398100000", "investmentIncomeNet": "None", "netInterestIncome": "None", "interestIncome": "None", "interestExpense": "133500000", "nonInterestIncome": "None", "otherNonOperatingIncome": "None", "depreciation": "None", "depreciationAndAmortization": "129000000", "incomeBeforeTax": "1565200000", "incomeTaxExpense": "496900000", "interestAndDebtExpense": "None", "netIncomeFromContinuingOperations": "1068300000", "comprehensiveIncomeNetOfTax": "None", "ebit": "1569700000", "ebitda": "1698700000", "netIncome": "1068300000"}, {"fiscalDateEnding": "2009-12-31", "reportedCurrency": "USD", "grossProfit": "14560300000", "totalRevenue": "14563600000", "costOfRevenue": "3300000", "costofGoodsAndServicesSold": "3300000", "operatingIncome": "1556900000", "sellingGeneralAndAdministrative": "19400000", "researchAndDevelopment": "0", "operatingExpenses": "13006700000", "investmentIncomeNet": "None", "netInterestIncome": "None", "interestIncome": "None", "interestExpense": "139000000", "nonInterestIncome": "None", "otherNonOperatingIncome": "None", "depreciation": "None", "depreciationAndAmortization": "127600000", "incomeBeforeTax": "1556900000", "incomeTaxExpense": "499400000", "interestAndDebtExpense": "None", "netIncomeFromContinuingOperations": "1057500000", "comprehensiveIncomeNetOfTax": "None", "ebit": "1568300000", "ebitda": "1695900000", "netIncome": "1057500000"}, {"fiscalDateEnding": "2008-12-31", "reportedCurrency": "USD", "grossProfit": "12840099996", "totalRevenue": "12840100000", "costOfRevenue": "3.40", "costofGoodsAndServicesSold": "3.40", "operatingIncome": "-222300000", "sellingGeneralAndAdministrative": "None", "researchAndDevelopment": "None", "operatingExpenses": "13062400000", "investmentIncomeNet": "None", "netInterestIncome": "None", "interestIncome": "None", "interestExpense": "136700000", "nonInterestIncome": "None", "otherNonOperatingIncome": "None", "depreciation": "None", "depreciationAndAmortization": "133600000", "incomeBeforeTax": "-222300000", "incomeTaxExpense": "-152300000", "interestAndDebtExpense": "None", "netIncomeFromContinuingOperations": "None", "comprehensiveIncomeNetOfTax": "None", "ebit": "-85600000", "ebitda": "48000000", "netIncome": "-70000000"}, {"fiscalDateEnding": "2007-12-31", "reportedCurrency": "USD", "grossProfit": "14686800000", "totalRevenue": "14686800000", "costOfRevenue": "12765900000", "costofGoodsAndServicesSold": "12765900000", "operatingIncome": "1693000000", "sellingGeneralAndAdministrative": "20500000", "researchAndDevelopment": "None", "operatingExpenses": "12993800000", "investmentIncomeNet": "None", "netInterestIncome": "None", "interestIncome": "None", "interestExpense": "108600000", "nonInterestIncome": "None", "otherNonOperatingIncome": "None", "depreciation": "None", "depreciationAndAmortization": "417500000", "incomeBeforeTax": "1693000000", "incomeTaxExpense": "510500000", "interestAndDebtExpense": "None", "netIncomeFromContinuingOperations": "None", "comprehensiveIncomeNetOfTax": "None", "ebit": "1384100000", "ebitda": "1801600000", "netIncome": "1182500000"}, {"fiscalDateEnding": "2006-12-31", "reportedCurrency": "USD", "grossProfit": "14786400000", "totalRevenue": "14786400000", "costOfRevenue": "12160600000", "costofGoodsAndServicesSold": "12160600000", "operatingIncome": "2433200000", "sellingGeneralAndAdministrative": "24400000", "researchAndDevelopment": "None", "operatingExpenses": "12353200000", "investmentIncomeNet": "None", "netInterestIncome": "None", "interestIncome": "None", "interestExpense": "77300000", "nonInterestIncome": "None", "otherNonOperatingIncome": "None", "depreciation": "None", "depreciationAndAmortization": "356600000", "incomeBeforeTax": "2433200000", "incomeTaxExpense": "785700000", "interestAndDebtExpense": "None", "netIncomeFromContinuingOperations": "None", "comprehensiveIncomeNetOfTax": "None", "ebit": "2153900000", "ebitda": "2510500000", "netIncome": "1647500000"}, {"fiscalDateEnding": "2005-12-31", "reportedCurrency": "USD", "grossProfit": "14303400000", "totalRevenue": "14303400000", "costOfRevenue": "12057400000", "costofGoodsAndServicesSold": "12057400000", "operatingIncome": "2058900000", "sellingGeneralAndAdministrative": "24600000", "researchAndDevelopment": "None", "operatingExpenses": "12244500000", "investmentIncomeNet": "None", "netInterestIncome": "None", "interestIncome": "None", "interestExpense": "82600000", "nonInterestIncome": "None", "otherNonOperatingIncome": "None", "depreciation": "None", "depreciationAndAmortization": "315700000", "incomeBeforeTax": "2058900000", "incomeTaxExpense": "665000000", "interestAndDebtExpense": "None", "netIncomeFromContinuingOperations": "None", "comprehensiveIncomeNetOfTax": "None", "ebit": "1825800000", "ebitda": "2141500000", "netIncome": "1393900000"}], "quarterlyReports": [{"fiscalDateEnding": "2024-12-31", "reportedCurrency": "USD", "grossProfit": "None", "totalRevenue": "20267200000", "costOfRevenue": "20267200000", "costofGoodsAndServicesSold": "20267200000", "operatingIncome": "3037600000", "sellingGeneralAndAdministrative": "None", "researchAndDevelopment": "None", "operatingExpenses": "17299500000", "investmentIncomeNet": "None", "netInterestIncome": "-69900000", "interestIncome": "None", "interestExpense": "69900000", "nonInterestIncome": "None", "otherNonOperatingIncome": "None", "depreciation": "None", "depreciationAndAmortization": "None", "incomeBeforeTax": "2967900000", "incomeTaxExpense": "611400000", "interestAndDebtExpense": "None", "netIncomeFromContinuingOperations": "2356500000", "comprehensiveIncomeNetOfTax": "None", "ebit": "None", "ebitda": "3037600000", "netIncome": "2356000000"}, {"fiscalDateEnding": "2024-09-30", "reportedCurrency": "USD", "grossProfit": "19711800000", "totalRevenue": "19719300000", "costOfRevenue": "-19433500000", "costofGoodsAndServicesSold": "-19433500000", "operatingIncome": "3014700000", "sellingGeneralAndAdministrative": "None", "researchAndDevelopment": "None", "operatingExpenses": "19711800000", "investmentIncomeNet": "None", "netInterestIncome": "-69900000", "interestIncome": "None", "interestExpense": "69900000", "nonInterestIncome": "None", "otherNonOperatingIncome": "None", "depreciation": "None", "depreciationAndAmortization": "70700000", "incomeBeforeTax": "2944800000", "incomeTaxExpense": "611400000", "interestAndDebtExpense": "None", "netIncomeFromContinuingOperations": "2333400000", "comprehensiveIncomeNetOfTax": "None", "ebit": "3014700000", "ebitda": "3085400000", "netIncome": "2333400000"}, {"fiscalDateEnding": "2024-06-30", "reportedCurrency": "USD", "grossProfit": "17760900000", "totalRevenue": "17760900000", "costOfRevenue": "None", "costofGoodsAndServicesSold": "None", "operatingIncome": "1563900000", "sellingGeneralAndAdministrative": "None", "researchAndDevelopment": "None", "operatingExpenses": "16197000000", "investmentIncomeNet": "None", "netInterestIncome": "-69600000", "interestIncome": "None", "interestExpense": "69600000", "nonInterestIncome": "None", "otherNonOperatingIncome": "None", "depreciation": "None", "depreciationAndAmortization": "67800000", "incomeBeforeTax": "1860400000", "incomeTaxExpense": "401700000", "interestAndDebtExpense": "None", "netIncomeFromContinuingOperations": "1458700000", "comprehensiveIncomeNetOfTax": "None", "ebit": "1930000000", "ebitda": "1997800000", "netIncome": "1458700000"}, {"fiscalDateEnding": "2024-03-31", "reportedCurrency": "USD", "grossProfit": "17236800000", "totalRevenue": "17236800000", "costOfRevenue": "None", "costofGoodsAndServicesSold": "None", "operatingIncome": "2939900000", "sellingGeneralAndAdministrative": "None", "researchAndDevelopment": "None", "operatingExpenses": "14296900000", "investmentIncomeNet": "None", "netInterestIncome": "-69600000", "interestIncome": "None", "interestExpense": "69600000", "nonInterestIncome": "None", "otherNonOperatingIncome": "None", "depreciation": "None", "depreciationAndAmortization": "69700000", "incomeBeforeTax": "2939900000", "incomeTaxExpense": "608500000", "interestAndDebtExpense": "None", "netIncomeFromContinuingOperations": "2331400000", "comprehensiveIncomeNetOfTax": "None", "ebit": "2939900000", "ebitda": "3009600000", "netIncome": "2331400000"}, {"fiscalDateEnding": "2023-12-31", "reportedCurrency": "USD", "grossProfit": "16876200000", "totalRevenue": "16883800000", "costOfRevenue": "7600000", "costofGoodsAndServicesSold": "7600000", "operatingIncome": "2503400000", "sellingGeneralAndAdministrative": "None", "researchAndDevelopment": "None", "operatingExpenses": "14380400000", "investmentIncomeNet": "None", "netInterestIncome": "-69700000", "interestIncome": "None", "interestExpense": "69700000", "nonInterestIncome": "None", "otherNonOperatingIncome": "None", "depreciation": "None", "depreciationAndAmortization": "76300000", "incomeBeforeTax": "2503400000", "incomeTaxExpense": "515600000", "interestAndDebtExpense": "None", "netIncomeFromContinuingOperations": "1987800000", "comprehensiveIncomeNetOfTax": "None", "ebit": "2496800000", "ebitda": "2573100000", "netIncome": "1987800000"}, {"fiscalDateEnding": "2023-09-30", "reportedCurrency": "USD", "grossProfit": "15553400000", "totalRevenue": "15553400000", "costOfRevenue": "None", "costofGoodsAndServicesSold": "None", "operatingIncome": "1410200000", "sellingGeneralAndAdministrative": "None", "researchAndDevelopment": "None", "operatingExpenses": "14143200000", "investmentIncomeNet": "None", "netInterestIncome": "-69700000", "interestIncome": "69700000", "interestExpense": "69700000", "nonInterestIncome": "None", "otherNonOperatingIncome": "None", "depreciation": "None", "depreciationAndAmortization": "74300000", "incomeBeforeTax": "1410200000", "incomeTaxExpense": "288900000", "interestAndDebtExpense": "None", "netIncomeFromContinuingOperations": "1121300000", "comprehensiveIncomeNetOfTax": "None", "ebit": "1410200000", "ebitda": "1484500000", "netIncome": "1121300000"}, {"fiscalDateEnding": "2023-06-30", "reportedCurrency": "USD", "grossProfit": "15347400000", "totalRevenue": "15347400000", "costOfRevenue": "None", "costofGoodsAndServicesSold": "None", "operatingIncome": "435700000", "sellingGeneralAndAdministrative": "None", "researchAndDevelopment": "None", "operatingExpenses": "14911700000", "investmentIncomeNet": "None", "netInterestIncome": "-65700000", "interestIncome": "65700000", "interestExpense": "65700000", "nonInterestIncome": "None", "otherNonOperatingIncome": "None", "depreciation": "None", "depreciationAndAmortization": "81100000", "incomeBeforeTax": "435700000", "incomeTaxExpense": "90300000", "interestAndDebtExpense": "None", "netIncomeFromContinuingOperations": "345400000", "comprehensiveIncomeNetOfTax": "None", "ebit": "496000000", "ebitda": "577100000", "netIncome": "345400000"}, {"fiscalDateEnding": "2023-03-31", "reportedCurrency": "USD", "grossProfit": "14297700000", "totalRevenue": "14297700000", "costOfRevenue": "None", "costofGoodsAndServicesSold": "None", "operatingIncome": "554400000", "sellingGeneralAndAdministrative": "None", "researchAndDevelopment": "None", "operatingExpenses": "13743300000", "investmentIncomeNet": "None", "netInterestIncome": "-63300000", "interestIncome": "63300000", "interestExpense": "63300000", "nonInterestIncome": "None", "otherNonOperatingIncome": "None", "depreciation": "None", "depreciationAndAmortization": "68000000", "incomeBeforeTax": "554400000", "incomeTaxExpense": "106500000", "interestAndDebtExpense": "None", "netIncomeFromContinuingOperations": "447900000", "comprehensiveIncomeNetOfTax": "None", "ebit": "544300000", "ebitda": "617700000", "netIncome": "447900000"}, {"fiscalDateEnding": "2022-12-31", "reportedCurrency": "USD", "grossProfit": "13462899993", "totalRevenue": "13462900000", "costOfRevenue": "6.80", "costofGoodsAndServicesSold": "6.80", "operatingIncome": "1025300000", "sellingGeneralAndAdministrative": "None", "researchAndDevelopment": "None", "operatingExpenses": "12437600000", "investmentIncomeNet": "None", "netInterestIncome": "-63100000", "interestIncome": "63100000", "interestExpense": "63100000", "nonInterestIncome": "None", "otherNonOperatingIncome": "None", "depreciation": "None", "depreciationAndAmortization": "83600000", "incomeBeforeTax": "1025300000", "incomeTaxExpense": "198900000", "interestAndDebtExpense": "None", "netIncomeFromContinuingOperations": "826400000", "comprehensiveIncomeNetOfTax": "None", "ebit": "1004800000", "ebitda": "1088400000", "netIncome": "826400000"}, {"fiscalDateEnding": "2022-09-30", "reportedCurrency": "USD", "grossProfit": "12774400000", "totalRevenue": "12774400000", "costOfRevenue": "None", "costofGoodsAndServicesSold": "None", "operatingIncome": "142500000", "sellingGeneralAndAdministrative": "None", "researchAndDevelopment": "None", "operatingExpenses": "12631900000", "investmentIncomeNet": "None", "netInterestIncome": "-63100000", "interestIncome": "63100000", "interestExpense": "63100000", "nonInterestIncome": "None", "otherNonOperatingIncome": "None", "depreciation": "None", "depreciationAndAmortization": "83300000", "incomeBeforeTax": "142500000", "incomeTaxExpense": "18400000", "interestAndDebtExpense": "None", "netIncomeFromContinuingOperations": "124100000", "comprehensiveIncomeNetOfTax": "None", "ebit": "205600000", "ebitda": "288900000", "netIncome": "124100000"}, {"fiscalDateEnding": "2022-06-30", "reportedCurrency": "USD", "grossProfit": "11513300000", "totalRevenue": "11513300000", "costOfRevenue": "None", "costofGoodsAndServicesSold": "None", "operatingIncome": "-635900000", "sellingGeneralAndAdministrative": "None", "researchAndDevelopment": "None", "operatingExpenses": "12149200000", "investmentIncomeNet": "None", "netInterestIncome": "-63000000", "interestIncome": "63000000", "interestExpense": "63000000", "nonInterestIncome": "None", "otherNonOperatingIncome": "None", "depreciation": "None", "depreciationAndAmortization": "84000000", "incomeBeforeTax": "-635900000", "incomeTaxExpense": "-93000000", "interestAndDebtExpense": "None", "netIncomeFromContinuingOperations": "-542900000", "comprehensiveIncomeNetOfTax": "None", "ebit": "-572900000", "ebitda": "-488900000", "netIncome": "-542900000"}, {"fiscalDateEnding": "2022-03-31", "reportedCurrency": "USD", "grossProfit": "11835800000", "totalRevenue": "11835800000", "costOfRevenue": "None", "costofGoodsAndServicesSold": "None", "operatingIncome": "390200000", "sellingGeneralAndAdministrative": "None", "researchAndDevelopment": "None", "operatingExpenses": "11445600000", "investmentIncomeNet": "None", "netInterestIncome": "-54300000", "interestIncome": "54300000", "interestExpense": "54300000", "nonInterestIncome": "None", "otherNonOperatingIncome": "None", "depreciation": "None", "depreciationAndAmortization": "85700000", "incomeBeforeTax": "390200000", "incomeTaxExpense": "76300000", "interestAndDebtExpense": "None", "netIncomeFromContinuingOperations": "313900000", "comprehensiveIncomeNetOfTax": "None", "ebit": "444500000", "ebitda": "530200000", "netIncome": "313900000"}, {"fiscalDateEnding": "2021-12-31", "reportedCurrency": "USD", "grossProfit": "12485099993", "totalRevenue": "12485100000", "costOfRevenue": "6.80", "costofGoodsAndServicesSold": "6.80", "operatingIncome": "1203900000", "sellingGeneralAndAdministrative": "None", "researchAndDevelopment": "None", "operatingExpenses": "11281200000", "investmentIncomeNet": "None", "netInterestIncome": "-51600000", "interestIncome": "51600000", "interestExpense": "51600000", "nonInterestIncome": "None", "otherNonOperatingIncome": "None", "depreciation": "None", "depreciationAndAmortization": "90400000", "incomeBeforeTax": "1203900000", "incomeTaxExpense": "241600000", "interestAndDebtExpense": "None", "netIncomeFromContinuingOperations": "962300000", "comprehensiveIncomeNetOfTax": "None", "ebit": "1165100000", "ebitda": "1255500000", "netIncome": "962300000"}, {"fiscalDateEnding": "2021-09-30", "reportedCurrency": "USD", "grossProfit": "11852600000", "totalRevenue": "11852600000", "costOfRevenue": "None", "costofGoodsAndServicesSold": "None", "operatingIncome": "139000000", "sellingGeneralAndAdministrative": "None", "researchAndDevelopment": "None", "operatingExpenses": "11713600000", "investmentIncomeNet": "None", "netInterestIncome": "-54200000", "interestIncome": "54200000", "interestExpense": "54200000", "nonInterestIncome": "None", "otherNonOperatingIncome": "None", "depreciation": "None", "depreciationAndAmortization": "89100000", "incomeBeforeTax": "139000000", "incomeTaxExpense": "20500000", "interestAndDebtExpense": "None", "netIncomeFromContinuingOperations": "118500000", "comprehensiveIncomeNetOfTax": "None", "ebit": "193200000", "ebitda": "282300000", "netIncome": "118500000"}, {"fiscalDateEnding": "2021-06-30", "reportedCurrency": "USD", "grossProfit": "11899200000", "totalRevenue": "11899200000", "costOfRevenue": "None", "costofGoodsAndServicesSold": "None", "operatingIncome": "999200000", "sellingGeneralAndAdministrative": "None", "researchAndDevelopment": "None", "operatingExpenses": "10900000000", "investmentIncomeNet": "None", "netInterestIncome": "-56400000", "interestIncome": "56400000", "interestExpense": "56400000", "nonInterestIncome": "None", "otherNonOperatingIncome": "None", "depreciation": "None", "depreciationAndAmortization": "80800000", "incomeBeforeTax": "999200000", "incomeTaxExpense": "209100000", "interestAndDebtExpense": "None", "netIncomeFromContinuingOperations": "790100000", "comprehensiveIncomeNetOfTax": "None", "ebit": "1055600000", "ebitda": "1136400000", "netIncome": "790100000"}, {"fiscalDateEnding": "2021-03-31", "reportedCurrency": "USD", "grossProfit": "11439600000", "totalRevenue": "11439600000", "costOfRevenue": "None", "costofGoodsAndServicesSold": "None", "operatingIncome": "1867900000", "sellingGeneralAndAdministrative": "None", "researchAndDevelopment": "None", "operatingExpenses": "9571700000", "investmentIncomeNet": "None", "netInterestIncome": "-56400000", "interestIncome": "56400000", "interestExpense": "56400000", "nonInterestIncome": "None", "otherNonOperatingIncome": "None", "depreciation": "None", "depreciationAndAmortization": "77100000", "incomeBeforeTax": "1867900000", "incomeTaxExpense": "387900000", "interestAndDebtExpense": "None", "netIncomeFromContinuingOperations": "1480000000", "comprehensiveIncomeNetOfTax": "None", "ebit": "1924300000", "ebitda": "2001400000", "netIncome": "1480000000"}, {"fiscalDateEnding": "2020-12-31", "reportedCurrency": "USD", "grossProfit": "11403100000", "totalRevenue": "11410300000", "costOfRevenue": "7200000", "costofGoodsAndServicesSold": "7200000", "operatingIncome": "2106200000", "sellingGeneralAndAdministrative": "47500000", "researchAndDevelopment": "None", "operatingExpenses": "9304100000", "investmentIncomeNet": "None", "netInterestIncome": "-56200000", "interestIncome": "56200000", "interestExpense": "56200000", "nonInterestIncome": "None", "otherNonOperatingIncome": "None", "depreciation": "None", "depreciationAndAmortization": "87800000", "incomeBeforeTax": "2106200000", "incomeTaxExpense": "421900000", "interestAndDebtExpense": "None", "netIncomeFromContinuingOperations": "1684300000", "comprehensiveIncomeNetOfTax": "None", "ebit": "2074600000", "ebitda": "2162400000", "netIncome": "1684300000"}, {"fiscalDateEnding": "2020-09-30", "reportedCurrency": "USD", "grossProfit": "10942500000", "totalRevenue": "10942500000", "costOfRevenue": "-7831600000", "costofGoodsAndServicesSold": "-7831600000", "operatingIncome": "8120700000", "sellingGeneralAndAdministrative": "None", "researchAndDevelopment": "None", "operatingExpenses": "2821800000", "investmentIncomeNet": "None", "netInterestIncome": "-56400000", "interestIncome": "56400000", "interestExpense": "18800000", "nonInterestIncome": "None", "otherNonOperatingIncome": "None", "depreciation": "None", "depreciationAndAmortization": "85100000", "incomeBeforeTax": "289100000", "incomeTaxExpense": "57700000", "interestAndDebtExpense": "None", "netIncomeFromContinuingOperations": "1530800000", "comprehensiveIncomeNetOfTax": "None", "ebit": "1979900000", "ebitda": "2065000000", "netIncome": "231400000"}, {"fiscalDateEnding": "2020-06-30", "reportedCurrency": "USD", "grossProfit": "10967200000", "totalRevenue": "10967200000", "costOfRevenue": "-7662300000", "costofGoodsAndServicesSold": "-7662300000", "operatingIncome": "8260000000", "sellingGeneralAndAdministrative": "None", "researchAndDevelopment": "None", "operatingExpenses": "2707200000", "investmentIncomeNet": "None", "netInterestIncome": "-56400000", "interestIncome": "56400000", "interestExpense": "18800000", "nonInterestIncome": "None", "otherNonOperatingIncome": "None", "depreciation": "None", "depreciationAndAmortization": "81800000", "incomeBeforeTax": "597700000", "incomeTaxExpense": "126800000", "interestAndDebtExpense": "None", "netIncomeFromContinuingOperations": "1790400000", "comprehensiveIncomeNetOfTax": "None", "ebit": "2325200000", "ebitda": "2407000000", "netIncome": "470900000"}, {"fiscalDateEnding": "2020-03-31", "reportedCurrency": "USD", "grossProfit": "9318100000", "totalRevenue": "9318100000", "costOfRevenue": "None", "costofGoodsAndServicesSold": "None", "operatingIncome": "874700000", "sellingGeneralAndAdministrative": "47500000", "researchAndDevelopment": "None", "operatingExpenses": "8443400000", "investmentIncomeNet": "None", "netInterestIncome": "-48000000", "interestIncome": "48000000", "interestExpense": "48000000", "nonInterestIncome": "None", "otherNonOperatingIncome": "None", "depreciation": "None", "depreciationAndAmortization": "77100000", "incomeBeforeTax": "874700000", "incomeTaxExpense": "175600000", "interestAndDebtExpense": "None", "netIncomeFromContinuingOperations": "699100000", "comprehensiveIncomeNetOfTax": "None", "ebit": "916300000", "ebitda": "993400000", "netIncome": "692700000"}, {"fiscalDateEnding": "2019-12-31", "reportedCurrency": "USD", "grossProfit": "10729300000", "totalRevenue": "10734800000", "costOfRevenue": "5500000", "costofGoodsAndServicesSold": "5500000", "operatingIncome": "1338900000", "sellingGeneralAndAdministrative": "46800000", "researchAndDevelopment": "None", "operatingExpenses": "9395900000", "investmentIncomeNet": "None", "netInterestIncome": "-47400000", "interestIncome": "47400000", "interestExpense": "47400000", "nonInterestIncome": "None", "otherNonOperatingIncome": "None", "depreciation": "None", "depreciationAndAmortization": "83400000", "incomeBeforeTax": "1338900000", "incomeTaxExpense": "264300000", "interestAndDebtExpense": "None", "netIncomeFromContinuingOperations": "1074600000", "comprehensiveIncomeNetOfTax": "None", "ebit": "1302900000", "ebitda": "1386300000", "netIncome": "1070800000"}, {"fiscalDateEnding": "2019-09-30", "reportedCurrency": "USD", "grossProfit": "9524600000", "totalRevenue": "9524600000", "costOfRevenue": "8418100000", "costofGoodsAndServicesSold": "8418100000", "operatingIncome": "1010300000", "sellingGeneralAndAdministrative": "48700000", "researchAndDevelopment": "None", "operatingExpenses": "8514300000", "investmentIncomeNet": "None", "netInterestIncome": "-47500000", "interestIncome": "47500000", "interestExpense": "47500000", "nonInterestIncome": "None", "otherNonOperatingIncome": "None", "depreciation": "None", "depreciationAndAmortization": "72200000", "incomeBeforeTax": "1010300000", "incomeTaxExpense": "166700000", "interestAndDebtExpense": "None", "netIncomeFromContinuingOperations": "843600000", "comprehensiveIncomeNetOfTax": "None", "ebit": "1055900000", "ebitda": "1128100000", "netIncome": "841700000"}, {"fiscalDateEnding": "2019-06-30", "reportedCurrency": "USD", "grossProfit": "9444500000", "totalRevenue": "9444500000", "costOfRevenue": "8108200000", "costofGoodsAndServicesSold": "8108200000", "operatingIncome": "1243600000", "sellingGeneralAndAdministrative": "45300000", "researchAndDevelopment": "None", "operatingExpenses": "8200900000", "investmentIncomeNet": "None", "netInterestIncome": "-47400000", "interestIncome": "47400000", "interestExpense": "47400000", "nonInterestIncome": "None", "otherNonOperatingIncome": "None", "depreciation": "None", "depreciationAndAmortization": "80000000", "incomeBeforeTax": "1243600000", "incomeTaxExpense": "264600000", "interestAndDebtExpense": "None", "netIncomeFromContinuingOperations": "979000000", "comprehensiveIncomeNetOfTax": "None", "ebit": "1291400000", "ebitda": "1371400000", "netIncome": "979400000"}, {"fiscalDateEnding": "2019-03-31", "reportedCurrency": "USD", "grossProfit": "9293800000", "totalRevenue": "9293800000", "costOfRevenue": "7640800000", "costofGoodsAndServicesSold": "7640800000", "operatingIncome": "1567500000", "sellingGeneralAndAdministrative": "38100000", "researchAndDevelopment": "None", "operatingExpenses": "7726300000", "investmentIncomeNet": "None", "netInterestIncome": "-47400000", "interestIncome": "None", "interestExpense": "47400000", "nonInterestIncome": "None", "otherNonOperatingIncome": "None", "depreciation": "None", "depreciationAndAmortization": "70500000", "incomeBeforeTax": "1567500000", "incomeTaxExpense": "484700000", "interestAndDebtExpense": "None", "netIncomeFromContinuingOperations": "1082800000", "comprehensiveIncomeNetOfTax": "None", "ebit": "1610500000", "ebitda": "1681000000", "netIncome": "1078400000"}, {"fiscalDateEnding": "2018-12-31", "reportedCurrency": "USD", "grossProfit": "8023700000", "totalRevenue": "8028800000", "costOfRevenue": "5100000", "costofGoodsAndServicesSold": "5100000", "operatingIncome": "242200000", "sellingGeneralAndAdministrative": "32000000", "researchAndDevelopment": "0", "operatingExpenses": "7786600000", "investmentIncomeNet": "None", "netInterestIncome": "None", "interestIncome": "None", "interestExpense": "46000000", "nonInterestIncome": "None", "otherNonOperatingIncome": "None", "depreciation": "None", "depreciationAndAmortization": "70600000", "incomeBeforeTax": "242200000", "incomeTaxExpense": "-17600000", "interestAndDebtExpense": "None", "netIncomeFromContinuingOperations": "259800000", "comprehensiveIncomeNetOfTax": "None", "ebit": "242200000", "ebitda": "312800000", "netIncome": "264700000"}, {"fiscalDateEnding": "2018-09-30", "reportedCurrency": "USD", "grossProfit": "8490000000", "totalRevenue": "8490000000", "costOfRevenue": "7281700000", "costofGoodsAndServicesSold": "7281700000", "operatingIncome": "1130500000", "sellingGeneralAndAdministrative": "35800000", "researchAndDevelopment": "0", "operatingExpenses": "7359500000", "investmentIncomeNet": "None", "netInterestIncome": "None", "interestIncome": "None", "interestExpense": "42000000", "nonInterestIncome": "None", "otherNonOperatingIncome": "None", "depreciation": "None", "depreciationAndAmortization": "69200000", "incomeBeforeTax": "1130500000", "incomeTaxExpense": "200300000", "interestAndDebtExpense": "None", "netIncomeFromContinuingOperations": "930200000", "comprehensiveIncomeNetOfTax": "None", "ebit": "1170700000", "ebitda": "1239900000", "netIncome": "928400000"}, {"fiscalDateEnding": "2018-06-30", "reportedCurrency": "USD", "grossProfit": "8011800000", "totalRevenue": "8011800000", "costOfRevenue": "7053000000", "costofGoodsAndServicesSold": "7053000000", "operatingIncome": "880100000", "sellingGeneralAndAdministrative": "37000000", "researchAndDevelopment": "0", "operatingExpenses": "7131700000", "investmentIncomeNet": "None", "netInterestIncome": "None", "interestIncome": "None", "interestExpense": "41700000", "nonInterestIncome": "None", "otherNonOperatingIncome": "None", "depreciation": "None", "depreciationAndAmortization": "63700000", "incomeBeforeTax": "880100000", "incomeTaxExpense": "178900000", "interestAndDebtExpense": "None", "netIncomeFromContinuingOperations": "701200000", "comprehensiveIncomeNetOfTax": "None", "ebit": "924800000", "ebitda": "988500000", "netIncome": "704200000"}, {"fiscalDateEnding": "2018-03-31", "reportedCurrency": "USD", "grossProfit": "7424100000", "totalRevenue": "7424100000", "costOfRevenue": "6417600000", "costofGoodsAndServicesSold": "6417600000", "operatingIncome": "910800000", "sellingGeneralAndAdministrative": "29300000", "researchAndDevelopment": "0", "operatingExpenses": "6513300000", "investmentIncomeNet": "None", "netInterestIncome": "None", "interestIncome": "None", "interestExpense": "36800000", "nonInterestIncome": "None", "otherNonOperatingIncome": "None", "depreciation": "None", "depreciationAndAmortization": "58900000", "incomeBeforeTax": "910800000", "incomeTaxExpense": "181000000", "interestAndDebtExpense": "None", "netIncomeFromContinuingOperations": "729800000", "comprehensiveIncomeNetOfTax": "None", "ebit": "935800000", "ebitda": "994700000", "netIncome": "718000000"}, {"fiscalDateEnding": "2017-12-31", "reportedCurrency": "USD", "grossProfit": "7110500000", "totalRevenue": "7115100000", "costOfRevenue": "4600000", "costofGoodsAndServicesSold": "4600000", "operatingIncome": "691400000", "sellingGeneralAndAdministrative": "27700000", "researchAndDevelopment": "0", "operatingExpenses": "6423700000", "investmentIncomeNet": "None", "netInterestIncome": "None", "interestIncome": "None", "interestExpense": "35500000", "nonInterestIncome": "None", "otherNonOperatingIncome": "None", "depreciation": "None", "depreciationAndAmortization": "61200000", "incomeBeforeTax": "691400000", "incomeTaxExpense": "111100000", "interestAndDebtExpense": "None", "netIncomeFromContinuingOperations": "580300000", "comprehensiveIncomeNetOfTax": "None", "ebit": "728100000", "ebitda": "789300000", "netIncome": "576300000"}, {"fiscalDateEnding": "2017-09-30", "reportedCurrency": "USD", "grossProfit": "6786000000", "totalRevenue": "6786000000", "costOfRevenue": "6437300000", "costofGoodsAndServicesSold": "6437300000", "operatingIncome": "251400000", "sellingGeneralAndAdministrative": "28900000", "researchAndDevelopment": "0", "operatingExpenses": "6534600000", "investmentIncomeNet": "None", "netInterestIncome": "None", "interestIncome": "None", "interestExpense": "37400000", "nonInterestIncome": "None", "otherNonOperatingIncome": "None", "depreciation": "None", "depreciationAndAmortization": "59900000", "incomeBeforeTax": "251400000", "incomeTaxExpense": "36600000", "interestAndDebtExpense": "None", "netIncomeFromContinuingOperations": "214800000", "comprehensiveIncomeNetOfTax": "None", "ebit": "298000000", "ebitda": "357900000", "netIncome": "224000000"}, {"fiscalDateEnding": "2017-06-30", "reportedCurrency": "USD", "grossProfit": "6599100000", "totalRevenue": "6599100000", "costOfRevenue": "5942600000", "costofGoodsAndServicesSold": "5942600000", "operatingIncome": "554600000", "sellingGeneralAndAdministrative": "27000000", "researchAndDevelopment": "0", "operatingExpenses": "6044500000", "investmentIncomeNet": "None", "netInterestIncome": "None", "interestIncome": "None", "interestExpense": "43400000", "nonInterestIncome": "None", "otherNonOperatingIncome": "None", "depreciation": "None", "depreciationAndAmortization": "58500000", "incomeBeforeTax": "554600000", "incomeTaxExpense": "181900000", "interestAndDebtExpense": "None", "netIncomeFromContinuingOperations": "372700000", "comprehensiveIncomeNetOfTax": "None", "ebit": "592900000", "ebitda": "651400000", "netIncome": "367600000"}, {"fiscalDateEnding": "2017-03-31", "reportedCurrency": "USD", "grossProfit": "6315900000", "totalRevenue": "6315900000", "costOfRevenue": "5581300000", "costofGoodsAndServicesSold": "5581300000", "operatingIncome": "641500000", "sellingGeneralAndAdministrative": "25900000", "researchAndDevelopment": "0", "operatingExpenses": "5674400000", "investmentIncomeNet": "None", "netInterestIncome": "None", "interestIncome": "None", "interestExpense": "36800000", "nonInterestIncome": "None", "otherNonOperatingIncome": "None", "depreciation": "None", "depreciationAndAmortization": "56500000", "incomeBeforeTax": "641500000", "incomeTaxExpense": "211200000", "interestAndDebtExpense": "None", "netIncomeFromContinuingOperations": "430300000", "comprehensiveIncomeNetOfTax": "None", "ebit": "672300000", "ebitda": "728800000", "netIncome": "424300000"}, {"fiscalDateEnding": "2016-12-31", "reportedCurrency": "USD", "grossProfit": "6117900000", "totalRevenue": "6122100000", "costOfRevenue": "4200000", "costofGoodsAndServicesSold": "4200000", "operatingIncome": "537500000", "sellingGeneralAndAdministrative": "23500000", "researchAndDevelopment": "0", "operatingExpenses": "5584600000", "investmentIncomeNet": "None", "netInterestIncome": "None", "interestIncome": "None", "interestExpense": "37100000", "nonInterestIncome": "None", "otherNonOperatingIncome": "None", "depreciation": "None", "depreciationAndAmortization": "58300000", "incomeBeforeTax": "537500000", "incomeTaxExpense": "139400000", "interestAndDebtExpense": "None", "netIncomeFromContinuingOperations": "398100000", "comprehensiveIncomeNetOfTax": "None", "ebit": "574600000", "ebitda": "632900000", "netIncome": "383200000"}, {"fiscalDateEnding": "2016-09-30", "reportedCurrency": "USD", "grossProfit": "5930200000", "totalRevenue": "5930200000", "costOfRevenue": "5584400000", "costofGoodsAndServicesSold": "5584400000", "operatingIncome": "258500000", "sellingGeneralAndAdministrative": "23200000", "researchAndDevelopment": "0", "operatingExpenses": "5671700000", "investmentIncomeNet": "None", "netInterestIncome": "None", "interestIncome": "None", "interestExpense": "35300000", "nonInterestIncome": "None", "otherNonOperatingIncome": "None", "depreciation": "None", "depreciationAndAmortization": "52000000", "incomeBeforeTax": "258500000", "incomeTaxExpense": "53000000", "interestAndDebtExpense": "None", "netIncomeFromContinuingOperations": "205500000", "comprehensiveIncomeNetOfTax": "None", "ebit": "293800000", "ebitda": "345800000", "netIncome": "198700000"}, {"fiscalDateEnding": "2016-06-30", "reportedCurrency": "USD", "grossProfit": "5812400000", "totalRevenue": "5812400000", "costOfRevenue": "5446200000", "costofGoodsAndServicesSold": "5446200000", "operatingIncome": "287300000", "sellingGeneralAndAdministrative": "23700000", "researchAndDevelopment": "0", "operatingExpenses": "5525100000", "investmentIncomeNet": "None", "netInterestIncome": "None", "interestIncome": "None", "interestExpense": "34300000", "nonInterestIncome": "None", "otherNonOperatingIncome": "None", "depreciation": "None", "depreciationAndAmortization": "46200000", "incomeBeforeTax": "287300000", "incomeTaxExpense": "92400000", "interestAndDebtExpense": "None", "netIncomeFromContinuingOperations": "194900000", "comprehensiveIncomeNetOfTax": "None", "ebit": "317600000", "ebitda": "363800000", "netIncome": "190900000"}, {"fiscalDateEnding": "2016-03-31", "reportedCurrency": "USD", "grossProfit": "5552700000", "totalRevenue": "5552700000", "costOfRevenue": "5088100000", "costofGoodsAndServicesSold": "5088100000", "operatingIncome": "387400000", "sellingGeneralAndAdministrative": "21600000", "researchAndDevelopment": "0", "operatingExpenses": "5165300000", "investmentIncomeNet": "None", "netInterestIncome": "None", "interestIncome": "None", "interestExpense": "34200000", "nonInterestIncome": "None", "otherNonOperatingIncome": "None", "depreciation": "None", "depreciationAndAmortization": "43000000", "incomeBeforeTax": "387400000", "incomeTaxExpense": "128700000", "interestAndDebtExpense": "None", "netIncomeFromContinuingOperations": "258700000", "comprehensiveIncomeNetOfTax": "None", "ebit": "421100000", "ebitda": "464100000", "netIncome": "258200000"}, {"fiscalDateEnding": "2015-12-31", "reportedCurrency": "USD", "grossProfit": "5389100000", "totalRevenue": "5394500000", "costOfRevenue": "5400000", "costofGoodsAndServicesSold": "5400000", "operatingIncome": "514100000", "sellingGeneralAndAdministrative": "20700000", "researchAndDevelopment": "0", "operatingExpenses": "4880400000", "investmentIncomeNet": "None", "netInterestIncome": "None", "interestIncome": "None", "interestExpense": "34100000", "nonInterestIncome": "None", "otherNonOperatingIncome": "None", "depreciation": "None", "depreciationAndAmortization": "43200000", "incomeBeforeTax": "514100000", "incomeTaxExpense": "164200000", "interestAndDebtExpense": "None", "netIncomeFromContinuingOperations": "36300000", "comprehensiveIncomeNetOfTax": "None", "ebit": "514100000", "ebitda": "557300000", "netIncome": "330400000"}, {"fiscalDateEnding": "2015-09-30", "reportedCurrency": "USD", "grossProfit": "5269800000", "totalRevenue": "5269800000", "costOfRevenue": "4763500000", "costofGoodsAndServicesSold": "4763500000", "operatingIncome": "429000000", "sellingGeneralAndAdministrative": "20400000", "researchAndDevelopment": "0", "operatingExpenses": "4840800000", "investmentIncomeNet": "None", "netInterestIncome": "None", "interestIncome": "None", "interestExpense": "34500000", "nonInterestIncome": "None", "otherNonOperatingIncome": "None", "depreciation": "None", "depreciationAndAmortization": "41900000", "incomeBeforeTax": "429000000", "incomeTaxExpense": "142500000", "interestAndDebtExpense": "None", "netIncomeFromContinuingOperations": "286500000", "comprehensiveIncomeNetOfTax": "None", "ebit": "455300000", "ebitda": "497200000", "netIncome": "278300000"}, {"fiscalDateEnding": "2015-06-30", "reportedCurrency": "USD", "grossProfit": "5277600000", "totalRevenue": "5277600000", "costOfRevenue": "4675800000", "costofGoodsAndServicesSold": "4675800000", "operatingIncome": "525300000", "sellingGeneralAndAdministrative": "20500000", "researchAndDevelopment": "0", "operatingExpenses": "4752300000", "investmentIncomeNet": "None", "netInterestIncome": "None", "interestIncome": "None", "interestExpense": "34900000", "nonInterestIncome": "None", "otherNonOperatingIncome": "None", "depreciation": "None", "depreciationAndAmortization": "41600000", "incomeBeforeTax": "525300000", "incomeTaxExpense": "156800000", "interestAndDebtExpense": "None", "netIncomeFromContinuingOperations": "682100000", "comprehensiveIncomeNetOfTax": "None", "ebit": "555000000", "ebitda": "596600000", "netIncome": "363300000"}, {"fiscalDateEnding": "2015-03-31", "reportedCurrency": "USD", "grossProfit": "4890000000", "totalRevenue": "4890000000", "costOfRevenue": "4390500000", "costofGoodsAndServicesSold": "4390500000", "operatingIncome": "443200000", "sellingGeneralAndAdministrative": "15900000", "researchAndDevelopment": "0", "operatingExpenses": "4446800000", "investmentIncomeNet": "None", "netInterestIncome": "None", "interestIncome": "None", "interestExpense": "32500000", "nonInterestIncome": "None", "otherNonOperatingIncome": "None", "depreciation": "None", "depreciationAndAmortization": "23800000", "incomeBeforeTax": "443200000", "incomeTaxExpense": "147600000", "interestAndDebtExpense": "None", "netIncomeFromContinuingOperations": "295600000", "comprehensiveIncomeNetOfTax": "None", "ebit": "475700000", "ebitda": "499500000", "netIncome": "295600000"}, {"fiscalDateEnding": "2014-12-31", "reportedCurrency": "USD", "grossProfit": "5166900000", "totalRevenue": "5171300000", "costOfRevenue": "4400000", "costofGoodsAndServicesSold": "4400000", "operatingIncome": "546400000", "sellingGeneralAndAdministrative": "14800000", "researchAndDevelopment": "0", "operatingExpenses": "4624900000", "investmentIncomeNet": "None", "netInterestIncome": "None", "interestIncome": "None", "interestExpense": "29900000", "nonInterestIncome": "None", "otherNonOperatingIncome": "None", "depreciation": "None", "depreciationAndAmortization": "25300000", "incomeBeforeTax": "546400000", "incomeTaxExpense": "176200000", "interestAndDebtExpense": "None", "netIncomeFromContinuingOperations": "370200000", "comprehensiveIncomeNetOfTax": "None", "ebit": "546400000", "ebitda": "571700000", "netIncome": "370200000"}, {"fiscalDateEnding": "2014-09-30", "reportedCurrency": "USD", "grossProfit": "4767000000", "totalRevenue": "4767000000", "costOfRevenue": "4264600000", "costofGoodsAndServicesSold": "4264600000", "operatingIncome": "441800000", "sellingGeneralAndAdministrative": "13500000", "researchAndDevelopment": "0", "operatingExpenses": "4325200000", "investmentIncomeNet": "None", "netInterestIncome": "None", "interestIncome": "None", "interestExpense": "30700000", "nonInterestIncome": "None", "otherNonOperatingIncome": "None", "depreciation": "None", "depreciationAndAmortization": "25100000", "incomeBeforeTax": "441800000", "incomeTaxExpense": "145700000", "interestAndDebtExpense": "None", "netIncomeFromContinuingOperations": "296100000", "comprehensiveIncomeNetOfTax": "None", "ebit": "472500000", "ebitda": "497600000", "netIncome": "296100000"}, {"fiscalDateEnding": "2014-06-30", "reportedCurrency": "USD", "grossProfit": "4735500000", "totalRevenue": "4735500000", "costOfRevenue": "4244600000", "costofGoodsAndServicesSold": "4244600000", "operatingIncome": "437400000", "sellingGeneralAndAdministrative": "12900000", "researchAndDevelopment": "0", "operatingExpenses": "4298100000", "investmentIncomeNet": "None", "netInterestIncome": "None", "interestIncome": "None", "interestExpense": "29600000", "nonInterestIncome": "None", "otherNonOperatingIncome": "None", "depreciation": "None", "depreciationAndAmortization": "23900000", "incomeBeforeTax": "437400000", "incomeTaxExpense": "144000000", "interestAndDebtExpense": "None", "netIncomeFromContinuingOperations": "293400000", "comprehensiveIncomeNetOfTax": "None", "ebit": "467000000", "ebitda": "490900000", "netIncome": "293400000"}, {"fiscalDateEnding": "2014-03-31", "reportedCurrency": "USD", "grossProfit": "4703500000", "totalRevenue": "4703500000", "costOfRevenue": "4172200000", "costofGoodsAndServicesSold": "4172200000", "operatingIncome": "481800000", "sellingGeneralAndAdministrative": "9700000", "researchAndDevelopment": "0", "operatingExpenses": "4221700000", "investmentIncomeNet": "None", "netInterestIncome": "None", "interestIncome": "None", "interestExpense": "26700000", "nonInterestIncome": "None", "otherNonOperatingIncome": "None", "depreciation": "None", "depreciationAndAmortization": "22800000", "incomeBeforeTax": "481800000", "incomeTaxExpense": "160500000", "interestAndDebtExpense": "None", "netIncomeFromContinuingOperations": "321300000", "comprehensiveIncomeNetOfTax": "None", "ebit": "508500000", "ebitda": "531300000", "netIncome": "321300000"}, {"fiscalDateEnding": "2013-12-31", "reportedCurrency": "USD", "grossProfit": "4610500000", "totalRevenue": "4614500000", "costOfRevenue": "4000000", "costofGoodsAndServicesSold": "4000000", "operatingIncome": "425600000", "sellingGeneralAndAdministrative": "8700000", "researchAndDevelopment": "0", "operatingExpenses": "4188900000", "investmentIncomeNet": "None", "netInterestIncome": "None", "interestIncome": "None", "interestExpense": "26800000", "nonInterestIncome": "None", "otherNonOperatingIncome": "None", "depreciation": "None", "depreciationAndAmortization": "26400000", "incomeBeforeTax": "425600000", "incomeTaxExpense": "125800000", "interestAndDebtExpense": "None", "netIncomeFromContinuingOperations": "299800000", "comprehensiveIncomeNetOfTax": "None", "ebit": "425600000", "ebitda": "452000000", "netIncome": "299800000"}, {"fiscalDateEnding": "2013-09-30", "reportedCurrency": "USD", "grossProfit": "4520400000", "totalRevenue": "4520400000", "costOfRevenue": "4114800000", "costofGoodsAndServicesSold": "4114800000", "operatingIncome": "345000000", "sellingGeneralAndAdministrative": "11100000", "researchAndDevelopment": "0", "operatingExpenses": "4175400000", "investmentIncomeNet": "None", "netInterestIncome": "None", "interestIncome": "None", "interestExpense": "30400000", "nonInterestIncome": "None", "otherNonOperatingIncome": "None", "depreciation": "None", "depreciationAndAmortization": "25900000", "incomeBeforeTax": "345000000", "incomeTaxExpense": "112600000", "interestAndDebtExpense": "None", "netIncomeFromContinuingOperations": "232400000", "comprehensiveIncomeNetOfTax": "None", "ebit": "345000000", "ebitda": "370900000", "netIncome": "232400000"}, {"fiscalDateEnding": "2013-06-30", "reportedCurrency": "USD", "grossProfit": "4589200000", "totalRevenue": "4589200000", "costOfRevenue": "4047200000", "costofGoodsAndServicesSold": "4047200000", "operatingIncome": "486300000", "sellingGeneralAndAdministrative": "10400000", "researchAndDevelopment": "0", "operatingExpenses": "4102900000", "investmentIncomeNet": "None", "netInterestIncome": "None", "interestIncome": "None", "interestExpense": "30400000", "nonInterestIncome": "None", "otherNonOperatingIncome": "None", "depreciation": "None", "depreciationAndAmortization": "25300000", "incomeBeforeTax": "486300000", "incomeTaxExpense": "161700000", "interestAndDebtExpense": "None", "netIncomeFromContinuingOperations": "324600000", "comprehensiveIncomeNetOfTax": "None", "ebit": "486300000", "ebitda": "511600000", "netIncome": "324600000"}, {"fiscalDateEnding": "2013-03-31", "reportedCurrency": "USD", "grossProfit": "4432300000", "totalRevenue": "4432300000", "costOfRevenue": "3914900000", "costofGoodsAndServicesSold": "3914900000", "operatingIncome": "463100000", "sellingGeneralAndAdministrative": "8600000", "researchAndDevelopment": "0", "operatingExpenses": "3969200000", "investmentIncomeNet": "None", "netInterestIncome": "None", "interestIncome": "None", "interestExpense": "30600000", "nonInterestIncome": "None", "otherNonOperatingIncome": "None", "depreciation": "None", "depreciationAndAmortization": "23700000", "incomeBeforeTax": "463100000", "incomeTaxExpense": "154500000", "interestAndDebtExpense": "None", "netIncomeFromContinuingOperations": "308600000", "comprehensiveIncomeNetOfTax": "None", "ebit": "463100000", "ebitda": "486800000", "netIncome": "308600000"}, {"fiscalDateEnding": "2012-12-31", "reportedCurrency": "USD", "grossProfit": "4342800000", "totalRevenue": "4346500000", "costOfRevenue": "3700000", "costofGoodsAndServicesSold": "3700000", "operatingIncome": "151300000", "sellingGeneralAndAdministrative": "27700000", "researchAndDevelopment": "0", "operatingExpenses": "4195200000", "investmentIncomeNet": "None", "netInterestIncome": "None", "interestIncome": "None", "interestExpense": "30600000", "nonInterestIncome": "None", "otherNonOperatingIncome": "None", "depreciation": "None", "depreciationAndAmortization": "-20500000", "incomeBeforeTax": "353500000", "incomeTaxExpense": "104400000", "interestAndDebtExpense": "None", "netIncomeFromContinuingOperations": "249100000", "comprehensiveIncomeNetOfTax": "None", "ebit": "289700000", "ebitda": "269200000", "netIncome": "249100000"}, {"fiscalDateEnding": "2012-09-30", "reportedCurrency": "USD", "grossProfit": "4345600000", "totalRevenue": "4345600000", "costOfRevenue": "3954000000", "costofGoodsAndServicesSold": "3954000000", "operatingIncome": "412400000", "sellingGeneralAndAdministrative": "9600000", "researchAndDevelopment": "0", "operatingExpenses": "3933200000", "investmentIncomeNet": "None", "netInterestIncome": "None", "interestIncome": "None", "interestExpense": "30600000", "nonInterestIncome": "None", "otherNonOperatingIncome": "None", "depreciation": "None", "depreciationAndAmortization": "37900000", "incomeBeforeTax": "412400000", "incomeTaxExpense": "135400000", "interestAndDebtExpense": "None", "netIncomeFromContinuingOperations": "277000000", "comprehensiveIncomeNetOfTax": "None", "ebit": "428700000", "ebitda": "466600000", "netIncome": "277000000"}, {"fiscalDateEnding": "2012-06-30", "reportedCurrency": "USD", "grossProfit": "4114100000", "totalRevenue": "4114100000", "costOfRevenue": "3957600000", "costofGoodsAndServicesSold": "3957600000", "operatingIncome": "167700000", "sellingGeneralAndAdministrative": "9900000", "researchAndDevelopment": "0", "operatingExpenses": "3946400000", "investmentIncomeNet": "None", "netInterestIncome": "None", "interestIncome": "None", "interestExpense": "30700000", "nonInterestIncome": "None", "otherNonOperatingIncome": "None", "depreciation": "None", "depreciationAndAmortization": "37900000", "incomeBeforeTax": "167700000", "incomeTaxExpense": "49100000", "interestAndDebtExpense": "None", "netIncomeFromContinuingOperations": "118600000", "comprehensiveIncomeNetOfTax": "None", "ebit": "183700000", "ebitda": "221600000", "netIncome": "118600000"}, {"fiscalDateEnding": "2012-03-31", "reportedCurrency": "USD", "grossProfit": "4061900000", "totalRevenue": "4061900000", "costOfRevenue": "3683900000", "costofGoodsAndServicesSold": "3683900000", "operatingIncome": "384100000", "sellingGeneralAndAdministrative": "8200000", "researchAndDevelopment": "0", "operatingExpenses": "3677800000", "investmentIncomeNet": "None", "netInterestIncome": "None", "interestIncome": "None", "interestExpense": "31900000", "nonInterestIncome": "None", "otherNonOperatingIncome": "None", "depreciation": "None", "depreciationAndAmortization": "39100000", "incomeBeforeTax": "384100000", "incomeTaxExpense": "126500000", "interestAndDebtExpense": "None", "netIncomeFromContinuingOperations": "257600000", "comprehensiveIncomeNetOfTax": "None", "ebit": "399200000", "ebitda": "438300000", "netIncome": "257600000"}, {"fiscalDateEnding": "2011-12-31", "reportedCurrency": "USD", "grossProfit": "3926200000", "totalRevenue": "3930900000", "costOfRevenue": "4700000", "costofGoodsAndServicesSold": "4700000", "operatingIncome": "375400000", "sellingGeneralAndAdministrative": "5500000", "researchAndDevelopment": "0", "operatingExpenses": "3555500000", "investmentIncomeNet": "None", "netInterestIncome": "None", "interestIncome": "None", "interestExpense": "36300000", "nonInterestIncome": "None", "otherNonOperatingIncome": "None", "depreciation": "None", "depreciationAndAmortization": "-13200000", "incomeBeforeTax": "375400000", "incomeTaxExpense": "118700000", "interestAndDebtExpense": "None", "netIncomeFromContinuingOperations": "256700000", "comprehensiveIncomeNetOfTax": "None", "ebit": "411700000", "ebitda": "398500000", "netIncome": "256700000"}, {"fiscalDateEnding": "2011-09-30", "reportedCurrency": "USD", "grossProfit": "3811100000", "totalRevenue": "3811100000", "costOfRevenue": "3542400000", "costofGoodsAndServicesSold": "3542400000", "operatingIncome": "208500000", "sellingGeneralAndAdministrative": "5100000", "researchAndDevelopment": "0", "operatingExpenses": "3602600000", "investmentIncomeNet": "None", "netInterestIncome": "None", "interestIncome": "None", "interestExpense": "33400000", "nonInterestIncome": "None", "otherNonOperatingIncome": "None", "depreciation": "None", "depreciationAndAmortization": "34600000", "incomeBeforeTax": "208500000", "incomeTaxExpense": "57800000", "interestAndDebtExpense": "None", "netIncomeFromContinuingOperations": "150700000", "comprehensiveIncomeNetOfTax": "None", "ebit": "241900000", "ebitda": "276500000", "netIncome": "150700000"}, {"fiscalDateEnding": "2011-06-30", "reportedCurrency": "USD", "grossProfit": "3872700000", "totalRevenue": "3872700000", "costOfRevenue": "3458400000", "costofGoodsAndServicesSold": "3458400000", "operatingIncome": "357700000", "sellingGeneralAndAdministrative": "4800000", "researchAndDevelopment": "0", "operatingExpenses": "3515000000", "investmentIncomeNet": "None", "netInterestIncome": "None", "interestIncome": "None", "interestExpense": "31500000", "nonInterestIncome": "None", "otherNonOperatingIncome": "None", "depreciation": "None", "depreciationAndAmortization": "33900000", "incomeBeforeTax": "357700000", "incomeTaxExpense": "112500000", "interestAndDebtExpense": "None", "netIncomeFromContinuingOperations": "245200000", "comprehensiveIncomeNetOfTax": "None", "ebit": "389200000", "ebitda": "423100000", "netIncome": "245200000"}, {"fiscalDateEnding": "2011-03-31", "reportedCurrency": "USD", "grossProfit": "3893500000", "totalRevenue": "3893500000", "costOfRevenue": "3292500000", "costofGoodsAndServicesSold": "3292500000", "operatingIncome": "545400000", "sellingGeneralAndAdministrative": "4000000", "researchAndDevelopment": "0", "operatingExpenses": "3348100000", "investmentIncomeNet": "None", "netInterestIncome": "None", "interestIncome": "None", "interestExpense": "31500000", "nonInterestIncome": "None", "otherNonOperatingIncome": "None", "depreciation": "None", "depreciationAndAmortization": "33200000", "incomeBeforeTax": "545400000", "incomeTaxExpense": "182500000", "interestAndDebtExpense": "None", "netIncomeFromContinuingOperations": "362900000", "comprehensiveIncomeNetOfTax": "None", "ebit": "576900000", "ebitda": "610100000", "netIncome": "362900000"}, {"fiscalDateEnding": "2010-12-31", "reportedCurrency": "USD", "grossProfit": "3831300000", "totalRevenue": "3835200000", "costOfRevenue": "3900000", "costofGoodsAndServicesSold": "3900000", "operatingIncome": "426200000", "sellingGeneralAndAdministrative": "5500000", "researchAndDevelopment": "0", "operatingExpenses": "3409000000", "investmentIncomeNet": "None", "netInterestIncome": "None", "interestIncome": "None", "interestExpense": "31300000", "nonInterestIncome": "None", "otherNonOperatingIncome": "None", "depreciation": "None", "depreciationAndAmortization": "31400000", "incomeBeforeTax": "426200000", "incomeTaxExpense": "127000000", "interestAndDebtExpense": "None", "netIncomeFromContinuingOperations": "299200000", "comprehensiveIncomeNetOfTax": "None", "ebit": "457500000", "ebitda": "488900000", "netIncome": "299200000"}, {"fiscalDateEnding": "2010-09-30", "reportedCurrency": "USD", "grossProfit": "3763100000", "totalRevenue": "3763100000", "costOfRevenue": "3329600000", "costofGoodsAndServicesSold": "3329600000", "operatingIncome": "387200000", "sellingGeneralAndAdministrative": "5200000", "researchAndDevelopment": "0", "operatingExpenses": "3375900000", "investmentIncomeNet": "None", "netInterestIncome": "None", "interestIncome": "None", "interestExpense": "31900000", "nonInterestIncome": "None", "otherNonOperatingIncome": "None", "depreciation": "None", "depreciationAndAmortization": "32000000", "incomeBeforeTax": "387200000", "incomeTaxExpense": "125600000", "interestAndDebtExpense": "None", "netIncomeFromContinuingOperations": "261600000", "comprehensiveIncomeNetOfTax": "None", "ebit": "419100000", "ebitda": "451100000", "netIncome": "261600000"}, {"fiscalDateEnding": "2010-06-30", "reportedCurrency": "USD", "grossProfit": "3686300000", "totalRevenue": "3686300000", "costOfRevenue": "3313200000", "costofGoodsAndServicesSold": "3313200000", "operatingIncome": "312900000", "sellingGeneralAndAdministrative": "5500000", "researchAndDevelopment": "0", "operatingExpenses": "3373400000", "investmentIncomeNet": "None", "netInterestIncome": "None", "interestIncome": "None", "interestExpense": "35100000", "nonInterestIncome": "None", "otherNonOperatingIncome": "None", "depreciation": "None", "depreciationAndAmortization": "34000000", "incomeBeforeTax": "312900000", "incomeTaxExpense": "101000000", "interestAndDebtExpense": "None", "netIncomeFromContinuingOperations": "211900000", "comprehensiveIncomeNetOfTax": "None", "ebit": "348000000", "ebitda": "382000000", "netIncome": "211900000"}, {"fiscalDateEnding": "2010-03-31", "reportedCurrency": "USD", "grossProfit": "3665900000", "totalRevenue": "3665900000", "costOfRevenue": "3166800000", "costofGoodsAndServicesSold": "3166800000", "operatingIncome": "438900000", "sellingGeneralAndAdministrative": "5200000", "researchAndDevelopment": "0", "operatingExpenses": "3227000000", "investmentIncomeNet": "None", "netInterestIncome": "None", "interestIncome": "None", "interestExpense": "35200000", "nonInterestIncome": "None", "otherNonOperatingIncome": "None", "depreciation": "None", "depreciationAndAmortization": "31600000", "incomeBeforeTax": "438900000", "incomeTaxExpense": "143300000", "interestAndDebtExpense": "None", "netIncomeFromContinuingOperations": "295600000", "comprehensiveIncomeNetOfTax": "None", "ebit": "474100000", "ebitda": "505700000", "netIncome": "295600000"}, {"fiscalDateEnding": "2009-12-31", "reportedCurrency": "USD", "grossProfit": "3897200000", "totalRevenue": "3900600000", "costOfRevenue": "3400000", "costofGoodsAndServicesSold": "3400000", "operatingIncome": "454300000", "sellingGeneralAndAdministrative": "4600000", "researchAndDevelopment": "0", "operatingExpenses": "3446300000", "investmentIncomeNet": "None", "netInterestIncome": "None", "interestIncome": "None", "interestExpense": "35300000", "nonInterestIncome": "None", "otherNonOperatingIncome": "None", "depreciation": "None", "depreciationAndAmortization": "34400000", "incomeBeforeTax": "454300000", "incomeTaxExpense": "149300000", "interestAndDebtExpense": "None", "netIncomeFromContinuingOperations": "0", "comprehensiveIncomeNetOfTax": "None", "ebit": "489600000", "ebitda": "524000000", "netIncome": "305000000"}, {"fiscalDateEnding": "2009-09-30", "reportedCurrency": "USD", "grossProfit": "3611300000", "totalRevenue": "3611300000", "costOfRevenue": "3179100000", "costofGoodsAndServicesSold": "3179100000", "operatingIncome": "372000000", "sellingGeneralAndAdministrative": "5500000", "researchAndDevelopment": "0", "operatingExpenses": "3239300000", "investmentIncomeNet": "None", "netInterestIncome": "None", "interestIncome": "None", "interestExpense": "35300000", "nonInterestIncome": "None", "otherNonOperatingIncome": "None", "depreciation": "None", "depreciationAndAmortization": "30700000", "incomeBeforeTax": "372000000", "incomeTaxExpense": "102100000", "interestAndDebtExpense": "None", "netIncomeFromContinuingOperations": "269900000", "comprehensiveIncomeNetOfTax": "None", "ebit": "407300000", "ebitda": "438000000", "netIncome": "269900000"}, {"fiscalDateEnding": "2009-06-30", "reportedCurrency": "USD", "grossProfit": "3583500000", "totalRevenue": "3583500000", "costOfRevenue": "3169700000", "costofGoodsAndServicesSold": "3169700000", "operatingIncome": "353900000", "sellingGeneralAndAdministrative": "4700000", "researchAndDevelopment": "0", "operatingExpenses": "3229600000", "investmentIncomeNet": "None", "netInterestIncome": "None", "interestIncome": "None", "interestExpense": "34700000", "nonInterestIncome": "None", "otherNonOperatingIncome": "None", "depreciation": "None", "depreciationAndAmortization": "32600000", "incomeBeforeTax": "353900000", "incomeTaxExpense": "103800000", "interestAndDebtExpense": "None", "netIncomeFromContinuingOperations": "250100000", "comprehensiveIncomeNetOfTax": "None", "ebit": "388600000", "ebitda": "421200000", "netIncome": "250100000"}, {"fiscalDateEnding": "2009-03-31", "reportedCurrency": "USD", "grossProfit": "3468200000", "totalRevenue": "3468200000", "costOfRevenue": "3034600000", "costofGoodsAndServicesSold": "3034600000", "operatingIncome": "376700000", "sellingGeneralAndAdministrative": "4600000", "researchAndDevelopment": "0", "operatingExpenses": "3091500000", "investmentIncomeNet": "None", "netInterestIncome": "None", "interestIncome": "None", "interestExpense": "33700000", "nonInterestIncome": "None", "otherNonOperatingIncome": "None", "depreciation": "None", "depreciationAndAmortization": "29900000", "incomeBeforeTax": "376700000", "incomeTaxExpense": "144200000", "interestAndDebtExpense": "None", "netIncomeFromContinuingOperations": "0", "comprehensiveIncomeNetOfTax": "None", "ebit": "410400000", "ebitda": "440300000", "netIncome": "232500000"}, {"fiscalDateEnding": "2008-12-31", "reportedCurrency": "USD", "grossProfit": "3507500000", "totalRevenue": "3507500000", "costOfRevenue": "3225300000", "costofGoodsAndServicesSold": "3225300000", "operatingIncome": "218900000", "sellingGeneralAndAdministrative": "10500000", "researchAndDevelopment": "0", "operatingExpenses": "3288600000", "investmentIncomeNet": "None", "netInterestIncome": "None", "interestIncome": "None", "interestExpense": "33900000", "nonInterestIncome": "None", "otherNonOperatingIncome": "None", "depreciation": "None", "depreciationAndAmortization": "35700000", "incomeBeforeTax": "218900000", "incomeTaxExpense": "59600000", "interestAndDebtExpense": "None", "netIncomeFromContinuingOperations": "0", "comprehensiveIncomeNetOfTax": "None", "ebit": "204799930", "ebitda": "240499930", "netIncome": "159300000"}, {"fiscalDateEnding": "2008-09-30", "reportedCurrency": "USD", "grossProfit": "2210100000", "totalRevenue": "2210100000", "costOfRevenue": "3230700000", "costofGoodsAndServicesSold": "3230700000", "operatingIncome": "-1080900000", "sellingGeneralAndAdministrative": "0", "researchAndDevelopment": "0", "operatingExpenses": "3291000000", "investmentIncomeNet": "None", "netInterestIncome": "None", "interestIncome": "None", "interestExpense": "34200000", "nonInterestIncome": "None", "otherNonOperatingIncome": "None", "depreciation": "None", "depreciationAndAmortization": "33900000", "incomeBeforeTax": "-1080900000", "incomeTaxExpense": "-396700000", "interestAndDebtExpense": "None", "netIncomeFromContinuingOperations": "0", "comprehensiveIncomeNetOfTax": "None", "ebit": "-1046700000", "ebitda": "-1012800000", "netIncome": "-684200000"}, {"fiscalDateEnding": "2008-06-30", "reportedCurrency": "USD", "grossProfit": "3536600000", "totalRevenue": "3536600000", "costOfRevenue": "3172700000", "costofGoodsAndServicesSold": "3172700000", "operatingIncome": "302500000", "sellingGeneralAndAdministrative": "5400000", "researchAndDevelopment": "0", "operatingExpenses": "3234100000", "investmentIncomeNet": "None", "netInterestIncome": "None", "interestIncome": "None", "interestExpense": "34300000", "nonInterestIncome": "None", "otherNonOperatingIncome": "None", "depreciation": "None", "depreciationAndAmortization": "-36200000", "incomeBeforeTax": "302500000", "incomeTaxExpense": "87000000", "interestAndDebtExpense": "None", "netIncomeFromContinuingOperations": "0", "comprehensiveIncomeNetOfTax": "None", "ebit": "336800000", "ebitda": "300600000", "netIncome": "215500000"}, {"fiscalDateEnding": "2008-03-31", "reportedCurrency": "USD", "grossProfit": "3585900000", "totalRevenue": "3585900000", "costOfRevenue": "3189100000", "costofGoodsAndServicesSold": "3189100000", "operatingIncome": "337200000", "sellingGeneralAndAdministrative": "5100000", "researchAndDevelopment": "0", "operatingExpenses": "3248700000", "investmentIncomeNet": "None", "netInterestIncome": "None", "interestIncome": "None", "interestExpense": "34300000", "nonInterestIncome": "None", "otherNonOperatingIncome": "None", "depreciation": "None", "depreciationAndAmortization": "100200000", "incomeBeforeTax": "337200000", "incomeTaxExpense": "97800000", "interestAndDebtExpense": "None", "netIncomeFromContinuingOperations": "0", "comprehensiveIncomeNetOfTax": "None", "ebit": "371500000", "ebitda": "471700000", "netIncome": "239400000"}, {"fiscalDateEnding": "2007-12-31", "reportedCurrency": "USD", "grossProfit": "3614500000", "totalRevenue": "3614500000", "costOfRevenue": "3220300000", "costofGoodsAndServicesSold": "3220300000", "operatingIncome": "330800000", "sellingGeneralAndAdministrative": "5200000", "researchAndDevelopment": "0", "operatingExpenses": "3283700000", "investmentIncomeNet": "None", "netInterestIncome": "None", "interestIncome": "None", "interestExpense": "34500000", "nonInterestIncome": "None", "otherNonOperatingIncome": "None", "depreciation": "None", "depreciationAndAmortization": "108100000", "incomeBeforeTax": "330800000", "incomeTaxExpense": "94700000", "interestAndDebtExpense": "None", "netIncomeFromContinuingOperations": "0", "comprehensiveIncomeNetOfTax": "None", "ebit": "365300000", "ebitda": "473400000", "netIncome": "236100000"}, {"fiscalDateEnding": "2007-09-30", "reportedCurrency": "USD", "grossProfit": "3709600000", "totalRevenue": "3709600000", "costOfRevenue": "3222300000", "costofGoodsAndServicesSold": "3222300000", "operatingIncome": "422600000", "sellingGeneralAndAdministrative": "5400000", "researchAndDevelopment": "0", "operatingExpenses": "3287000000", "investmentIncomeNet": "None", "netInterestIncome": "None", "interestIncome": "None", "interestExpense": "34700000", "nonInterestIncome": "None", "otherNonOperatingIncome": "None", "depreciation": "None", "depreciationAndAmortization": "107300000", "incomeBeforeTax": "422600000", "incomeTaxExpense": "123400000", "interestAndDebtExpense": "None", "netIncomeFromContinuingOperations": "0", "comprehensiveIncomeNetOfTax": "None", "ebit": "457300000", "ebitda": "564600000", "netIncome": "299200000"}, {"fiscalDateEnding": "2007-06-30", "reportedCurrency": "USD", "grossProfit": "3675900000", "totalRevenue": "3675900000", "costOfRevenue": "3217100000", "costofGoodsAndServicesSold": "3217100000", "operatingIncome": "406900000", "sellingGeneralAndAdministrative": "4700000", "researchAndDevelopment": "0", "operatingExpenses": "3269000000", "investmentIncomeNet": "None", "netInterestIncome": "None", "interestIncome": "None", "interestExpense": "20500000", "nonInterestIncome": "None", "otherNonOperatingIncome": "None", "depreciation": "None", "depreciationAndAmortization": "103700000", "incomeBeforeTax": "406900000", "incomeTaxExpense": "123200000", "interestAndDebtExpense": "None", "netIncomeFromContinuingOperations": "0", "comprehensiveIncomeNetOfTax": "None", "ebit": "427400000", "ebitda": "531100000", "netIncome": "283700000"}, {"fiscalDateEnding": "2007-03-31", "reportedCurrency": "USD", "grossProfit": "3686800000", "totalRevenue": "3686800000", "costOfRevenue": "3106200000", "costofGoodsAndServicesSold": "3106200000", "operatingIncome": "532700000", "sellingGeneralAndAdministrative": "5200000", "researchAndDevelopment": "0", "operatingExpenses": "3154100000", "investmentIncomeNet": "None", "netInterestIncome": "None", "interestIncome": "None", "interestExpense": "18900000", "nonInterestIncome": "None", "otherNonOperatingIncome": "None", "depreciation": "None", "depreciationAndAmortization": "98400000", "incomeBeforeTax": "532700000", "incomeTaxExpense": "169200000", "interestAndDebtExpense": "None", "netIncomeFromContinuingOperations": "0", "comprehensiveIncomeNetOfTax": "None", "ebit": "479400000", "ebitda": "577800000", "netIncome": "363500000"}, {"fiscalDateEnding": "2006-12-31", "reportedCurrency": "USD", "grossProfit": "3693800000", "totalRevenue": "3693800000", "costOfRevenue": "3053700000", "costofGoodsAndServicesSold": "3053700000", "operatingIncome": "590700000", "sellingGeneralAndAdministrative": "5100000", "researchAndDevelopment": "0", "operatingExpenses": "3103100000", "investmentIncomeNet": "None", "netInterestIncome": "None", "interestIncome": "None", "interestExpense": "18900000", "nonInterestIncome": "None", "otherNonOperatingIncome": "None", "depreciation": "None", "depreciationAndAmortization": "99000000", "incomeBeforeTax": "590700000", "incomeTaxExpense": "189800000", "interestAndDebtExpense": "None", "netIncomeFromContinuingOperations": "0", "comprehensiveIncomeNetOfTax": "None", "ebit": "609600000", "ebitda": "708600000", "netIncome": "400900000"}, {"fiscalDateEnding": "2006-09-30", "reportedCurrency": "USD", "grossProfit": "3723800000", "totalRevenue": "3723800000", "costOfRevenue": "3072500000", "costofGoodsAndServicesSold": "3072500000", "operatingIncome": "603100000", "sellingGeneralAndAdministrative": "6200000", "researchAndDevelopment": "0", "operatingExpenses": "3120700000", "investmentIncomeNet": "None", "netInterestIncome": "None", "interestIncome": "None", "interestExpense": "18500000", "nonInterestIncome": "None", "otherNonOperatingIncome": "None", "depreciation": "None", "depreciationAndAmortization": "92500000", "incomeBeforeTax": "603100000", "incomeTaxExpense": "193500000", "interestAndDebtExpense": "None", "netIncomeFromContinuingOperations": "0", "comprehensiveIncomeNetOfTax": "None", "ebit": "621600000", "ebitda": "714100000", "netIncome": "409600000"}, {"fiscalDateEnding": "2006-06-30", "reportedCurrency": "USD", "grossProfit": "3707900000", "totalRevenue": "3707900000", "costOfRevenue": "3068200000", "costofGoodsAndServicesSold": "3068200000", "operatingIncome": "591900000", "sellingGeneralAndAdministrative": "6300000", "researchAndDevelopment": "0", "operatingExpenses": "3116000000", "investmentIncomeNet": "None", "netInterestIncome": "None", "interestIncome": "None", "interestExpense": "19400000", "nonInterestIncome": "None", "otherNonOperatingIncome": "None", "depreciation": "None", "depreciationAndAmortization": "83800000", "incomeBeforeTax": "591900000", "incomeTaxExpense": "191500000", "interestAndDebtExpense": "None", "netIncomeFromContinuingOperations": "0", "comprehensiveIncomeNetOfTax": "None", "ebit": "611300000", "ebitda": "695100000", "netIncome": "400400000"}, {"fiscalDateEnding": "2006-03-31", "reportedCurrency": "USD", "grossProfit": "3660900000", "totalRevenue": "3660900000", "costOfRevenue": "2966200000", "costofGoodsAndServicesSold": "2966200000", "operatingIncome": "668000000", "sellingGeneralAndAdministrative": "6800000", "researchAndDevelopment": "0", "operatingExpenses": "2984000000", "investmentIncomeNet": "None", "netInterestIncome": "None", "interestIncome": "None", "interestExpense": "20500000", "nonInterestIncome": "None", "otherNonOperatingIncome": "None", "depreciation": "None", "depreciationAndAmortization": "81300000", "incomeBeforeTax": "647500000", "incomeTaxExpense": "210900000", "interestAndDebtExpense": "None", "netIncomeFromContinuingOperations": "0", "comprehensiveIncomeNetOfTax": "None", "ebit": "668000000", "ebitda": "749300000", "netIncome": "436600000"}, {"fiscalDateEnding": "2005-12-31", "reportedCurrency": "USD", "grossProfit": "3599000000", "totalRevenue": "3599000000", "costOfRevenue": "3141700000", "costofGoodsAndServicesSold": "3141700000", "operatingIncome": "409700000", "sellingGeneralAndAdministrative": "6200000", "researchAndDevelopment": "0", "operatingExpenses": "3189300000", "investmentIncomeNet": "None", "netInterestIncome": "None", "interestIncome": "None", "interestExpense": "20400000", "nonInterestIncome": "None", "otherNonOperatingIncome": "None", "depreciation": "None", "depreciationAndAmortization": "82900000", "incomeBeforeTax": "409700000", "incomeTaxExpense": "128100000", "interestAndDebtExpense": "None", "netIncomeFromContinuingOperations": "0", "comprehensiveIncomeNetOfTax": "None", "ebit": "430100000", "ebitda": "513000000", "netIncome": "281600000"}, {"fiscalDateEnding": "2005-09-30", "reportedCurrency": "USD", "grossProfit": "3622500000", "totalRevenue": "3622500000", "costOfRevenue": "3127700000", "costofGoodsAndServicesSold": "3127700000", "operatingIncome": "447800000", "sellingGeneralAndAdministrative": "6400000", "researchAndDevelopment": "0", "operatingExpenses": "3174700000", "investmentIncomeNet": "None", "netInterestIncome": "None", "interestIncome": "None", "interestExpense": "20700000", "nonInterestIncome": "None", "otherNonOperatingIncome": "None", "depreciation": "None", "depreciationAndAmortization": "86100000", "incomeBeforeTax": "447800000", "incomeTaxExpense": "142500000", "interestAndDebtExpense": "None", "netIncomeFromContinuingOperations": "0", "comprehensiveIncomeNetOfTax": "None", "ebit": "405800000", "ebitda": "491900000", "netIncome": "305300000"}, {"fiscalDateEnding": "2005-06-30", "reportedCurrency": "USD", "grossProfit": "3590100000", "totalRevenue": "3590100000", "costOfRevenue": "2956700000", "costofGoodsAndServicesSold": "2956700000", "operatingIncome": "586700000", "sellingGeneralAndAdministrative": "6600000", "researchAndDevelopment": "0", "operatingExpenses": "3003400000", "investmentIncomeNet": "None", "netInterestIncome": "None", "interestIncome": "None", "interestExpense": "20700000", "nonInterestIncome": "None", "otherNonOperatingIncome": "None", "depreciation": "None", "depreciationAndAmortization": "75800000", "incomeBeforeTax": "586700000", "incomeTaxExpense": "192400000", "interestAndDebtExpense": "None", "netIncomeFromContinuingOperations": "0", "comprehensiveIncomeNetOfTax": "None", "ebit": "607400000", "ebitda": "683200000", "netIncome": "394300000"}, {"fiscalDateEnding": "2005-03-31", "reportedCurrency": "USD", "grossProfit": "3491800000", "totalRevenue": "3491800000", "costOfRevenue": "2831300000", "costofGoodsAndServicesSold": "2831300000", "operatingIncome": "614700000", "sellingGeneralAndAdministrative": "5400000", "researchAndDevelopment": "0", "operatingExpenses": "2877100000", "investmentIncomeNet": "None", "netInterestIncome": "None", "interestIncome": "None", "interestExpense": "20800000", "nonInterestIncome": "None", "otherNonOperatingIncome": "None", "depreciation": "None", "depreciationAndAmortization": "70900000", "incomeBeforeTax": "614700000", "incomeTaxExpense": "202000000", "interestAndDebtExpense": "None", "netIncomeFromContinuingOperations": "0", "comprehensiveIncomeNetOfTax": "None", "ebit": "586800000", "ebitda": "657700000", "netIncome": "412700000"}, {"fiscalDateEnding": "2004-12-31", "reportedCurrency": "USD", "grossProfit": "3695900000", "totalRevenue": "3695900000", "costOfRevenue": "3027200000", "costofGoodsAndServicesSold": "3027200000", "operatingIncome": "617700000", "sellingGeneralAndAdministrative": "7000000", "researchAndDevelopment": "0", "operatingExpenses": "3078200000", "investmentIncomeNet": "None", "netInterestIncome": "None", "interestIncome": "None", "interestExpense": "20500000", "nonInterestIncome": "None", "otherNonOperatingIncome": "None", "depreciation": "None", "depreciationAndAmortization": "72900000", "incomeBeforeTax": "617700000", "incomeTaxExpense": "204200000", "interestAndDebtExpense": "None", "netIncomeFromContinuingOperations": "0", "comprehensiveIncomeNetOfTax": "None", "ebit": "638200000", "ebitda": "711100000", "netIncome": "413500000"}]}