{"symbol": "MKC", "annualReports": [{"fiscalDateEnding": "2024-11-30", "reportedCurrency": "USD", "grossProfit": "2591000000", "totalRevenue": "6723700000", "costOfRevenue": "4132700000", "costofGoodsAndServicesSold": "4132700000", "operatingIncome": "1060300000", "sellingGeneralAndAdministrative": "1521200000", "researchAndDevelopment": "None", "operatingExpenses": "1530700000", "investmentIncomeNet": "None", "netInterestIncome": "-163500000", "interestIncome": "45900000", "interestExpense": "209400000", "nonInterestIncome": "None", "otherNonOperatingIncome": "None", "depreciation": "None", "depreciationAndAmortization": "208800000", "incomeBeforeTax": "898300000", "incomeTaxExpense": "184000000", "interestAndDebtExpense": "None", "netIncomeFromContinuingOperations": "788500000", "comprehensiveIncomeNetOfTax": "None", "ebit": "1107700000", "ebitda": "1316500000", "netIncome": "788500000"}, {"fiscalDateEnding": "2023-11-30", "reportedCurrency": "USD", "grossProfit": "2502500000", "totalRevenue": "6662200000", "costOfRevenue": "4159700000", "costofGoodsAndServicesSold": "4159700000", "operatingIncome": "963000000", "sellingGeneralAndAdministrative": "1478300000", "researchAndDevelopment": "94900000", "operatingExpenses": "1478300000", "investmentIncomeNet": "None", "netInterestIncome": "-171600000", "interestIncome": "36600000", "interestExpense": "208200000", "nonInterestIncome": "None", "otherNonOperatingIncome": "None", "depreciation": "None", "depreciationAndAmortization": "199300000", "incomeBeforeTax": "798700000", "incomeTaxExpense": "174500000", "interestAndDebtExpense": "None", "netIncomeFromContinuingOperations": "680600000", "comprehensiveIncomeNetOfTax": "None", "ebit": "963000000", "ebitda": "963000000", "netIncome": "624200000"}, {"fiscalDateEnding": "2022-11-30", "reportedCurrency": "USD", "grossProfit": "2274500000", "totalRevenue": "6350500000", "costOfRevenue": "4076000000", "costofGoodsAndServicesSold": "4076000000", "operatingIncome": "863600000", "sellingGeneralAndAdministrative": "1116700000", "researchAndDevelopment": "87500000", "operatingExpenses": "1410900000", "investmentIncomeNet": "None", "netInterestIncome": "-131300000", "interestIncome": "149100000", "interestExpense": "149100000", "nonInterestIncome": "None", "otherNonOperatingIncome": "136100000", "depreciation": "None", "depreciationAndAmortization": "200600000", "incomeBeforeTax": "812800000", "incomeTaxExpense": "168600000", "interestAndDebtExpense": "None", "netIncomeFromContinuingOperations": "644200000", "comprehensiveIncomeNetOfTax": "None", "ebit": "961900000", "ebitda": "1162500000", "netIncome": "682000000"}, {"fiscalDateEnding": "2021-11-30", "reportedCurrency": "USD", "grossProfit": "2494600000", "totalRevenue": "6317900000", "costOfRevenue": "3823300000", "costofGoodsAndServicesSold": "3823300000", "operatingIncome": "1015100000", "sellingGeneralAndAdministrative": "1166300000", "researchAndDevelopment": "87300000", "operatingExpenses": "1479500000", "investmentIncomeNet": "None", "netInterestIncome": "-127300000", "interestIncome": "127300000", "interestExpense": "136600000", "nonInterestIncome": "None", "otherNonOperatingIncome": "69500000", "depreciation": "None", "depreciationAndAmortization": "186300000", "incomeBeforeTax": "895800000", "incomeTaxExpense": "192700000", "interestAndDebtExpense": "None", "netIncomeFromContinuingOperations": "703100000", "comprehensiveIncomeNetOfTax": "None", "ebit": "1032400000", "ebitda": "1218700000", "netIncome": "755300000"}, {"fiscalDateEnding": "2020-11-30", "reportedCurrency": "USD", "grossProfit": "2300400000", "totalRevenue": "5601300000", "costOfRevenue": "3300900000", "costofGoodsAndServicesSold": "3300900000", "operatingIncome": "999500000", "sellingGeneralAndAdministrative": "1281600000", "researchAndDevelopment": "68600000", "operatingExpenses": "1300900000", "investmentIncomeNet": "None", "netInterestIncome": "-127800000", "interestIncome": "127800000", "interestExpense": "135600000", "nonInterestIncome": "None", "otherNonOperatingIncome": "58400000", "depreciation": "None", "depreciationAndAmortization": "165000000", "incomeBeforeTax": "881500000", "incomeTaxExpense": "174900000", "interestAndDebtExpense": "None", "netIncomeFromContinuingOperations": "706600000", "comprehensiveIncomeNetOfTax": "None", "ebit": "1017100000", "ebitda": "1182100000", "netIncome": "747400000"}, {"fiscalDateEnding": "2019-11-30", "reportedCurrency": "USD", "grossProfit": "2145300000", "totalRevenue": "5347400000", "costOfRevenue": "3202100000", "costofGoodsAndServicesSold": "3202100000", "operatingIncome": "957700000", "sellingGeneralAndAdministrative": "1166800000", "researchAndDevelopment": "67300000", "operatingExpenses": "1187600000", "investmentIncomeNet": "None", "netInterestIncome": "-165200000", "interestIncome": "155800000", "interestExpense": "165200000", "nonInterestIncome": "None", "otherNonOperatingIncome": "67600000", "depreciation": "None", "depreciationAndAmortization": "158800000", "incomeBeforeTax": "819200000", "incomeTaxExpense": "157400000", "interestAndDebtExpense": "None", "netIncomeFromContinuingOperations": "661800000", "comprehensiveIncomeNetOfTax": "None", "ebit": "984400000", "ebitda": "1143200000", "netIncome": "702700000"}, {"fiscalDateEnding": "2018-11-30", "reportedCurrency": "USD", "grossProfit": "2093300000", "totalRevenue": "5302800000", "costOfRevenue": "3209500000", "costofGoodsAndServicesSold": "3209500000", "operatingIncome": "891100000", "sellingGeneralAndAdministrative": "1429500000", "researchAndDevelopment": "69400000", "operatingExpenses": "1202200000", "investmentIncomeNet": "None", "netInterestIncome": "-174600000", "interestIncome": "167700000", "interestExpense": "174600000", "nonInterestIncome": "None", "otherNonOperatingIncome": "47400000", "depreciation": "None", "depreciationAndAmortization": "150700000", "incomeBeforeTax": "741300000", "incomeTaxExpense": "-157300000", "interestAndDebtExpense": "None", "netIncomeFromContinuingOperations": "898600000", "comprehensiveIncomeNetOfTax": "None", "ebit": "915900000", "ebitda": "1066600000", "netIncome": "933400000"}, {"fiscalDateEnding": "2017-11-30", "reportedCurrency": "USD", "grossProfit": "1794000000", "totalRevenue": "4730300000", "costOfRevenue": "2936300000", "costofGoodsAndServicesSold": "2936300000", "operatingIncome": "699800000", "sellingGeneralAndAdministrative": "1244800000", "researchAndDevelopment": "66099999", "operatingExpenses": "1094200000", "investmentIncomeNet": "None", "netInterestIncome": "-111100000", "interestIncome": "91300000", "interestExpense": "95700000", "nonInterestIncome": "None", "otherNonOperatingIncome": "37400000", "depreciation": "None", "depreciationAndAmortization": "125200000", "incomeBeforeTax": "594800000", "incomeTaxExpense": "151300000", "interestAndDebtExpense": "None", "netIncomeFromContinuingOperations": "443500000", "comprehensiveIncomeNetOfTax": "None", "ebit": "690500000", "ebitda": "815700000", "netIncome": "477400000"}, {"fiscalDateEnding": "2016-11-30", "reportedCurrency": "USD", "grossProfit": "1831700000", "totalRevenue": "4411500000", "costOfRevenue": "2579800000", "costofGoodsAndServicesSold": "2579800000", "operatingIncome": "641000000", "sellingGeneralAndAdministrative": "1175000000", "researchAndDevelopment": "61000000", "operatingExpenses": "1190700000", "investmentIncomeNet": "None", "netInterestIncome": "-56000000", "interestIncome": "56000000", "interestExpense": "56000000", "nonInterestIncome": "None", "otherNonOperatingIncome": "40300000", "depreciation": "None", "depreciationAndAmortization": "108700000", "incomeBeforeTax": "589200000", "incomeTaxExpense": "153000000", "interestAndDebtExpense": "None", "netIncomeFromContinuingOperations": "436200000", "comprehensiveIncomeNetOfTax": "None", "ebit": "645200000", "ebitda": "753900000", "netIncome": "472300000"}, {"fiscalDateEnding": "2015-11-30", "reportedCurrency": "USD", "grossProfit": "1737300000", "totalRevenue": "4296300000", "costOfRevenue": "2559000000", "costofGoodsAndServicesSold": "2559000000", "operatingIncome": "548400000", "sellingGeneralAndAdministrative": "1127400000", "researchAndDevelopment": "60800000", "operatingExpenses": "1188900000", "investmentIncomeNet": "None", "netInterestIncome": "None", "interestIncome": "53300000", "interestExpense": "53300000", "nonInterestIncome": "None", "otherNonOperatingIncome": "37800000", "depreciation": "None", "depreciationAndAmortization": "105900000", "incomeBeforeTax": "496200000", "incomeTaxExpense": "131300000", "interestAndDebtExpense": "None", "netIncomeFromContinuingOperations": "364900000", "comprehensiveIncomeNetOfTax": "None", "ebit": "549500000", "ebitda": "655400000", "netIncome": "401600000"}, {"fiscalDateEnding": "2014-11-30", "reportedCurrency": "USD", "grossProfit": "1730200000", "totalRevenue": "4243200000", "costOfRevenue": "2513000000", "costofGoodsAndServicesSold": "2513000000", "operatingIncome": "603000000", "sellingGeneralAndAdministrative": "1122000000", "researchAndDevelopment": "62000000", "operatingExpenses": "1127200000", "investmentIncomeNet": "None", "netInterestIncome": "None", "interestIncome": "None", "interestExpense": "49700000", "nonInterestIncome": "None", "otherNonOperatingIncome": "30500000", "depreciation": "None", "depreciationAndAmortization": "102700000", "incomeBeforeTax": "554400000", "incomeTaxExpense": "145900000", "interestAndDebtExpense": "None", "netIncomeFromContinuingOperations": "408500000", "comprehensiveIncomeNetOfTax": "None", "ebit": "604100000", "ebitda": "706800000", "netIncome": "437900000"}, {"fiscalDateEnding": "2013-11-30", "reportedCurrency": "USD", "grossProfit": "1665800000", "totalRevenue": "4123400000", "costOfRevenue": "2457600000", "costofGoodsAndServicesSold": "2457600000", "operatingIncome": "550500000", "sellingGeneralAndAdministrative": "1090300000", "researchAndDevelopment": "61300000", "operatingExpenses": "1115300000", "investmentIncomeNet": "None", "netInterestIncome": "None", "interestIncome": "None", "interestExpense": "53300000", "nonInterestIncome": "None", "otherNonOperatingIncome": "25400000", "depreciation": "None", "depreciationAndAmortization": "106000000", "incomeBeforeTax": "499400000", "incomeTaxExpense": "133600000", "interestAndDebtExpense": "None", "netIncomeFromContinuingOperations": "365800000", "comprehensiveIncomeNetOfTax": "None", "ebit": "552700000", "ebitda": "658700000", "netIncome": "389000000"}, {"fiscalDateEnding": "2012-11-30", "reportedCurrency": "USD", "grossProfit": "1617800000", "totalRevenue": "4014200000", "costOfRevenue": "2396400000", "costofGoodsAndServicesSold": "2396400000", "operatingIncome": "578300000", "sellingGeneralAndAdministrative": "1039500000", "researchAndDevelopment": "57800000", "operatingExpenses": "1039500000", "investmentIncomeNet": "None", "netInterestIncome": "None", "interestIncome": "None", "interestExpense": "54600000", "nonInterestIncome": "None", "otherNonOperatingIncome": "23900000", "depreciation": "None", "depreciationAndAmortization": "102800000", "incomeBeforeTax": "526100000", "incomeTaxExpense": "139800000", "interestAndDebtExpense": "None", "netIncomeFromContinuingOperations": "386300000", "comprehensiveIncomeNetOfTax": "None", "ebit": "580700000", "ebitda": "683500000", "netIncome": "407800000"}, {"fiscalDateEnding": "2011-11-30", "reportedCurrency": "USD", "grossProfit": "1522500000", "totalRevenue": "3697600000", "costOfRevenue": "2175100000", "costofGoodsAndServicesSold": "2175100000", "operatingIncome": "540300000", "sellingGeneralAndAdministrative": "982200000", "researchAndDevelopment": "58100000", "operatingExpenses": "982200000", "investmentIncomeNet": "None", "netInterestIncome": "None", "interestIncome": "None", "interestExpense": "51200000", "nonInterestIncome": "None", "otherNonOperatingIncome": "None", "depreciation": "None", "depreciationAndAmortization": "98300000", "incomeBeforeTax": "491400000", "incomeTaxExpense": "142600000", "interestAndDebtExpense": "None", "netIncomeFromContinuingOperations": "None", "comprehensiveIncomeNetOfTax": "None", "ebit": "542600000", "ebitda": "640900000", "netIncome": "374200000"}, {"fiscalDateEnding": "2010-11-30", "reportedCurrency": "USD", "grossProfit": "1417700000", "totalRevenue": "3336800000", "costOfRevenue": "1919100000", "costofGoodsAndServicesSold": "1919100000", "operatingIncome": "509800000", "sellingGeneralAndAdministrative": "907900000", "researchAndDevelopment": "52700000", "operatingExpenses": "907900000", "investmentIncomeNet": "None", "netInterestIncome": "None", "interestIncome": "None", "interestExpense": "49300000", "nonInterestIncome": "None", "otherNonOperatingIncome": "27700000", "depreciation": "None", "depreciationAndAmortization": "95100000", "incomeBeforeTax": "462700000", "incomeTaxExpense": "118000000", "interestAndDebtExpense": "None", "netIncomeFromContinuingOperations": "344700000", "comprehensiveIncomeNetOfTax": "None", "ebit": "509800000", "ebitda": "604900000", "netIncome": "370200000"}, {"fiscalDateEnding": "2009-11-30", "reportedCurrency": "USD", "grossProfit": "1327200000", "totalRevenue": "3192100000", "costOfRevenue": "1864900000", "costofGoodsAndServicesSold": "1864900000", "operatingIncome": "466900000", "sellingGeneralAndAdministrative": "846600000", "researchAndDevelopment": "48900000", "operatingExpenses": "860300000", "investmentIncomeNet": "None", "netInterestIncome": "None", "interestIncome": "None", "interestExpense": "52800000", "nonInterestIncome": "None", "otherNonOperatingIncome": "None", "depreciation": "None", "depreciationAndAmortization": "94300000", "incomeBeforeTax": "416500000", "incomeTaxExpense": "133000000", "interestAndDebtExpense": "None", "netIncomeFromContinuingOperations": "None", "comprehensiveIncomeNetOfTax": "None", "ebit": "469300000", "ebitda": "563600000", "netIncome": "299800000"}, {"fiscalDateEnding": "2008-11-30", "reportedCurrency": "USD", "grossProfit": "1288200000", "totalRevenue": "3176600000", "costOfRevenue": "1888400000", "costofGoodsAndServicesSold": "1888400000", "operatingIncome": "376500000", "sellingGeneralAndAdministrative": "870600000", "researchAndDevelopment": "51000000", "operatingExpenses": "911700000", "investmentIncomeNet": "None", "netInterestIncome": "None", "interestIncome": "None", "interestExpense": "56700000", "nonInterestIncome": "None", "otherNonOperatingIncome": "None", "depreciation": "None", "depreciationAndAmortization": "85600000", "incomeBeforeTax": "337800000", "incomeTaxExpense": "100600000", "interestAndDebtExpense": "None", "netIncomeFromContinuingOperations": "None", "comprehensiveIncomeNetOfTax": "None", "ebit": "394500000", "ebitda": "480100000", "netIncome": "255800000"}, {"fiscalDateEnding": "2007-11-30", "reportedCurrency": "USD", "grossProfit": "1191800000", "totalRevenue": "2916200000", "costOfRevenue": "1724400000", "costofGoodsAndServicesSold": "1724400000", "operatingIncome": "354200000", "sellingGeneralAndAdministrative": "806900000", "researchAndDevelopment": "49300000", "operatingExpenses": "837600000", "investmentIncomeNet": "None", "netInterestIncome": "None", "interestIncome": "None", "interestExpense": "0", "nonInterestIncome": "None", "otherNonOperatingIncome": "None", "depreciation": "None", "depreciationAndAmortization": "82600000", "incomeBeforeTax": "302400000", "incomeTaxExpense": "92200000", "interestAndDebtExpense": "None", "netIncomeFromContinuingOperations": "None", "comprehensiveIncomeNetOfTax": "None", "ebit": "384900000", "ebitda": "467500000", "netIncome": "230100000"}, {"fiscalDateEnding": "2006-11-30", "reportedCurrency": "USD", "grossProfit": "1114600000", "totalRevenue": "2716400000", "costOfRevenue": "1601800000", "costofGoodsAndServicesSold": "1601800000", "operatingIncome": "269600000", "sellingGeneralAndAdministrative": "772600000", "researchAndDevelopment": "43600000", "operatingExpenses": "845000000", "investmentIncomeNet": "None", "netInterestIncome": "None", "interestIncome": "None", "interestExpense": "0", "nonInterestIncome": "None", "otherNonOperatingIncome": "None", "depreciation": "None", "depreciationAndAmortization": "84300000", "incomeBeforeTax": "223000000", "incomeTaxExpense": "64700000", "interestAndDebtExpense": "None", "netIncomeFromContinuingOperations": "None", "comprehensiveIncomeNetOfTax": "None", "ebit": "342000000", "ebitda": "426300000", "netIncome": "202200000"}, {"fiscalDateEnding": "2005-11-30", "reportedCurrency": "USD", "grossProfit": "1036600000", "totalRevenue": "2592000000", "costOfRevenue": "1555400000", "costofGoodsAndServicesSold": "1555400000", "operatingIncome": "343500000", "sellingGeneralAndAdministrative": "681900000", "researchAndDevelopment": "42100000", "operatingExpenses": "693100000", "investmentIncomeNet": "None", "netInterestIncome": "None", "interestIncome": "None", "interestExpense": "0", "nonInterestIncome": "None", "otherNonOperatingIncome": "None", "depreciation": "None", "depreciationAndAmortization": "74600000", "incomeBeforeTax": "295700000", "incomeTaxExpense": "96700000", "interestAndDebtExpense": "None", "netIncomeFromContinuingOperations": "None", "comprehensiveIncomeNetOfTax": "None", "ebit": "343500000", "ebitda": "418100000", "netIncome": "214900000"}], "quarterlyReports": [{"fiscalDateEnding": "2025-02-28", "reportedCurrency": "USD", "grossProfit": "604000000", "totalRevenue": "1605500000", "costOfRevenue": "1001500000", "costofGoodsAndServicesSold": "1001500000", "operatingIncome": "225200000", "sellingGeneralAndAdministrative": "378800000", "researchAndDevelopment": "None", "operatingExpenses": "378800000", "investmentIncomeNet": "None", "netInterestIncome": "-48500000", "interestIncome": "None", "interestExpense": "48500000", "nonInterestIncome": "None", "otherNonOperatingIncome": "None", "depreciation": "None", "depreciationAndAmortization": "53800000", "incomeBeforeTax": "186500000", "incomeTaxExpense": "41600000", "interestAndDebtExpense": "None", "netIncomeFromContinuingOperations": "162300000", "comprehensiveIncomeNetOfTax": "None", "ebit": "235000000", "ebitda": "288800000", "netIncome": "162300000"}, {"fiscalDateEnding": "2024-11-30", "reportedCurrency": "USD", "grossProfit": "722200000", "totalRevenue": "1798000000", "costOfRevenue": "1075800000", "costofGoodsAndServicesSold": "1075800000", "operatingIncome": "306200000", "sellingGeneralAndAdministrative": "414400000", "researchAndDevelopment": "None", "operatingExpenses": "416000000", "investmentIncomeNet": "None", "netInterestIncome": "-6800000", "interestIncome": "None", "interestExpense": "52700000", "nonInterestIncome": "None", "otherNonOperatingIncome": "None", "depreciation": "None", "depreciationAndAmortization": "51300000", "incomeBeforeTax": "264200000", "incomeTaxExpense": "67200000", "interestAndDebtExpense": "None", "netIncomeFromContinuingOperations": "215200000", "comprehensiveIncomeNetOfTax": "None", "ebit": "316900000", "ebitda": "368200000", "netIncome": "215200000"}, {"fiscalDateEnding": "2024-08-31", "reportedCurrency": "USD", "grossProfit": "649900000", "totalRevenue": "1679800000", "costOfRevenue": "1029900000", "costofGoodsAndServicesSold": "1029900000", "operatingIncome": "286500000", "sellingGeneralAndAdministrative": "361500000", "researchAndDevelopment": "None", "operatingExpenses": "363400000", "investmentIncomeNet": "None", "netInterestIncome": "-53500000", "interestIncome": "None", "interestExpense": "53500000", "nonInterestIncome": "None", "otherNonOperatingIncome": "None", "depreciation": "None", "depreciationAndAmortization": "54600000", "incomeBeforeTax": "246200000", "incomeTaxExpense": "41000000", "interestAndDebtExpense": "None", "netIncomeFromContinuingOperations": "223100000", "comprehensiveIncomeNetOfTax": "None", "ebit": "299700000", "ebitda": "354300000", "netIncome": "223100000"}, {"fiscalDateEnding": "2024-05-31", "reportedCurrency": "USD", "grossProfit": "619600000", "totalRevenue": "1643200000", "costOfRevenue": "1023600000", "costofGoodsAndServicesSold": "1023600000", "operatingIncome": "234100000", "sellingGeneralAndAdministrative": "383700000", "researchAndDevelopment": "None", "operatingExpenses": "385500000", "investmentIncomeNet": "None", "netInterestIncome": "-52900000", "interestIncome": "None", "interestExpense": "52900000", "nonInterestIncome": "None", "otherNonOperatingIncome": "None", "depreciation": "None", "depreciationAndAmortization": "57100000", "incomeBeforeTax": "193600000", "incomeTaxExpense": "26200000", "interestAndDebtExpense": "None", "netIncomeFromContinuingOperations": "184200000", "comprehensiveIncomeNetOfTax": "None", "ebit": "246500000", "ebitda": "303600000", "netIncome": "184200000"}, {"fiscalDateEnding": "2024-02-29", "reportedCurrency": "USD", "grossProfit": "599300000", "totalRevenue": "1602700000", "costOfRevenue": "1003400000", "costofGoodsAndServicesSold": "1003400000", "operatingIncome": "233500000", "sellingGeneralAndAdministrative": "361600000", "researchAndDevelopment": "None", "operatingExpenses": "365800000", "investmentIncomeNet": "None", "netInterestIncome": "-50300000", "interestIncome": "None", "interestExpense": "50300000", "nonInterestIncome": "None", "otherNonOperatingIncome": "None", "depreciation": "None", "depreciationAndAmortization": "45800000", "incomeBeforeTax": "194300000", "incomeTaxExpense": "49600000", "interestAndDebtExpense": "None", "netIncomeFromContinuingOperations": "166000000", "comprehensiveIncomeNetOfTax": "None", "ebit": "244600000", "ebitda": "290400000", "netIncome": "166000000"}, {"fiscalDateEnding": "2023-11-30", "reportedCurrency": "USD", "grossProfit": "701300000", "totalRevenue": "1752800000", "costOfRevenue": "1051500000", "costofGoodsAndServicesSold": "1051500000", "operatingIncome": "297200000", "sellingGeneralAndAdministrative": "150900000", "researchAndDevelopment": "94900000", "operatingExpenses": "404100000", "investmentIncomeNet": "None", "netInterestIncome": "-42500000", "interestIncome": "10200000", "interestExpense": "52700000", "nonInterestIncome": "None", "otherNonOperatingIncome": "None", "depreciation": "None", "depreciationAndAmortization": "48900000", "incomeBeforeTax": "257700000", "incomeTaxExpense": "57100000", "interestAndDebtExpense": "None", "netIncomeFromContinuingOperations": "219300000", "comprehensiveIncomeNetOfTax": "None", "ebit": "310400000", "ebitda": "359300000", "netIncome": "219300000"}, {"fiscalDateEnding": "2023-08-31", "reportedCurrency": "USD", "grossProfit": "622800000", "totalRevenue": "1684700000", "costOfRevenue": "1061900000", "costofGoodsAndServicesSold": "1061900000", "operatingIncome": "245000000", "sellingGeneralAndAdministrative": "369000000", "researchAndDevelopment": "None", "operatingExpenses": "377800000", "investmentIncomeNet": "None", "netInterestIncome": "-43300000", "interestIncome": "43300000", "interestExpense": "52700000", "nonInterestIncome": "None", "otherNonOperatingIncome": "None", "depreciation": "None", "depreciationAndAmortization": "53800000", "incomeBeforeTax": "199400000", "incomeTaxExpense": "42700000", "interestAndDebtExpense": "None", "netIncomeFromContinuingOperations": "170100000", "comprehensiveIncomeNetOfTax": "None", "ebit": "252100000", "ebitda": "305900000", "netIncome": "170100000"}, {"fiscalDateEnding": "2023-05-31", "reportedCurrency": "USD", "grossProfit": "615500000", "totalRevenue": "1659200000", "costOfRevenue": "1043700000", "costofGoodsAndServicesSold": "1043700000", "operatingIncome": "221800000", "sellingGeneralAndAdministrative": "380500000", "researchAndDevelopment": "None", "operatingExpenses": "393700000", "investmentIncomeNet": "None", "netInterestIncome": "-52200000", "interestIncome": "52200000", "interestExpense": "52200000", "nonInterestIncome": "None", "otherNonOperatingIncome": "None", "depreciation": "None", "depreciationAndAmortization": "48800000", "incomeBeforeTax": "182100000", "incomeTaxExpense": "40300000", "interestAndDebtExpense": "None", "netIncomeFromContinuingOperations": "152100000", "comprehensiveIncomeNetOfTax": "None", "ebit": "234300000", "ebitda": "283100000", "netIncome": "152100000"}, {"fiscalDateEnding": "2023-02-28", "reportedCurrency": "USD", "grossProfit": "562900000", "totalRevenue": "1565500000", "costOfRevenue": "1002600000", "costofGoodsAndServicesSold": "1002600000", "operatingIncome": "199000000", "sellingGeneralAndAdministrative": "336100000", "researchAndDevelopment": "None", "operatingExpenses": "363900000", "investmentIncomeNet": "None", "netInterestIncome": "-50600000", "interestIncome": "50600000", "interestExpense": "50600000", "nonInterestIncome": "None", "otherNonOperatingIncome": "25100000", "depreciation": "None", "depreciationAndAmortization": "47800000", "incomeBeforeTax": "159500000", "incomeTaxExpense": "34400000", "interestAndDebtExpense": "None", "netIncomeFromContinuingOperations": "125100000", "comprehensiveIncomeNetOfTax": "None", "ebit": "210100000", "ebitda": "257900000", "netIncome": "139100000"}, {"fiscalDateEnding": "2022-11-30", "reportedCurrency": "USD", "grossProfit": "624400000", "totalRevenue": "1695700000", "costOfRevenue": "1071300000", "costofGoodsAndServicesSold": "1071300000", "operatingIncome": "264300000", "sellingGeneralAndAdministrative": "106100000", "researchAndDevelopment": "87500000", "operatingExpenses": "360100000", "investmentIncomeNet": "None", "netInterestIncome": "-38300000", "interestIncome": "44400000", "interestExpense": "44400000", "nonInterestIncome": "None", "otherNonOperatingIncome": "19000000", "depreciation": "None", "depreciationAndAmortization": "52400000", "incomeBeforeTax": "228300000", "incomeTaxExpense": "53200000", "interestAndDebtExpense": "None", "netIncomeFromContinuingOperations": "175100000", "comprehensiveIncomeNetOfTax": "None", "ebit": "272700000", "ebitda": "325100000", "netIncome": "185700000"}, {"fiscalDateEnding": "2022-08-31", "reportedCurrency": "USD", "grossProfit": "566700000", "totalRevenue": "1595600000", "costOfRevenue": "1028900000", "costofGoodsAndServicesSold": "1028900000", "operatingIncome": "235200000", "sellingGeneralAndAdministrative": "325700000", "researchAndDevelopment": "None", "operatingExpenses": "331500000", "investmentIncomeNet": "None", "netInterestIncome": "-33100000", "interestIncome": "4800000", "interestExpense": "37900000", "nonInterestIncome": "None", "otherNonOperatingIncome": "84900000", "depreciation": "None", "depreciationAndAmortization": "50000000", "incomeBeforeTax": "274700000", "incomeTaxExpense": "59300000", "interestAndDebtExpense": "None", "netIncomeFromContinuingOperations": "215400000", "comprehensiveIncomeNetOfTax": "None", "ebit": "312600000", "ebitda": "362600000", "netIncome": "222900000"}, {"fiscalDateEnding": "2022-05-31", "reportedCurrency": "USD", "grossProfit": "523000000", "totalRevenue": "1536800000", "costOfRevenue": "1013800000", "costofGoodsAndServicesSold": "1013800000", "operatingIncome": "157200000", "sellingGeneralAndAdministrative": "349200000", "researchAndDevelopment": "None", "operatingExpenses": "365800000", "investmentIncomeNet": "None", "netInterestIncome": "-33700000", "interestIncome": "33700000", "interestExpense": "33700000", "nonInterestIncome": "None", "otherNonOperatingIncome": "16700000", "depreciation": "None", "depreciationAndAmortization": "49200000", "incomeBeforeTax": "129800000", "incomeTaxExpense": "21700000", "interestAndDebtExpense": "None", "netIncomeFromContinuingOperations": "108100000", "comprehensiveIncomeNetOfTax": "None", "ebit": "163500000", "ebitda": "212700000", "netIncome": "118500000"}, {"fiscalDateEnding": "2022-02-28", "reportedCurrency": "USD", "grossProfit": "560400000", "totalRevenue": "1522400000", "costOfRevenue": "962000000", "costofGoodsAndServicesSold": "962000000", "operatingIncome": "206900000", "sellingGeneralAndAdministrative": "333300000", "researchAndDevelopment": "None", "operatingExpenses": "353500000", "investmentIncomeNet": "None", "netInterestIncome": "-33100000", "interestIncome": "33100000", "interestExpense": "33100000", "nonInterestIncome": "None", "otherNonOperatingIncome": "15500000", "depreciation": "None", "depreciationAndAmortization": "49000000", "incomeBeforeTax": "180000000", "incomeTaxExpense": "34400000", "interestAndDebtExpense": "None", "netIncomeFromContinuingOperations": "145600000", "comprehensiveIncomeNetOfTax": "None", "ebit": "213100000", "ebitda": "262100000", "netIncome": "154900000"}, {"fiscalDateEnding": "2021-11-30", "reportedCurrency": "USD", "grossProfit": "702900000", "totalRevenue": "1730300000", "costOfRevenue": "1027400000", "costofGoodsAndServicesSold": "1027400000", "operatingIncome": "276200000", "sellingGeneralAndAdministrative": "161100000", "researchAndDevelopment": "87300000", "operatingExpenses": "426700000", "investmentIncomeNet": "None", "netInterestIncome": "-24000000", "interestIncome": "33300000", "interestExpense": "33300000", "nonInterestIncome": "None", "otherNonOperatingIncome": "None", "depreciation": "None", "depreciationAndAmortization": "47200000", "incomeBeforeTax": "248200000", "incomeTaxExpense": "57200000", "interestAndDebtExpense": "None", "netIncomeFromContinuingOperations": "197400000", "comprehensiveIncomeNetOfTax": "None", "ebit": "281500000", "ebitda": "328700000", "netIncome": "197400000"}, {"fiscalDateEnding": "2021-08-31", "reportedCurrency": "USD", "grossProfit": "599600000", "totalRevenue": "1549400000", "costOfRevenue": "949800000", "costofGoodsAndServicesSold": "949800000", "operatingIncome": "265200000", "sellingGeneralAndAdministrative": "325800000", "researchAndDevelopment": "None", "operatingExpenses": "334400000", "investmentIncomeNet": "None", "netInterestIncome": "-33900000", "interestIncome": "33900000", "interestExpense": "33900000", "nonInterestIncome": "None", "otherNonOperatingIncome": "None", "depreciation": "None", "depreciationAndAmortization": "47200000", "incomeBeforeTax": "234800000", "incomeTaxExpense": "31500000", "interestAndDebtExpense": "None", "netIncomeFromContinuingOperations": "212400000", "comprehensiveIncomeNetOfTax": "None", "ebit": "268700000", "ebitda": "315900000", "netIncome": "212400000"}, {"fiscalDateEnding": "2021-05-31", "reportedCurrency": "USD", "grossProfit": "614600000", "totalRevenue": "1556700000", "costOfRevenue": "942100000", "costofGoodsAndServicesSold": "942100000", "operatingIncome": "237400000", "sellingGeneralAndAdministrative": "356600000", "researchAndDevelopment": "None", "operatingExpenses": "377200000", "investmentIncomeNet": "None", "netInterestIncome": "-35600000", "interestIncome": "35600000", "interestExpense": "35600000", "nonInterestIncome": "None", "otherNonOperatingIncome": "27300000", "depreciation": "None", "depreciationAndAmortization": "43800000", "incomeBeforeTax": "205700000", "incomeTaxExpense": "45400000", "interestAndDebtExpense": "None", "netIncomeFromContinuingOperations": "160300000", "comprehensiveIncomeNetOfTax": "None", "ebit": "241300000", "ebitda": "285100000", "netIncome": "183700000"}, {"fiscalDateEnding": "2021-02-28", "reportedCurrency": "USD", "grossProfit": "577500000", "totalRevenue": "1481500000", "costOfRevenue": "904000000", "costofGoodsAndServicesSold": "904000000", "operatingIncome": "236300000", "sellingGeneralAndAdministrative": "321300000", "researchAndDevelopment": "None", "operatingExpenses": "341200000", "investmentIncomeNet": "None", "netInterestIncome": "-33800000", "interestIncome": "33800000", "interestExpense": "33800000", "nonInterestIncome": "None", "otherNonOperatingIncome": "17900000", "depreciation": "None", "depreciationAndAmortization": "48100000", "incomeBeforeTax": "207100000", "incomeTaxExpense": "58600000", "interestAndDebtExpense": "None", "netIncomeFromContinuingOperations": "161800000", "comprehensiveIncomeNetOfTax": "None", "ebit": "240900000", "ebitda": "289000000", "netIncome": "161800000"}, {"fiscalDateEnding": "2020-11-30", "reportedCurrency": "USD", "grossProfit": "660700000", "totalRevenue": "1557900000", "costOfRevenue": "897200000", "costofGoodsAndServicesSold": "897200000", "operatingIncome": "274900000", "sellingGeneralAndAdministrative": "370500000", "researchAndDevelopment": "68600000", "operatingExpenses": "385800000", "investmentIncomeNet": "None", "netInterestIncome": "-24600000", "interestIncome": "32400000", "interestExpense": "32400000", "nonInterestIncome": "None", "otherNonOperatingIncome": "15700000", "depreciation": "None", "depreciationAndAmortization": "41100000", "incomeBeforeTax": "247600000", "incomeTaxExpense": "57500000", "interestAndDebtExpense": "None", "netIncomeFromContinuingOperations": "190100000", "comprehensiveIncomeNetOfTax": "None", "ebit": "280000000", "ebitda": "321100000", "netIncome": "200700000"}, {"fiscalDateEnding": "2020-08-31", "reportedCurrency": "USD", "grossProfit": "590300000", "totalRevenue": "1430300000", "costOfRevenue": "840000000", "costofGoodsAndServicesSold": "840000000", "operatingIncome": "273000000", "sellingGeneralAndAdministrative": "317200000", "researchAndDevelopment": "None", "operatingExpenses": "317300000", "investmentIncomeNet": "None", "netInterestIncome": "-33500000", "interestIncome": "33500000", "interestExpense": "33500000", "nonInterestIncome": "None", "otherNonOperatingIncome": "13500000", "depreciation": "None", "depreciationAndAmortization": "42400000", "incomeBeforeTax": "243400000", "incomeTaxExpense": "46900000", "interestAndDebtExpense": "None", "netIncomeFromContinuingOperations": "206100000", "comprehensiveIncomeNetOfTax": "None", "ebit": "276900000", "ebitda": "319300000", "netIncome": "206100000"}, {"fiscalDateEnding": "2020-05-31", "reportedCurrency": "USD", "grossProfit": "579500000", "totalRevenue": "1401100000", "costOfRevenue": "821600000", "costofGoodsAndServicesSold": "821600000", "operatingIncome": "257400000", "sellingGeneralAndAdministrative": "319200000", "researchAndDevelopment": "None", "operatingExpenses": "322100000", "investmentIncomeNet": "None", "netInterestIncome": "-34400000", "interestIncome": "34900000", "interestExpense": "34400000", "nonInterestIncome": "None", "otherNonOperatingIncome": "13300000", "depreciation": "None", "depreciationAndAmortization": "39600000", "incomeBeforeTax": "226100000", "incomeTaxExpense": "40400000", "interestAndDebtExpense": "None", "netIncomeFromContinuingOperations": "185700000", "comprehensiveIncomeNetOfTax": "None", "ebit": "260500000", "ebitda": "300100000", "netIncome": "195900000"}, {"fiscalDateEnding": "2020-02-29", "reportedCurrency": "USD", "grossProfit": "469900000", "totalRevenue": "1212000000", "costOfRevenue": "742100000", "costofGoodsAndServicesSold": "742100000", "operatingIncome": "194200000", "sellingGeneralAndAdministrative": "274700000", "researchAndDevelopment": "None", "operatingExpenses": "275700000", "investmentIncomeNet": "None", "netInterestIncome": "-35300000", "interestIncome": "33300000", "interestExpense": "35300000", "nonInterestIncome": "None", "otherNonOperatingIncome": "15900000", "depreciation": "None", "depreciationAndAmortization": "41900000", "incomeBeforeTax": "164400000", "incomeTaxExpense": "30100000", "interestAndDebtExpense": "None", "netIncomeFromContinuingOperations": "134300000", "comprehensiveIncomeNetOfTax": "None", "ebit": "199700000", "ebitda": "241600000", "netIncome": "144700000"}, {"fiscalDateEnding": "2019-11-30", "reportedCurrency": "USD", "grossProfit": "630000000", "totalRevenue": "1484800000", "costOfRevenue": "854800000", "costofGoodsAndServicesSold": "854800000", "operatingIncome": "299200000", "sellingGeneralAndAdministrative": "326900000", "researchAndDevelopment": "67300000", "operatingExpenses": "330800000", "investmentIncomeNet": "None", "netInterestIncome": "-38500000", "interestIncome": "38600000", "interestExpense": "38500000", "nonInterestIncome": "None", "otherNonOperatingIncome": "19100000", "depreciation": "None", "depreciationAndAmortization": "40800000", "incomeBeforeTax": "268100000", "incomeTaxExpense": "66400000", "interestAndDebtExpense": "None", "netIncomeFromContinuingOperations": "201700000", "comprehensiveIncomeNetOfTax": "None", "ebit": "306600000", "ebitda": "347400000", "netIncome": "213400000"}, {"fiscalDateEnding": "2019-08-31", "reportedCurrency": "USD", "grossProfit": "539900000", "totalRevenue": "1329200000", "costOfRevenue": "789300000", "costofGoodsAndServicesSold": "789300000", "operatingIncome": "253500000", "sellingGeneralAndAdministrative": "278700000", "researchAndDevelopment": "67300000", "operatingExpenses": "286400000", "investmentIncomeNet": "None", "netInterestIncome": "-41300000", "interestIncome": "41400000", "interestExpense": "41300000", "nonInterestIncome": "None", "otherNonOperatingIncome": "16500000", "depreciation": "None", "depreciationAndAmortization": "39000000", "incomeBeforeTax": "219100000", "incomeTaxExpense": "36800000", "interestAndDebtExpense": "None", "netIncomeFromContinuingOperations": "182300000", "comprehensiveIncomeNetOfTax": "None", "ebit": "260400000", "ebitda": "299400000", "netIncome": "191900000"}, {"fiscalDateEnding": "2019-05-31", "reportedCurrency": "USD", "grossProfit": "508500000", "totalRevenue": "1301900000", "costOfRevenue": "793400000", "costofGoodsAndServicesSold": "793400000", "operatingIncome": "208100000", "sellingGeneralAndAdministrative": "293300000", "researchAndDevelopment": "67300000", "operatingExpenses": "300400000", "investmentIncomeNet": "None", "netInterestIncome": "-42400000", "interestIncome": "42800000", "interestExpense": "42400000", "nonInterestIncome": "None", "otherNonOperatingIncome": "15800000", "depreciation": "None", "depreciationAndAmortization": "38700000", "incomeBeforeTax": "172000000", "incomeTaxExpense": "32100000", "interestAndDebtExpense": "None", "netIncomeFromContinuingOperations": "139900000", "comprehensiveIncomeNetOfTax": "None", "ebit": "214400000", "ebitda": "253100000", "netIncome": "149400000"}, {"fiscalDateEnding": "2019-02-28", "reportedCurrency": "USD", "grossProfit": "466900000", "totalRevenue": "1231500000", "costOfRevenue": "764600000", "costofGoodsAndServicesSold": "764600000", "operatingIncome": "196900000", "sellingGeneralAndAdministrative": "267900000", "researchAndDevelopment": "67300000", "operatingExpenses": "270000000", "investmentIncomeNet": "None", "netInterestIncome": "-43000000", "interestIncome": "None", "interestExpense": "43000000", "nonInterestIncome": "None", "otherNonOperatingIncome": "16200000", "depreciation": "None", "depreciationAndAmortization": "40300000", "incomeBeforeTax": "160000000", "incomeTaxExpense": "22100000", "interestAndDebtExpense": "None", "netIncomeFromContinuingOperations": "137900000", "comprehensiveIncomeNetOfTax": "None", "ebit": "203000000", "ebitda": "243300000", "netIncome": "148000000"}, {"fiscalDateEnding": "2018-11-30", "reportedCurrency": "USD", "grossProfit": "681500000", "totalRevenue": "1499200000", "costOfRevenue": "817700000", "costofGoodsAndServicesSold": "817700000", "operatingIncome": "294900000", "sellingGeneralAndAdministrative": "383800000", "researchAndDevelopment": "69400000", "operatingExpenses": "386600000", "investmentIncomeNet": "None", "netInterestIncome": "None", "interestIncome": "None", "interestExpense": "43900000", "nonInterestIncome": "None", "otherNonOperatingIncome": "18800000", "depreciation": "None", "depreciationAndAmortization": "39100000", "incomeBeforeTax": "258900000", "incomeTaxExpense": "55800000", "interestAndDebtExpense": "None", "netIncomeFromContinuingOperations": "203100000", "comprehensiveIncomeNetOfTax": "None", "ebit": "302800000", "ebitda": "341900000", "netIncome": "214000000"}, {"fiscalDateEnding": "2018-08-31", "reportedCurrency": "USD", "grossProfit": "522500000", "totalRevenue": "1318200000", "costOfRevenue": "795700000", "costofGoodsAndServicesSold": "795700000", "operatingIncome": "229900000", "sellingGeneralAndAdministrative": "353000000", "researchAndDevelopment": "69400000", "operatingExpenses": "292600000", "investmentIncomeNet": "None", "netInterestIncome": "None", "interestIncome": "None", "interestExpense": "44700000", "nonInterestIncome": "None", "otherNonOperatingIncome": "10100000", "depreciation": "None", "depreciationAndAmortization": "37500000", "incomeBeforeTax": "190000000", "incomeTaxExpense": "24900000", "interestAndDebtExpense": "None", "netIncomeFromContinuingOperations": "165100000", "comprehensiveIncomeNetOfTax": "None", "ebit": "234700000", "ebitda": "272200000", "netIncome": "173500000"}, {"fiscalDateEnding": "2018-05-31", "reportedCurrency": "USD", "grossProfit": "505400000", "totalRevenue": "1301300000", "costOfRevenue": "795900000", "costofGoodsAndServicesSold": "795900000", "operatingIncome": "188600000", "sellingGeneralAndAdministrative": "367300000", "researchAndDevelopment": "69400000", "operatingExpenses": "316800000", "investmentIncomeNet": "None", "netInterestIncome": "None", "interestIncome": "None", "interestExpense": "44200000", "nonInterestIncome": "None", "otherNonOperatingIncome": "8900000", "depreciation": "None", "depreciationAndAmortization": "37500000", "incomeBeforeTax": "149000000", "incomeTaxExpense": "33100000", "interestAndDebtExpense": "None", "netIncomeFromContinuingOperations": "115900000", "comprehensiveIncomeNetOfTax": "None", "ebit": "193200000", "ebitda": "230700000", "netIncome": "123300000"}, {"fiscalDateEnding": "2018-02-28", "reportedCurrency": "USD", "grossProfit": "460400000", "totalRevenue": "1215400000", "costOfRevenue": "755000000", "costofGoodsAndServicesSold": "755000000", "operatingIncome": "181100000", "sellingGeneralAndAdministrative": "325400000", "researchAndDevelopment": "69400000", "operatingExpenses": "279300000", "investmentIncomeNet": "None", "netInterestIncome": "None", "interestIncome": "None", "interestExpense": "41800000", "nonInterestIncome": "None", "otherNonOperatingIncome": "9600000", "depreciation": "None", "depreciationAndAmortization": "36600000", "incomeBeforeTax": "143400000", "incomeTaxExpense": "-271100000", "interestAndDebtExpense": "None", "netIncomeFromContinuingOperations": "414500000", "comprehensiveIncomeNetOfTax": "None", "ebit": "185200000", "ebitda": "221800000", "netIncome": "422600000"}, {"fiscalDateEnding": "2017-11-30", "reportedCurrency": "USD", "grossProfit": "668200000", "totalRevenue": "1490900000", "costOfRevenue": "822700000", "costofGoodsAndServicesSold": "822700000", "operatingIncome": "266900000", "sellingGeneralAndAdministrative": "375800000", "researchAndDevelopment": "66099999", "operatingExpenses": "401300000", "investmentIncomeNet": "None", "netInterestIncome": "None", "interestIncome": "None", "interestExpense": "44800000", "nonInterestIncome": "None", "otherNonOperatingIncome": "11300000", "depreciation": "None", "depreciationAndAmortization": "35600000", "incomeBeforeTax": "223100000", "incomeTaxExpense": "57700000", "interestAndDebtExpense": "None", "netIncomeFromContinuingOperations": "165400000", "comprehensiveIncomeNetOfTax": "None", "ebit": "267900000", "ebitda": "303500000", "netIncome": "175700000"}, {"fiscalDateEnding": "2017-08-31", "reportedCurrency": "USD", "grossProfit": "484400000", "totalRevenue": "1185200000", "costOfRevenue": "700800000", "costofGoodsAndServicesSold": "700800000", "operatingIncome": "168700000", "sellingGeneralAndAdministrative": "286500000", "researchAndDevelopment": "0", "operatingExpenses": "315700000", "investmentIncomeNet": "None", "netInterestIncome": "None", "interestIncome": "None", "interestExpense": "21500000", "nonInterestIncome": "None", "otherNonOperatingIncome": "9400000", "depreciation": "None", "depreciationAndAmortization": "31500000", "incomeBeforeTax": "133000000", "incomeTaxExpense": "33000000", "interestAndDebtExpense": "None", "netIncomeFromContinuingOperations": "100000000", "comprehensiveIncomeNetOfTax": "None", "ebit": "154500000", "ebitda": "186000000", "netIncome": "108200000"}, {"fiscalDateEnding": "2017-05-31", "reportedCurrency": "USD", "grossProfit": "444600000", "totalRevenue": "1114300000", "costOfRevenue": "669700000", "costofGoodsAndServicesSold": "669700000", "operatingIncome": "132600000", "sellingGeneralAndAdministrative": "307300000", "researchAndDevelopment": "0", "operatingExpenses": "312000000", "investmentIncomeNet": "None", "netInterestIncome": "None", "interestIncome": "None", "interestExpense": "14900000", "nonInterestIncome": "None", "otherNonOperatingIncome": "9600000", "depreciation": "None", "depreciationAndAmortization": "29800000", "incomeBeforeTax": "118900000", "incomeTaxExpense": "27300000", "interestAndDebtExpense": "None", "netIncomeFromContinuingOperations": "91600000", "comprehensiveIncomeNetOfTax": "None", "ebit": "133800000", "ebitda": "163600000", "netIncome": "100000000"}, {"fiscalDateEnding": "2017-02-28", "reportedCurrency": "USD", "grossProfit": "413000000", "totalRevenue": "1043700000", "costOfRevenue": "630700000", "costofGoodsAndServicesSold": "630700000", "operatingIncome": "134200000", "sellingGeneralAndAdministrative": "275200000", "researchAndDevelopment": "0", "operatingExpenses": "278800000", "investmentIncomeNet": "None", "netInterestIncome": "None", "interestIncome": "None", "interestExpense": "14500000", "nonInterestIncome": "None", "otherNonOperatingIncome": "7100000", "depreciation": "None", "depreciationAndAmortization": "28300000", "incomeBeforeTax": "119800000", "incomeTaxExpense": "33300000", "interestAndDebtExpense": "None", "netIncomeFromContinuingOperations": "86500000", "comprehensiveIncomeNetOfTax": "None", "ebit": "134300000", "ebitda": "162600000", "netIncome": "93500000"}, {"fiscalDateEnding": "2016-11-30", "reportedCurrency": "USD", "grossProfit": "540000000", "totalRevenue": "1227000000", "costOfRevenue": "687000000", "costofGoodsAndServicesSold": "687000000", "operatingIncome": "219100000", "sellingGeneralAndAdministrative": "315000000", "researchAndDevelopment": "61000000", "operatingExpenses": "320900000", "investmentIncomeNet": "None", "netInterestIncome": "None", "interestIncome": "None", "interestExpense": "14300000", "nonInterestIncome": "None", "otherNonOperatingIncome": "None", "depreciation": "None", "depreciationAndAmortization": "26400000", "incomeBeforeTax": "207000000", "incomeTaxExpense": "61500000", "interestAndDebtExpense": "None", "netIncomeFromContinuingOperations": "719800000", "comprehensiveIncomeNetOfTax": "None", "ebit": "221300000", "ebitda": "247700000", "netIncome": "157400000"}, {"fiscalDateEnding": "2016-08-31", "reportedCurrency": "USD", "grossProfit": "453900000", "totalRevenue": "1091000000", "costOfRevenue": "637100000", "costofGoodsAndServicesSold": "637100000", "operatingIncome": "167800000", "sellingGeneralAndAdministrative": "281800000", "researchAndDevelopment": "0", "operatingExpenses": "286100000", "investmentIncomeNet": "None", "netInterestIncome": "None", "interestIncome": "None", "interestExpense": "14100000", "nonInterestIncome": "None", "otherNonOperatingIncome": "8300000", "depreciation": "None", "depreciationAndAmortization": "29300000", "incomeBeforeTax": "153900000", "incomeTaxExpense": "34300000", "interestAndDebtExpense": "None", "netIncomeFromContinuingOperations": "119600000", "comprehensiveIncomeNetOfTax": "None", "ebit": "168000000", "ebitda": "197300000", "netIncome": "127700000"}, {"fiscalDateEnding": "2016-05-31", "reportedCurrency": "USD", "grossProfit": "432800000", "totalRevenue": "1063300000", "costOfRevenue": "630500000", "costofGoodsAndServicesSold": "630500000", "operatingIncome": "125000000", "sellingGeneralAndAdministrative": "303900000", "researchAndDevelopment": "0", "operatingExpenses": "307800000", "investmentIncomeNet": "None", "netInterestIncome": "None", "interestIncome": "None", "interestExpense": "13700000", "nonInterestIncome": "None", "otherNonOperatingIncome": "8400000", "depreciation": "None", "depreciationAndAmortization": "26600000", "incomeBeforeTax": "112000000", "incomeTaxExpense": "25900000", "interestAndDebtExpense": "None", "netIncomeFromContinuingOperations": "86100000", "comprehensiveIncomeNetOfTax": "None", "ebit": "125700000", "ebitda": "152300000", "netIncome": "93800000"}, {"fiscalDateEnding": "2016-02-29", "reportedCurrency": "USD", "grossProfit": "405000000", "totalRevenue": "1030200000", "costOfRevenue": "625200000", "costofGoodsAndServicesSold": "625200000", "operatingIncome": "129100000", "sellingGeneralAndAdministrative": "274300000", "researchAndDevelopment": "0", "operatingExpenses": "275900000", "investmentIncomeNet": "None", "netInterestIncome": "None", "interestIncome": "None", "interestExpense": "13900000", "nonInterestIncome": "None", "otherNonOperatingIncome": "8400000", "depreciation": "None", "depreciationAndAmortization": "26400000", "incomeBeforeTax": "116300000", "incomeTaxExpense": "31300000", "interestAndDebtExpense": "None", "netIncomeFromContinuingOperations": "0", "comprehensiveIncomeNetOfTax": "None", "ebit": "130200000", "ebitda": "156600000", "netIncome": "93400000"}, {"fiscalDateEnding": "2015-11-30", "reportedCurrency": "USD", "grossProfit": "521700000", "totalRevenue": "1201900000", "costOfRevenue": "680200000", "costofGoodsAndServicesSold": "680200000", "operatingIncome": "212200000", "sellingGeneralAndAdministrative": "307100000", "researchAndDevelopment": "60800000", "operatingExpenses": "309500000", "investmentIncomeNet": "None", "netInterestIncome": "None", "interestIncome": "None", "interestExpense": "13800000", "nonInterestIncome": "None", "otherNonOperatingIncome": "None", "depreciation": "None", "depreciationAndAmortization": "27200000", "incomeBeforeTax": "198900000", "incomeTaxExpense": "59400000", "interestAndDebtExpense": "None", "netIncomeFromContinuingOperations": "401600000", "comprehensiveIncomeNetOfTax": "None", "ebit": "212700000", "ebitda": "239900000", "netIncome": "149200000"}, {"fiscalDateEnding": "2015-08-31", "reportedCurrency": "USD", "grossProfit": "421900000", "totalRevenue": "1059900000", "costOfRevenue": "638000000", "costofGoodsAndServicesSold": "638000000", "operatingIncome": "138700000", "sellingGeneralAndAdministrative": "271500000", "researchAndDevelopment": "0", "operatingExpenses": "283200000", "investmentIncomeNet": "None", "netInterestIncome": "None", "interestIncome": "None", "interestExpense": "13600000", "nonInterestIncome": "None", "otherNonOperatingIncome": "None", "depreciation": "None", "depreciationAndAmortization": "26200000", "incomeBeforeTax": "125300000", "incomeTaxExpense": "37400000", "interestAndDebtExpense": "None", "netIncomeFromContinuingOperations": "0", "comprehensiveIncomeNetOfTax": "None", "ebit": "138900000", "ebitda": "165100000", "netIncome": "97600000"}, {"fiscalDateEnding": "2015-05-31", "reportedCurrency": "USD", "grossProfit": "404000000", "totalRevenue": "1024100000", "costOfRevenue": "620100000", "costofGoodsAndServicesSold": "620100000", "operatingIncome": "103800000", "sellingGeneralAndAdministrative": "281200000", "researchAndDevelopment": "0", "operatingExpenses": "300200000", "investmentIncomeNet": "None", "netInterestIncome": "None", "interestIncome": "None", "interestExpense": "13000000", "nonInterestIncome": "None", "otherNonOperatingIncome": "8000000", "depreciation": "None", "depreciationAndAmortization": "27600000", "incomeBeforeTax": "91400000", "incomeTaxExpense": "14500000", "interestAndDebtExpense": "None", "netIncomeFromContinuingOperations": "76900000", "comprehensiveIncomeNetOfTax": "None", "ebit": "104400000", "ebitda": "132000000", "netIncome": "84300000"}, {"fiscalDateEnding": "2015-02-28", "reportedCurrency": "USD", "grossProfit": "389700000", "totalRevenue": "1010400000", "costOfRevenue": "620700000", "costofGoodsAndServicesSold": "620700000", "operatingIncome": "93700000", "sellingGeneralAndAdministrative": "267600000", "researchAndDevelopment": "0", "operatingExpenses": "296000000", "investmentIncomeNet": "None", "netInterestIncome": "None", "interestIncome": "None", "interestExpense": "12900000", "nonInterestIncome": "None", "otherNonOperatingIncome": "9900000", "depreciation": "None", "depreciationAndAmortization": "24900000", "incomeBeforeTax": "80600000", "incomeTaxExpense": "20000000", "interestAndDebtExpense": "None", "netIncomeFromContinuingOperations": "60600000", "comprehensiveIncomeNetOfTax": "None", "ebit": "93500000", "ebitda": "118400000", "netIncome": "70500000"}, {"fiscalDateEnding": "2014-11-30", "reportedCurrency": "USD", "grossProfit": "506100000", "totalRevenue": "1173600000", "costOfRevenue": "667500000", "costofGoodsAndServicesSold": "667500000", "operatingIncome": "199400000", "sellingGeneralAndAdministrative": "303800000", "researchAndDevelopment": "62000000", "operatingExpenses": "306700000", "investmentIncomeNet": "None", "netInterestIncome": "None", "interestIncome": "None", "interestExpense": "12400000", "nonInterestIncome": "None", "otherNonOperatingIncome": "None", "depreciation": "None", "depreciationAndAmortization": "24600000", "incomeBeforeTax": "187300000", "incomeTaxExpense": "48600000", "interestAndDebtExpense": "None", "netIncomeFromContinuingOperations": "437900000", "comprehensiveIncomeNetOfTax": "None", "ebit": "199700000", "ebitda": "224300000", "netIncome": "148000000"}, {"fiscalDateEnding": "2014-08-31", "reportedCurrency": "USD", "grossProfit": "420100000", "totalRevenue": "1042800000", "costOfRevenue": "622700000", "costofGoodsAndServicesSold": "622700000", "operatingIncome": "157300000", "sellingGeneralAndAdministrative": "260500000", "researchAndDevelopment": "0", "operatingExpenses": "262800000", "investmentIncomeNet": "None", "netInterestIncome": "None", "interestIncome": "None", "interestExpense": "12400000", "nonInterestIncome": "None", "otherNonOperatingIncome": "9100000", "depreciation": "None", "depreciationAndAmortization": "24600000", "incomeBeforeTax": "145200000", "incomeTaxExpense": "31100000", "interestAndDebtExpense": "None", "netIncomeFromContinuingOperations": "114100000", "comprehensiveIncomeNetOfTax": "None", "ebit": "157600000", "ebitda": "182200000", "netIncome": "122900000"}, {"fiscalDateEnding": "2014-05-31", "reportedCurrency": "USD", "grossProfit": "412500000", "totalRevenue": "1033400000", "costOfRevenue": "620900000", "costofGoodsAndServicesSold": "620900000", "operatingIncome": "121700000", "sellingGeneralAndAdministrative": "290800000", "researchAndDevelopment": "0", "operatingExpenses": "290800000", "investmentIncomeNet": "None", "netInterestIncome": "None", "interestIncome": "None", "interestExpense": "12500000", "nonInterestIncome": "None", "otherNonOperatingIncome": "None", "depreciation": "None", "depreciationAndAmortization": "26700000", "incomeBeforeTax": "109500000", "incomeTaxExpense": "31200000", "interestAndDebtExpense": "None", "netIncomeFromContinuingOperations": "0", "comprehensiveIncomeNetOfTax": "None", "ebit": "122000000", "ebitda": "148700000", "netIncome": "84500000"}, {"fiscalDateEnding": "2014-02-28", "reportedCurrency": "USD", "grossProfit": "391500000", "totalRevenue": "993400000", "costOfRevenue": "601900000", "costofGoodsAndServicesSold": "601900000", "operatingIncome": "124600000", "sellingGeneralAndAdministrative": "266900000", "researchAndDevelopment": "0", "operatingExpenses": "266900000", "investmentIncomeNet": "None", "netInterestIncome": "None", "interestIncome": "None", "interestExpense": "12400000", "nonInterestIncome": "None", "otherNonOperatingIncome": "None", "depreciation": "None", "depreciationAndAmortization": "26800000", "incomeBeforeTax": "112400000", "incomeTaxExpense": "35000000", "interestAndDebtExpense": "None", "netIncomeFromContinuingOperations": "0", "comprehensiveIncomeNetOfTax": "None", "ebit": "124800000", "ebitda": "151600000", "netIncome": "82500000"}, {"fiscalDateEnding": "2013-11-30", "reportedCurrency": "USD", "grossProfit": "502200000", "totalRevenue": "1170000000", "costOfRevenue": "667800000", "costofGoodsAndServicesSold": "667800000", "operatingIncome": "174100000", "sellingGeneralAndAdministrative": "303100000", "researchAndDevelopment": "61300000", "operatingExpenses": "328100000", "investmentIncomeNet": "None", "netInterestIncome": "None", "interestIncome": "None", "interestExpense": "11900000", "nonInterestIncome": "None", "otherNonOperatingIncome": "7400000", "depreciation": "None", "depreciationAndAmortization": "29100000", "incomeBeforeTax": "162700000", "incomeTaxExpense": "39600000", "interestAndDebtExpense": "None", "netIncomeFromContinuingOperations": "123100000", "comprehensiveIncomeNetOfTax": "None", "ebit": "174600000", "ebitda": "203700000", "netIncome": "130000000"}, {"fiscalDateEnding": "2013-08-31", "reportedCurrency": "USD", "grossProfit": "407600000", "totalRevenue": "1016400000", "costOfRevenue": "608800000", "costofGoodsAndServicesSold": "608800000", "operatingIncome": "148400000", "sellingGeneralAndAdministrative": "259200000", "researchAndDevelopment": "0", "operatingExpenses": "259200000", "investmentIncomeNet": "None", "netInterestIncome": "None", "interestIncome": "None", "interestExpense": "14000000", "nonInterestIncome": "None", "otherNonOperatingIncome": "5300000", "depreciation": "None", "depreciationAndAmortization": "25200000", "incomeBeforeTax": "134700000", "incomeTaxExpense": "35300000", "interestAndDebtExpense": "None", "netIncomeFromContinuingOperations": "99400000", "comprehensiveIncomeNetOfTax": "None", "ebit": "148700000", "ebitda": "173900000", "netIncome": "104400000"}, {"fiscalDateEnding": "2013-05-31", "reportedCurrency": "USD", "grossProfit": "394400000", "totalRevenue": "1002600000", "costOfRevenue": "608200000", "costofGoodsAndServicesSold": "608200000", "operatingIncome": "116000000", "sellingGeneralAndAdministrative": "278400000", "researchAndDevelopment": "0", "operatingExpenses": "278400000", "investmentIncomeNet": "None", "netInterestIncome": "None", "interestIncome": "None", "interestExpense": "13500000", "nonInterestIncome": "None", "otherNonOperatingIncome": "6700000", "depreciation": "None", "depreciationAndAmortization": "25500000", "incomeBeforeTax": "103300000", "incomeTaxExpense": "30600000", "interestAndDebtExpense": "None", "netIncomeFromContinuingOperations": "72700000", "comprehensiveIncomeNetOfTax": "None", "ebit": "116800000", "ebitda": "142300000", "netIncome": "78600000"}, {"fiscalDateEnding": "2013-02-28", "reportedCurrency": "USD", "grossProfit": "361700000", "totalRevenue": "934400000", "costOfRevenue": "572700000", "costofGoodsAndServicesSold": "572700000", "operatingIncome": "112000000", "sellingGeneralAndAdministrative": "249700000", "researchAndDevelopment": "0", "operatingExpenses": "249700000", "investmentIncomeNet": "None", "netInterestIncome": "None", "interestIncome": "None", "interestExpense": "13900000", "nonInterestIncome": "None", "otherNonOperatingIncome": "6000000", "depreciation": "None", "depreciationAndAmortization": "26200000", "incomeBeforeTax": "98700000", "incomeTaxExpense": "28100000", "interestAndDebtExpense": "None", "netIncomeFromContinuingOperations": "70600000", "comprehensiveIncomeNetOfTax": "None", "ebit": "112600000", "ebitda": "138800000", "netIncome": "76000000"}, {"fiscalDateEnding": "2012-11-30", "reportedCurrency": "USD", "grossProfit": "482400000", "totalRevenue": "1145800000", "costOfRevenue": "663400000", "costofGoodsAndServicesSold": "663400000", "operatingIncome": "200300000", "sellingGeneralAndAdministrative": "282100000", "researchAndDevelopment": "57800000", "operatingExpenses": "282100000", "investmentIncomeNet": "None", "netInterestIncome": "None", "interestIncome": "None", "interestExpense": "13900000", "nonInterestIncome": "None", "otherNonOperatingIncome": "None", "depreciation": "None", "depreciationAndAmortization": "26000000", "incomeBeforeTax": "187000000", "incomeTaxExpense": "46000000", "interestAndDebtExpense": "None", "netIncomeFromContinuingOperations": "0", "comprehensiveIncomeNetOfTax": "None", "ebit": "200900000", "ebitda": "226900000", "netIncome": "146900000"}, {"fiscalDateEnding": "2012-08-31", "reportedCurrency": "USD", "grossProfit": "391700000", "totalRevenue": "977700000", "costOfRevenue": "586000000", "costofGoodsAndServicesSold": "586000000", "operatingIncome": "144200000", "sellingGeneralAndAdministrative": "247500000", "researchAndDevelopment": "0", "operatingExpenses": "247500000", "investmentIncomeNet": "None", "netInterestIncome": "None", "interestIncome": "None", "interestExpense": "13200000", "nonInterestIncome": "None", "otherNonOperatingIncome": "None", "depreciation": "None", "depreciationAndAmortization": "26200000", "incomeBeforeTax": "131900000", "incomeTaxExpense": "33000000", "interestAndDebtExpense": "None", "netIncomeFromContinuingOperations": "0", "comprehensiveIncomeNetOfTax": "None", "ebit": "145100000", "ebitda": "171300000", "netIncome": "104400000"}, {"fiscalDateEnding": "2012-05-31", "reportedCurrency": "USD", "grossProfit": "388400000", "totalRevenue": "984000000", "costOfRevenue": "595600000", "costofGoodsAndServicesSold": "595600000", "operatingIncome": "121300000", "sellingGeneralAndAdministrative": "267100000", "researchAndDevelopment": "0", "operatingExpenses": "267100000", "investmentIncomeNet": "None", "netInterestIncome": "None", "interestIncome": "None", "interestExpense": "13900000", "nonInterestIncome": "None", "otherNonOperatingIncome": "None", "depreciation": "None", "depreciationAndAmortization": "24800000", "incomeBeforeTax": "107300000", "incomeTaxExpense": "30800000", "interestAndDebtExpense": "None", "netIncomeFromContinuingOperations": "0", "comprehensiveIncomeNetOfTax": "None", "ebit": "121200000", "ebitda": "146000000", "netIncome": "80400000"}, {"fiscalDateEnding": "2012-02-29", "reportedCurrency": "USD", "grossProfit": "355300000", "totalRevenue": "906700000", "costOfRevenue": "551400000", "costofGoodsAndServicesSold": "551400000", "operatingIncome": "112500000", "sellingGeneralAndAdministrative": "242800000", "researchAndDevelopment": "0", "operatingExpenses": "242800000", "investmentIncomeNet": "None", "netInterestIncome": "None", "interestIncome": "None", "interestExpense": "13500000", "nonInterestIncome": "None", "otherNonOperatingIncome": "None", "depreciation": "None", "depreciationAndAmortization": "25800000", "incomeBeforeTax": "99900000", "incomeTaxExpense": "30000000", "interestAndDebtExpense": "None", "netIncomeFromContinuingOperations": "0", "comprehensiveIncomeNetOfTax": "None", "ebit": "113400000", "ebitda": "139200000", "netIncome": "74500000"}, {"fiscalDateEnding": "2011-11-30", "reportedCurrency": "USD", "grossProfit": "479100000", "totalRevenue": "1110700000", "costOfRevenue": "631600000", "costofGoodsAndServicesSold": "631600000", "operatingIncome": "192000000", "sellingGeneralAndAdministrative": "287100000", "researchAndDevelopment": "58100000", "operatingExpenses": "287100000", "investmentIncomeNet": "None", "netInterestIncome": "None", "interestIncome": "None", "interestExpense": "13600000", "nonInterestIncome": "None", "otherNonOperatingIncome": "None", "depreciation": "None", "depreciationAndAmortization": "25100000", "incomeBeforeTax": "178200000", "incomeTaxExpense": "50900000", "interestAndDebtExpense": "None", "netIncomeFromContinuingOperations": "0", "comprehensiveIncomeNetOfTax": "None", "ebit": "191800000", "ebitda": "216900000", "netIncome": "131800000"}, {"fiscalDateEnding": "2011-08-31", "reportedCurrency": "USD", "grossProfit": "364500000", "totalRevenue": "920400000", "costOfRevenue": "555900000", "costofGoodsAndServicesSold": "555900000", "operatingIncome": "128400000", "sellingGeneralAndAdministrative": "236100000", "researchAndDevelopment": "0", "operatingExpenses": "236100000", "investmentIncomeNet": "None", "netInterestIncome": "None", "interestIncome": "None", "interestExpense": "13100000", "nonInterestIncome": "None", "otherNonOperatingIncome": "7900000", "depreciation": "None", "depreciationAndAmortization": "24700000", "incomeBeforeTax": "116400000", "incomeTaxExpense": "31200000", "interestAndDebtExpense": "None", "netIncomeFromContinuingOperations": "85200000", "comprehensiveIncomeNetOfTax": "None", "ebit": "129500000", "ebitda": "154200000", "netIncome": "92300000"}, {"fiscalDateEnding": "2011-05-31", "reportedCurrency": "USD", "grossProfit": "350700000", "totalRevenue": "883700000", "costOfRevenue": "533000000", "costofGoodsAndServicesSold": "533000000", "operatingIncome": "109300000", "sellingGeneralAndAdministrative": "241400000", "researchAndDevelopment": "0", "operatingExpenses": "241400000", "investmentIncomeNet": "None", "netInterestIncome": "None", "interestIncome": "None", "interestExpense": "12300000", "nonInterestIncome": "None", "otherNonOperatingIncome": "7000000", "depreciation": "None", "depreciationAndAmortization": "24800000", "incomeBeforeTax": "97900000", "incomeTaxExpense": "30400000", "interestAndDebtExpense": "None", "netIncomeFromContinuingOperations": "67500000", "comprehensiveIncomeNetOfTax": "None", "ebit": "110200000", "ebitda": "135000000", "netIncome": "73800000"}, {"fiscalDateEnding": "2011-02-28", "reportedCurrency": "USD", "grossProfit": "328200000", "totalRevenue": "782800000", "costOfRevenue": "454600000", "costofGoodsAndServicesSold": "454600000", "operatingIncome": "110600000", "sellingGeneralAndAdministrative": "217600000", "researchAndDevelopment": "0", "operatingExpenses": "217600000", "investmentIncomeNet": "None", "netInterestIncome": "None", "interestIncome": "None", "interestExpense": "12200000", "nonInterestIncome": "None", "otherNonOperatingIncome": "8400000", "depreciation": "None", "depreciationAndAmortization": "23700000", "incomeBeforeTax": "98900000", "incomeTaxExpense": "30000000", "interestAndDebtExpense": "None", "netIncomeFromContinuingOperations": "68900000", "comprehensiveIncomeNetOfTax": "None", "ebit": "111100000", "ebitda": "134800000", "netIncome": "76800000"}, {"fiscalDateEnding": "2010-11-30", "reportedCurrency": "USD", "grossProfit": "446000000", "totalRevenue": "979400000", "costOfRevenue": "533400000", "costofGoodsAndServicesSold": "533400000", "operatingIncome": "185400000", "sellingGeneralAndAdministrative": "260600000", "researchAndDevelopment": "52700000", "operatingExpenses": "260600000", "investmentIncomeNet": "None", "netInterestIncome": "None", "interestIncome": "None", "interestExpense": "12300000", "nonInterestIncome": "None", "otherNonOperatingIncome": "None", "depreciation": "None", "depreciationAndAmortization": "25000000", "incomeBeforeTax": "174300000", "incomeTaxExpense": "46600000", "interestAndDebtExpense": "None", "netIncomeFromContinuingOperations": "0", "comprehensiveIncomeNetOfTax": "None", "ebit": "186600000", "ebitda": "211600000", "netIncome": "133700000"}, {"fiscalDateEnding": "2010-08-31", "reportedCurrency": "USD", "grossProfit": "334800000", "totalRevenue": "794600000", "costOfRevenue": "459800000", "costofGoodsAndServicesSold": "459800000", "operatingIncome": "126000000", "sellingGeneralAndAdministrative": "208800000", "researchAndDevelopment": "0", "operatingExpenses": "208800000", "investmentIncomeNet": "None", "netInterestIncome": "None", "interestIncome": "None", "interestExpense": "12400000", "nonInterestIncome": "None", "otherNonOperatingIncome": "None", "depreciation": "None", "depreciationAndAmortization": "24200000", "incomeBeforeTax": "114100000", "incomeTaxExpense": "18300000", "interestAndDebtExpense": "None", "netIncomeFromContinuingOperations": "0", "comprehensiveIncomeNetOfTax": "None", "ebit": "126500000", "ebitda": "150700000", "netIncome": "102400000"}, {"fiscalDateEnding": "2010-05-31", "reportedCurrency": "USD", "grossProfit": "326700000", "totalRevenue": "798300000", "costOfRevenue": "471600000", "costofGoodsAndServicesSold": "471600000", "operatingIncome": "97500000", "sellingGeneralAndAdministrative": "229200000", "researchAndDevelopment": "0", "operatingExpenses": "229200000", "investmentIncomeNet": "None", "netInterestIncome": "None", "interestIncome": "None", "interestExpense": "12300000", "nonInterestIncome": "None", "otherNonOperatingIncome": "None", "depreciation": "None", "depreciationAndAmortization": "22800000", "incomeBeforeTax": "85200000", "incomeTaxExpense": "25700000", "interestAndDebtExpense": "None", "netIncomeFromContinuingOperations": "0", "comprehensiveIncomeNetOfTax": "None", "ebit": "97500000", "ebitda": "120300000", "netIncome": "66200000"}, {"fiscalDateEnding": "2010-02-28", "reportedCurrency": "USD", "grossProfit": "310200000", "totalRevenue": "764500000", "costOfRevenue": "454300000", "costofGoodsAndServicesSold": "454300000", "operatingIncome": "100800000", "sellingGeneralAndAdministrative": "209400000", "researchAndDevelopment": "0", "operatingExpenses": "209400000", "investmentIncomeNet": "None", "netInterestIncome": "None", "interestIncome": "None", "interestExpense": "12300000", "nonInterestIncome": "None", "otherNonOperatingIncome": "None", "depreciation": "None", "depreciationAndAmortization": "23100000", "incomeBeforeTax": "89100000", "incomeTaxExpense": "27500000", "interestAndDebtExpense": "None", "netIncomeFromContinuingOperations": "0", "comprehensiveIncomeNetOfTax": "None", "ebit": "101400000", "ebitda": "124500000", "netIncome": "67900000"}, {"fiscalDateEnding": "2009-11-30", "reportedCurrency": "USD", "grossProfit": "421700000", "totalRevenue": "924600000", "costOfRevenue": "502900000", "costofGoodsAndServicesSold": "502900000", "operatingIncome": "177900000", "sellingGeneralAndAdministrative": "238300000", "researchAndDevelopment": "48900000", "operatingExpenses": "243800000", "investmentIncomeNet": "None", "netInterestIncome": "None", "interestIncome": "None", "interestExpense": "12600000", "nonInterestIncome": "None", "otherNonOperatingIncome": "None", "depreciation": "None", "depreciationAndAmortization": "24700000", "incomeBeforeTax": "165900000", "incomeTaxExpense": "55800000", "interestAndDebtExpense": "None", "netIncomeFromContinuingOperations": "0", "comprehensiveIncomeNetOfTax": "None", "ebit": "178500000", "ebitda": "203200000", "netIncome": "116300000"}, {"fiscalDateEnding": "2009-08-31", "reportedCurrency": "USD", "grossProfit": "319000000", "totalRevenue": "791700000", "costOfRevenue": "472700000", "costofGoodsAndServicesSold": "472700000", "operatingIncome": "116600000", "sellingGeneralAndAdministrative": "201500000", "researchAndDevelopment": "0", "operatingExpenses": "202400000", "investmentIncomeNet": "None", "netInterestIncome": "None", "interestIncome": "None", "interestExpense": "12800000", "nonInterestIncome": "None", "otherNonOperatingIncome": "None", "depreciation": "None", "depreciationAndAmortization": "22500000", "incomeBeforeTax": "104100000", "incomeTaxExpense": "32100000", "interestAndDebtExpense": "None", "netIncomeFromContinuingOperations": "0", "comprehensiveIncomeNetOfTax": "None", "ebit": "116900000", "ebitda": "139400000", "netIncome": "75100000"}, {"fiscalDateEnding": "2009-05-31", "reportedCurrency": "USD", "grossProfit": "302200000", "totalRevenue": "757300000", "costOfRevenue": "455100000", "costofGoodsAndServicesSold": "455100000", "operatingIncome": "82500000", "sellingGeneralAndAdministrative": "212900000", "researchAndDevelopment": "0", "operatingExpenses": "219700000", "investmentIncomeNet": "None", "netInterestIncome": "None", "interestIncome": "None", "interestExpense": "13000000", "nonInterestIncome": "None", "otherNonOperatingIncome": "None", "depreciation": "None", "depreciationAndAmortization": "27100000", "incomeBeforeTax": "70700000", "incomeTaxExpense": "23800000", "interestAndDebtExpense": "None", "netIncomeFromContinuingOperations": "0", "comprehensiveIncomeNetOfTax": "None", "ebit": "83700000", "ebitda": "110800000", "netIncome": "50700000"}, {"fiscalDateEnding": "2009-02-28", "reportedCurrency": "USD", "grossProfit": "284200000", "totalRevenue": "718500000", "costOfRevenue": "434300000", "costofGoodsAndServicesSold": "434300000", "operatingIncome": "89800000", "sellingGeneralAndAdministrative": "193900000", "researchAndDevelopment": "0", "operatingExpenses": "194400000", "investmentIncomeNet": "None", "netInterestIncome": "None", "interestIncome": "None", "interestExpense": "14400000", "nonInterestIncome": "None", "otherNonOperatingIncome": "None", "depreciation": "None", "depreciationAndAmortization": "20000000", "incomeBeforeTax": "75900000", "incomeTaxExpense": "21400000", "interestAndDebtExpense": "None", "netIncomeFromContinuingOperations": "0", "comprehensiveIncomeNetOfTax": "None", "ebit": "90300000", "ebitda": "110300000", "netIncome": "57700000"}, {"fiscalDateEnding": "2008-11-30", "reportedCurrency": "USD", "grossProfit": "396100000", "totalRevenue": "906900000", "costOfRevenue": "510800000", "costofGoodsAndServicesSold": "510800000", "operatingIncome": "125700000", "sellingGeneralAndAdministrative": "231000000", "researchAndDevelopment": "51000000", "operatingExpenses": "270400000", "investmentIncomeNet": "None", "netInterestIncome": "None", "interestIncome": "None", "interestExpense": "40257000", "nonInterestIncome": "None", "otherNonOperatingIncome": "None", "depreciation": "None", "depreciationAndAmortization": "21000000", "incomeBeforeTax": "110900000", "incomeTaxExpense": "32100000", "interestAndDebtExpense": "None", "netIncomeFromContinuingOperations": "0", "comprehensiveIncomeNetOfTax": "None", "ebit": "136100000", "ebitda": "157100000", "netIncome": "82400000"}, {"fiscalDateEnding": "2008-08-31", "reportedCurrency": "USD", "grossProfit": "308400000", "totalRevenue": "781600000", "costOfRevenue": "473200000", "costofGoodsAndServicesSold": "473200000", "operatingIncome": "92900000", "sellingGeneralAndAdministrative": "212900000", "researchAndDevelopment": "0", "operatingExpenses": "215500000", "investmentIncomeNet": "None", "netInterestIncome": "None", "interestIncome": "None", "interestExpense": "12800000", "nonInterestIncome": "None", "otherNonOperatingIncome": "None", "depreciation": "None", "depreciationAndAmortization": "20500000", "incomeBeforeTax": "90100000", "incomeTaxExpense": "26800000", "interestAndDebtExpense": "None", "netIncomeFromContinuingOperations": "0", "comprehensiveIncomeNetOfTax": "None", "ebit": "95500000", "ebitda": "116000000", "netIncome": "68600000"}, {"fiscalDateEnding": "2008-05-31", "reportedCurrency": "USD", "grossProfit": "297900000", "totalRevenue": "764100000", "costOfRevenue": "466200000", "costofGoodsAndServicesSold": "466200000", "operatingIncome": "80500000", "sellingGeneralAndAdministrative": "222000000", "researchAndDevelopment": "0", "operatingExpenses": "217400000", "investmentIncomeNet": "None", "netInterestIncome": "None", "interestIncome": "None", "interestExpense": "12700000", "nonInterestIncome": "None", "otherNonOperatingIncome": "None", "depreciation": "None", "depreciationAndAmortization": "21700000", "incomeBeforeTax": "70800000", "incomeTaxExpense": "21800000", "interestAndDebtExpense": "None", "netIncomeFromContinuingOperations": "0", "comprehensiveIncomeNetOfTax": "None", "ebit": "75900000", "ebitda": "97600000", "netIncome": "53300000"}, {"fiscalDateEnding": "2008-02-29", "reportedCurrency": "USD", "grossProfit": "285800000", "totalRevenue": "724000000", "costOfRevenue": "438200000", "costofGoodsAndServicesSold": "438200000", "operatingIncome": "77400000", "sellingGeneralAndAdministrative": "204725000", "researchAndDevelopment": "0", "operatingExpenses": "208400000", "investmentIncomeNet": "None", "netInterestIncome": "None", "interestIncome": "None", "interestExpense": "14757000", "nonInterestIncome": "None", "otherNonOperatingIncome": "None", "depreciation": "None", "depreciationAndAmortization": "22400000", "incomeBeforeTax": "65900000", "incomeTaxExpense": "19800000", "interestAndDebtExpense": "None", "netIncomeFromContinuingOperations": "0", "comprehensiveIncomeNetOfTax": "None", "ebit": "81000000", "ebitda": "103400000", "netIncome": "51400000"}, {"fiscalDateEnding": "2007-11-30", "reportedCurrency": "USD", "grossProfit": "371319000", "totalRevenue": "860119000", "costOfRevenue": "488800000", "costofGoodsAndServicesSold": "488800000", "operatingIncome": "132054000", "sellingGeneralAndAdministrative": "225213000", "researchAndDevelopment": "49300000", "operatingExpenses": "239265000", "investmentIncomeNet": "None", "netInterestIncome": "None", "interestIncome": "None", "interestExpense": "44890000", "nonInterestIncome": "None", "otherNonOperatingIncome": "None", "depreciation": "None", "depreciationAndAmortization": "21211000", "incomeBeforeTax": "118662000", "incomeTaxExpense": "36256000", "interestAndDebtExpense": "None", "netIncomeFromContinuingOperations": "0", "comprehensiveIncomeNetOfTax": "None", "ebit": "146106000", "ebitda": "167317000", "netIncome": "87598000"}, {"fiscalDateEnding": "2007-08-31", "reportedCurrency": "USD", "grossProfit": "284329000", "totalRevenue": "716227000", "costOfRevenue": "431898000", "costofGoodsAndServicesSold": "431898000", "operatingIncome": "88888000", "sellingGeneralAndAdministrative": "192596000", "researchAndDevelopment": "0", "operatingExpenses": "195441000", "investmentIncomeNet": "None", "netInterestIncome": "None", "interestIncome": "None", "interestExpense": "15805000", "nonInterestIncome": "None", "otherNonOperatingIncome": "None", "depreciation": "None", "depreciationAndAmortization": "21472000", "incomeBeforeTax": "75494000", "incomeTaxExpense": "23200000", "interestAndDebtExpense": "None", "netIncomeFromContinuingOperations": "0", "comprehensiveIncomeNetOfTax": "None", "ebit": "91733000", "ebitda": "113205000", "netIncome": "56848000"}, {"fiscalDateEnding": "2007-05-31", "reportedCurrency": "USD", "grossProfit": "271800000", "totalRevenue": "687214000", "costOfRevenue": "415414000", "costofGoodsAndServicesSold": "415414000", "operatingIncome": "66908000", "sellingGeneralAndAdministrative": "198452000", "researchAndDevelopment": "0", "operatingExpenses": "204892000", "investmentIncomeNet": "None", "netInterestIncome": "None", "interestIncome": "None", "interestExpense": "15232000", "nonInterestIncome": "None", "otherNonOperatingIncome": "None", "depreciation": "None", "depreciationAndAmortization": "20035000", "incomeBeforeTax": "53903000", "incomeTaxExpense": "16755000", "interestAndDebtExpense": "None", "netIncomeFromContinuingOperations": "0", "comprehensiveIncomeNetOfTax": "None", "ebit": "73348000", "ebitda": "93383000", "netIncome": "41425000"}, {"fiscalDateEnding": "2007-02-28", "reportedCurrency": "USD", "grossProfit": "264352000", "totalRevenue": "652639000", "costOfRevenue": "388287000", "costofGoodsAndServicesSold": "388287000", "operatingIncome": "66351000", "sellingGeneralAndAdministrative": "190637000", "researchAndDevelopment": "0", "operatingExpenses": "198001000", "investmentIncomeNet": "None", "netInterestIncome": "None", "interestIncome": "None", "interestExpense": "13853000", "nonInterestIncome": "None", "otherNonOperatingIncome": "None", "depreciation": "None", "depreciationAndAmortization": "19882000", "incomeBeforeTax": "54341000", "incomeTaxExpense": "15989000", "interestAndDebtExpense": "None", "netIncomeFromContinuingOperations": "0", "comprehensiveIncomeNetOfTax": "None", "ebit": "73715000", "ebitda": "93597000", "netIncome": "44228000"}, {"fiscalDateEnding": "2006-11-30", "reportedCurrency": "USD", "grossProfit": "355673000", "totalRevenue": "803698000", "costOfRevenue": "448025000", "costofGoodsAndServicesSold": "448025000", "operatingIncome": "126443000", "sellingGeneralAndAdministrative": "216048000", "researchAndDevelopment": "43600000", "operatingExpenses": "229230000", "investmentIncomeNet": "None", "netInterestIncome": "None", "interestIncome": "None", "interestExpense": "14466000", "nonInterestIncome": "None", "otherNonOperatingIncome": "None", "depreciation": "None", "depreciationAndAmortization": "25518000", "incomeBeforeTax": "114077000", "incomeTaxExpense": "33961000", "interestAndDebtExpense": "None", "netIncomeFromContinuingOperations": "0", "comprehensiveIncomeNetOfTax": "None", "ebit": "139625000", "ebitda": "165143000", "netIncome": "83100000"}, {"fiscalDateEnding": "2006-08-31", "reportedCurrency": "USD", "grossProfit": "269277000", "totalRevenue": "663095000", "costOfRevenue": "393818000", "costofGoodsAndServicesSold": "393818000", "operatingIncome": "64166000", "sellingGeneralAndAdministrative": "187576000", "researchAndDevelopment": "0", "operatingExpenses": "205111000", "investmentIncomeNet": "None", "netInterestIncome": "None", "interestIncome": "None", "interestExpense": "14048000", "nonInterestIncome": "None", "otherNonOperatingIncome": "None", "depreciation": "None", "depreciationAndAmortization": "21824000", "incomeBeforeTax": "52196000", "incomeTaxExpense": "13647000", "interestAndDebtExpense": "None", "netIncomeFromContinuingOperations": "0", "comprehensiveIncomeNetOfTax": "None", "ebit": "81701000", "ebitda": "103525000", "netIncome": "43068000"}, {"fiscalDateEnding": "2006-05-31", "reportedCurrency": "USD", "grossProfit": "250564000", "totalRevenue": "639906000", "costOfRevenue": "389342000", "costofGoodsAndServicesSold": "389342000", "operatingIncome": "54698000", "sellingGeneralAndAdministrative": "187347000", "researchAndDevelopment": "0", "operatingExpenses": "195866000", "investmentIncomeNet": "None", "netInterestIncome": "None", "interestIncome": "None", "interestExpense": "12324000", "nonInterestIncome": "None", "otherNonOperatingIncome": "None", "depreciation": "None", "depreciationAndAmortization": "21373000", "incomeBeforeTax": "44149000", "incomeTaxExpense": "13068000", "interestAndDebtExpense": "None", "netIncomeFromContinuingOperations": "0", "comprehensiveIncomeNetOfTax": "None", "ebit": "54698000", "ebitda": "76071000", "netIncome": "61644000"}, {"fiscalDateEnding": "2006-02-28", "reportedCurrency": "USD", "grossProfit": "239085000", "totalRevenue": "609701000", "costOfRevenue": "370616000", "costofGoodsAndServicesSold": "370616000", "operatingIncome": "24293000", "sellingGeneralAndAdministrative": "181628000", "researchAndDevelopment": "0", "operatingExpenses": "214792000", "investmentIncomeNet": "None", "netInterestIncome": "None", "interestIncome": "None", "interestExpense": "12863000", "nonInterestIncome": "None", "otherNonOperatingIncome": "None", "depreciation": "None", "depreciationAndAmortization": "18085000", "incomeBeforeTax": "12577000", "incomeTaxExpense": "4025000", "interestAndDebtExpense": "None", "netIncomeFromContinuingOperations": "0", "comprehensiveIncomeNetOfTax": "None", "ebit": "24293000", "ebitda": "42378000", "netIncome": "14388000"}, {"fiscalDateEnding": "2005-11-30", "reportedCurrency": "USD", "grossProfit": "323749000", "totalRevenue": "737074000", "costOfRevenue": "413325000", "costofGoodsAndServicesSold": "413325000", "operatingIncome": "135490000", "sellingGeneralAndAdministrative": "177689000", "researchAndDevelopment": "42100000", "operatingExpenses": "188259000", "investmentIncomeNet": "None", "netInterestIncome": "None", "interestIncome": "None", "interestExpense": "12638000", "nonInterestIncome": "None", "otherNonOperatingIncome": "None", "depreciation": "None", "depreciationAndAmortization": "20380000", "incomeBeforeTax": "122808000", "incomeTaxExpense": "40164000", "interestAndDebtExpense": "None", "netIncomeFromContinuingOperations": "0", "comprehensiveIncomeNetOfTax": "None", "ebit": "135490000", "ebitda": "155870000", "netIncome": "88101000"}, {"fiscalDateEnding": "2005-08-31", "reportedCurrency": "USD", "grossProfit": "243337000", "totalRevenue": "622731000", "costOfRevenue": "379394000", "costofGoodsAndServicesSold": "379394000", "operatingIncome": "78900000", "sellingGeneralAndAdministrative": "164437000", "researchAndDevelopment": "0", "operatingExpenses": "164437000", "investmentIncomeNet": "None", "netInterestIncome": "None", "interestIncome": "None", "interestExpense": "12536000", "nonInterestIncome": "None", "otherNonOperatingIncome": "None", "depreciation": "None", "depreciationAndAmortization": "18727000", "incomeBeforeTax": "66851000", "incomeTaxExpense": "22603000", "interestAndDebtExpense": "None", "netIncomeFromContinuingOperations": "0", "comprehensiveIncomeNetOfTax": "None", "ebit": "78900000", "ebitda": "97627000", "netIncome": "47970000"}, {"fiscalDateEnding": "2005-05-31", "reportedCurrency": "USD", "grossProfit": "241346000", "totalRevenue": "628571000", "costOfRevenue": "387225000", "costofGoodsAndServicesSold": "387225000", "operatingIncome": "71152000", "sellingGeneralAndAdministrative": "170864000", "researchAndDevelopment": "0", "operatingExpenses": "170194000", "investmentIncomeNet": "None", "netInterestIncome": "None", "interestIncome": "None", "interestExpense": "11942000", "nonInterestIncome": "None", "otherNonOperatingIncome": "None", "depreciation": "None", "depreciationAndAmortization": "17852000", "incomeBeforeTax": "59113000", "incomeTaxExpense": "18916000", "interestAndDebtExpense": "None", "netIncomeFromContinuingOperations": "0", "comprehensiveIncomeNetOfTax": "None", "ebit": "71152000", "ebitda": "89004000", "netIncome": "42794000"}, {"fiscalDateEnding": "2005-02-28", "reportedCurrency": "USD", "grossProfit": "228168000", "totalRevenue": "603623000", "costOfRevenue": "375455000", "costofGoodsAndServicesSold": "375455000", "operatingIncome": "57958000", "sellingGeneralAndAdministrative": "168910000", "researchAndDevelopment": "0", "operatingExpenses": "170210000", "investmentIncomeNet": "None", "netInterestIncome": "None", "interestIncome": "None", "interestExpense": "11084000", "nonInterestIncome": "None", "otherNonOperatingIncome": "None", "depreciation": "None", "depreciationAndAmortization": "17641000", "incomeBeforeTax": "46928000", "incomeTaxExpense": "15017000", "interestAndDebtExpense": "None", "netIncomeFromContinuingOperations": "0", "comprehensiveIncomeNetOfTax": "None", "ebit": "57958000", "ebitda": "75599000", "netIncome": "36035000"}]}