{"symbol": "GIS", "annualReports": [{"fiscalDateEnding": "2024-05-31", "reportedCurrency": "USD", "grossProfit": "6932100000", "totalRevenue": "19857200000", "costOfRevenue": "12925100000", "costofGoodsAndServicesSold": "12925100000", "operatingIncome": "3431700000", "sellingGeneralAndAdministrative": "2358400000", "researchAndDevelopment": "257800000", "operatingExpenses": "3500400000", "investmentIncomeNet": "None", "netInterestIncome": "-479200000", "interestIncome": "18800000", "interestExpense": "498000000", "nonInterestIncome": "None", "otherNonOperatingIncome": "None", "depreciation": "None", "depreciationAndAmortization": "552700000", "incomeBeforeTax": "3028300000", "incomeTaxExpense": "594500000", "interestAndDebtExpense": "None", "netIncomeFromContinuingOperations": "2518600000", "comprehensiveIncomeNetOfTax": "None", "ebit": "3526300000", "ebitda": "4079000000", "netIncome": "2496600000"}, {"fiscalDateEnding": "2023-05-31", "reportedCurrency": "USD", "grossProfit": "6545800000", "totalRevenue": "20094200000", "costOfRevenue": "13548400000", "costofGoodsAndServicesSold": "13548400000", "operatingIncome": "3433800000", "sellingGeneralAndAdministrative": "2690400000", "researchAndDevelopment": "257600000", "operatingExpenses": "3112000000", "investmentIncomeNet": "None", "netInterestIncome": "-382100000", "interestIncome": "14000000", "interestExpense": "396100000", "nonInterestIncome": "None", "otherNonOperatingIncome": "81300000", "depreciation": "None", "depreciationAndAmortization": "546600000", "incomeBeforeTax": "3140500000", "incomeTaxExpense": "612200000", "interestAndDebtExpense": "None", "netIncomeFromContinuingOperations": "2528300000", "comprehensiveIncomeNetOfTax": "None", "ebit": "3536600000", "ebitda": "4083200000", "netIncome": "2593900000"}, {"fiscalDateEnding": "2022-05-31", "reportedCurrency": "USD", "grossProfit": "6402200000", "totalRevenue": "18992800000", "costOfRevenue": "12590600000", "costofGoodsAndServicesSold": "12590600000", "operatingIncome": "3475800000", "sellingGeneralAndAdministrative": "2456900000", "researchAndDevelopment": "243100000", "operatingExpenses": "2926400000", "investmentIncomeNet": "None", "netInterestIncome": "-379600000", "interestIncome": "3800000", "interestExpense": "383400000", "nonInterestIncome": "None", "otherNonOperatingIncome": "None", "depreciation": "None", "depreciationAndAmortization": "570300000", "incomeBeforeTax": "3209600000", "incomeTaxExpense": "586300000", "interestAndDebtExpense": "None", "netIncomeFromContinuingOperations": "2735000000", "comprehensiveIncomeNetOfTax": "None", "ebit": "3593000000", "ebitda": "4163300000", "netIncome": "2707300000"}, {"fiscalDateEnding": "2021-05-31", "reportedCurrency": "USD", "grossProfit": "6448300000", "totalRevenue": "18127000000", "costOfRevenue": "11678700000", "costofGoodsAndServicesSold": "11678700000", "operatingIncome": "3144800000", "sellingGeneralAndAdministrative": "2343300000", "researchAndDevelopment": "239300000", "operatingExpenses": "3303500000", "investmentIncomeNet": "None", "netInterestIncome": "-420300000", "interestIncome": "7400000", "interestExpense": "427700000", "nonInterestIncome": "None", "otherNonOperatingIncome": "117700000", "depreciation": "None", "depreciationAndAmortization": "601300000", "incomeBeforeTax": "2857400000", "incomeTaxExpense": "629100000", "interestAndDebtExpense": "None", "netIncomeFromContinuingOperations": "2346000000", "comprehensiveIncomeNetOfTax": "None", "ebit": "3285100000", "ebitda": "3886400000", "netIncome": "2339800000"}, {"fiscalDateEnding": "2020-05-31", "reportedCurrency": "USD", "grossProfit": "6129900000", "totalRevenue": "17626600000", "costOfRevenue": "11496700000", "costofGoodsAndServicesSold": "11496700000", "operatingIncome": "2953900000", "sellingGeneralAndAdministrative": "2459800000", "researchAndDevelopment": "224400000", "operatingExpenses": "3151600000", "investmentIncomeNet": "None", "netInterestIncome": "-466500000", "interestIncome": "6000000", "interestExpense": "472500000", "nonInterestIncome": "None", "otherNonOperatingIncome": "91100000", "depreciation": "None", "depreciationAndAmortization": "643500000", "incomeBeforeTax": "2600200000", "incomeTaxExpense": "480500000", "interestAndDebtExpense": "None", "netIncomeFromContinuingOperations": "2119700000", "comprehensiveIncomeNetOfTax": "None", "ebit": "2953900000", "ebitda": "3597400000", "netIncome": "2181200000"}, {"fiscalDateEnding": "2019-05-31", "reportedCurrency": "USD", "grossProfit": "5756800000", "totalRevenue": "16865200000", "costOfRevenue": "11108400000", "costofGoodsAndServicesSold": "11108400000", "operatingIncome": "2515900000", "sellingGeneralAndAdministrative": "2334200000", "researchAndDevelopment": "221900000", "operatingExpenses": "2935800000", "investmentIncomeNet": "None", "netInterestIncome": "-521800000", "interestIncome": "5600000", "interestExpense": "527400000", "nonInterestIncome": "None", "otherNonOperatingIncome": "72000000", "depreciation": "None", "depreciationAndAmortization": "620100000", "incomeBeforeTax": "2082000000", "incomeTaxExpense": "367800000", "interestAndDebtExpense": "None", "netIncomeFromContinuingOperations": "1714200000", "comprehensiveIncomeNetOfTax": "None", "ebit": "3126100000", "ebitda": "3746200000", "netIncome": "1752700000"}, {"fiscalDateEnding": "2018-05-31", "reportedCurrency": "USD", "grossProfit": "5427500000", "totalRevenue": "15740400000", "costOfRevenue": "10312900000", "costofGoodsAndServicesSold": "10312900000", "operatingIncome": "2509300000", "sellingGeneralAndAdministrative": "2176700000", "researchAndDevelopment": "219100000", "operatingExpenses": "2752600000", "investmentIncomeNet": "None", "netInterestIncome": "-373700000", "interestIncome": "11700000", "interestExpense": "385400000", "nonInterestIncome": "None", "otherNonOperatingIncome": "84700000", "depreciation": "None", "depreciationAndAmortization": "618800000", "incomeBeforeTax": "2135600000", "incomeTaxExpense": "57300000", "interestAndDebtExpense": "None", "netIncomeFromContinuingOperations": "2078300000", "comprehensiveIncomeNetOfTax": "None", "ebit": "2840500000", "ebitda": "3459300000", "netIncome": "2131000000"}, {"fiscalDateEnding": "2017-05-31", "reportedCurrency": "USD", "grossProfit": "5563800000", "totalRevenue": "15619800000", "costOfRevenue": "10056000000", "costofGoodsAndServicesSold": "10056000000", "operatingIncome": "2566400000", "sellingGeneralAndAdministrative": "2888800000", "researchAndDevelopment": "218200000", "operatingExpenses": "2801300000", "investmentIncomeNet": "None", "netInterestIncome": "-295100000", "interestIncome": "7000000", "interestExpense": "302100000", "nonInterestIncome": "None", "otherNonOperatingIncome": "85000000", "depreciation": "None", "depreciationAndAmortization": "603600000", "incomeBeforeTax": "2271300000", "incomeTaxExpense": "655200000", "interestAndDebtExpense": "None", "netIncomeFromContinuingOperations": "1616100000", "comprehensiveIncomeNetOfTax": "None", "ebit": "2958600000", "ebitda": "3562200000", "netIncome": "1657500000"}, {"fiscalDateEnding": "2016-05-31", "reportedCurrency": "USD", "grossProfit": "5829500000", "totalRevenue": "16563100000", "costOfRevenue": "10733600000", "costofGoodsAndServicesSold": "10733600000", "operatingIncome": "2707400000", "sellingGeneralAndAdministrative": "3114800000", "researchAndDevelopment": "222100000", "operatingExpenses": "3118900000", "investmentIncomeNet": "None", "netInterestIncome": "-303800000", "interestIncome": "8100000", "interestExpense": "311900000", "nonInterestIncome": "None", "otherNonOperatingIncome": "88400000", "depreciation": "None", "depreciationAndAmortization": "608100000", "incomeBeforeTax": "2403600000", "incomeTaxExpense": "755200000", "interestAndDebtExpense": "None", "netIncomeFromContinuingOperations": "1648400000", "comprehensiveIncomeNetOfTax": "None", "ebit": "2713800000", "ebitda": "3321900000", "netIncome": "1697400000"}, {"fiscalDateEnding": "2015-05-31", "reportedCurrency": "USD", "grossProfit": "5949200000", "totalRevenue": "17630300000", "costOfRevenue": "11681100000", "costofGoodsAndServicesSold": "11681100000", "operatingIncome": "2077300000", "sellingGeneralAndAdministrative": "3328000000", "researchAndDevelopment": "229400000", "operatingExpenses": "3328000000", "investmentIncomeNet": "None", "netInterestIncome": "None", "interestIncome": "None", "interestExpense": "328600000", "nonInterestIncome": "None", "otherNonOperatingIncome": "84300000", "depreciation": "None", "depreciationAndAmortization": "588300000", "incomeBeforeTax": "1761900000", "incomeTaxExpense": "586800000", "interestAndDebtExpense": "None", "netIncomeFromContinuingOperations": "1175100000", "comprehensiveIncomeNetOfTax": "None", "ebit": "3165100000", "ebitda": "3753400000", "netIncome": "1221300000"}, {"fiscalDateEnding": "2014-05-31", "reportedCurrency": "USD", "grossProfit": "6369800000", "totalRevenue": "17909600000", "costOfRevenue": "11539800000", "costofGoodsAndServicesSold": "11539800000", "operatingIncome": "2957400000", "sellingGeneralAndAdministrative": "3464000000", "researchAndDevelopment": "243600000", "operatingExpenses": "3474300000", "investmentIncomeNet": "None", "netInterestIncome": "None", "interestIncome": "None", "interestExpense": "318500000", "nonInterestIncome": "None", "otherNonOperatingIncome": "89600000", "depreciation": "None", "depreciationAndAmortization": "585400000", "incomeBeforeTax": "2655000000", "incomeTaxExpense": "883300000", "interestAndDebtExpense": "None", "netIncomeFromContinuingOperations": "1771700000", "comprehensiveIncomeNetOfTax": "None", "ebit": "2833600000", "ebitda": "3419000000", "netIncome": "1824400000"}, {"fiscalDateEnding": "2013-05-31", "reportedCurrency": "USD", "grossProfit": "6423900000", "totalRevenue": "17774100000", "costOfRevenue": "11350200000", "costofGoodsAndServicesSold": "11350200000", "operatingIncome": "2851800000", "sellingGeneralAndAdministrative": "3576000000", "researchAndDevelopment": "237900000", "operatingExpenses": "3552300000", "investmentIncomeNet": "None", "netInterestIncome": "None", "interestIncome": "None", "interestExpense": "329500000", "nonInterestIncome": "None", "otherNonOperatingIncome": "98800000", "depreciation": "None", "depreciationAndAmortization": "588000000", "incomeBeforeTax": "2534900000", "incomeTaxExpense": "741200000", "interestAndDebtExpense": "None", "netIncomeFromContinuingOperations": "1793700000", "comprehensiveIncomeNetOfTax": "None", "ebit": "2891400000", "ebitda": "3479400000", "netIncome": "1855200000"}, {"fiscalDateEnding": "2012-05-31", "reportedCurrency": "USD", "grossProfit": "6044700000", "totalRevenue": "16657900000", "costOfRevenue": "10613200000", "costofGoodsAndServicesSold": "10613200000", "operatingIncome": "2562400000", "sellingGeneralAndAdministrative": "3381000000", "researchAndDevelopment": "245400000", "operatingExpenses": "3380700000", "investmentIncomeNet": "None", "netInterestIncome": "None", "interestIncome": "None", "interestExpense": "361800000", "nonInterestIncome": "None", "otherNonOperatingIncome": "88200000", "depreciation": "None", "depreciationAndAmortization": "541500000", "incomeBeforeTax": "2210500000", "incomeTaxExpense": "709600000", "interestAndDebtExpense": "None", "netIncomeFromContinuingOperations": "1500900000", "comprehensiveIncomeNetOfTax": "None", "ebit": "2673900000", "ebitda": "3215400000", "netIncome": "1567300000"}, {"fiscalDateEnding": "2011-05-31", "reportedCurrency": "USD", "grossProfit": "5953500000", "totalRevenue": "14880200000", "costOfRevenue": "8926700000", "costofGoodsAndServicesSold": "8926700000", "operatingIncome": "2774500000", "sellingGeneralAndAdministrative": "3192000000", "researchAndDevelopment": "235000000", "operatingExpenses": "3174600000", "investmentIncomeNet": "None", "netInterestIncome": "None", "interestIncome": "None", "interestExpense": "353700000", "nonInterestIncome": "None", "otherNonOperatingIncome": "96400000", "depreciation": "None", "depreciationAndAmortization": "472600000", "incomeBeforeTax": "2428200000", "incomeTaxExpense": "-721100000", "interestAndDebtExpense": "None", "netIncomeFromContinuingOperations": "1707100000", "comprehensiveIncomeNetOfTax": "None", "ebit": "2783300000", "ebitda": "3255900000", "netIncome": "1798300000"}, {"fiscalDateEnding": "2010-05-31", "reportedCurrency": "USD", "grossProfit": "5873600000", "totalRevenue": "14796500000", "costOfRevenue": "8922900000", "costofGoodsAndServicesSold": "8922900000", "operatingIncome": "2606100000", "sellingGeneralAndAdministrative": "3249000000", "researchAndDevelopment": "218300000", "operatingExpenses": "3236100000", "investmentIncomeNet": "None", "netInterestIncome": "None", "interestIncome": "None", "interestExpense": "408400000", "nonInterestIncome": "None", "otherNonOperatingIncome": "101700000", "depreciation": "None", "depreciationAndAmortization": "457100000", "incomeBeforeTax": "2204500000", "incomeTaxExpense": "771200000", "interestAndDebtExpense": "None", "netIncomeFromContinuingOperations": "1433300000", "comprehensiveIncomeNetOfTax": "None", "ebit": "2668900000", "ebitda": "3126000000", "netIncome": "1530500000"}, {"fiscalDateEnding": "2009-05-31", "reportedCurrency": "USD", "grossProfit": "5233500000", "totalRevenue": "14691300000", "costOfRevenue": "9457800000", "costofGoodsAndServicesSold": "9457800000", "operatingIncome": "2322900000", "sellingGeneralAndAdministrative": "2953900000", "researchAndDevelopment": "208200000", "operatingExpenses": "2869000000", "investmentIncomeNet": "None", "netInterestIncome": "None", "interestIncome": "None", "interestExpense": "390000000", "nonInterestIncome": "None", "otherNonOperatingIncome": "None", "depreciation": "None", "depreciationAndAmortization": "453600000", "incomeBeforeTax": "1932900000", "incomeTaxExpense": "720400000", "interestAndDebtExpense": "None", "netIncomeFromContinuingOperations": "None", "comprehensiveIncomeNetOfTax": "None", "ebit": "2364500000", "ebitda": "2818100000", "netIncome": "1304400000"}, {"fiscalDateEnding": "2008-05-31", "reportedCurrency": "USD", "grossProfit": "4873800000", "totalRevenue": "13652100000", "costOfRevenue": "8778300000", "costofGoodsAndServicesSold": "8778300000", "operatingIncome": "2227800000", "sellingGeneralAndAdministrative": "2625000000", "researchAndDevelopment": "204700000", "operatingExpenses": "2625000000", "investmentIncomeNet": "None", "netInterestIncome": "None", "interestIncome": "None", "interestExpense": "449000000", "nonInterestIncome": "None", "otherNonOperatingIncome": "None", "depreciation": "None", "depreciationAndAmortization": "459200000", "incomeBeforeTax": "1806100000", "incomeTaxExpense": "622200000", "interestAndDebtExpense": "None", "netIncomeFromContinuingOperations": "None", "comprehensiveIncomeNetOfTax": "None", "ebit": "2276100000", "ebitda": "2735300000", "netIncome": "1294700000"}, {"fiscalDateEnding": "2007-05-31", "reportedCurrency": "USD", "grossProfit": "4487000000", "totalRevenue": "12442000000", "costOfRevenue": "7955000000", "costofGoodsAndServicesSold": "7955000000", "operatingIncome": "2058000000", "sellingGeneralAndAdministrative": "2390000000", "researchAndDevelopment": "191000000", "operatingExpenses": "2390000000", "investmentIncomeNet": "None", "netInterestIncome": "None", "interestIncome": "None", "interestExpense": "458000000", "nonInterestIncome": "None", "otherNonOperatingIncome": "None", "depreciation": "None", "depreciationAndAmortization": "418000000", "incomeBeforeTax": "1631000000", "incomeTaxExpense": "560000000", "interestAndDebtExpense": "None", "netIncomeFromContinuingOperations": "None", "comprehensiveIncomeNetOfTax": "None", "ebit": "2128000000", "ebitda": "2546000000", "netIncome": "1144000000"}, {"fiscalDateEnding": "2006-05-31", "reportedCurrency": "USD", "grossProfit": "4674000000", "totalRevenue": "11640000000", "costOfRevenue": "6966000000", "costofGoodsAndServicesSold": "6966000000", "operatingIncome": "1966000000", "sellingGeneralAndAdministrative": "2678000000", "researchAndDevelopment": "173000000", "operatingExpenses": "2678000000", "investmentIncomeNet": "None", "netInterestIncome": "None", "interestIncome": "None", "interestExpense": "0", "nonInterestIncome": "None", "otherNonOperatingIncome": "None", "depreciation": "None", "depreciationAndAmortization": "424000000", "incomeBeforeTax": "1567000000", "incomeTaxExpense": "541000000", "interestAndDebtExpense": "None", "netIncomeFromContinuingOperations": "None", "comprehensiveIncomeNetOfTax": "None", "ebit": "2026000000", "ebitda": "2450000000", "netIncome": "1090000000"}, {"fiscalDateEnding": "2005-05-31", "reportedCurrency": "USD", "grossProfit": "4410000000", "totalRevenue": "11244000000", "costOfRevenue": "6834000000", "costofGoodsAndServicesSold": "6834000000", "operatingIncome": "1908000000", "sellingGeneralAndAdministrative": "2418000000", "researchAndDevelopment": "168000000", "operatingExpenses": "2418000000", "investmentIncomeNet": "None", "netInterestIncome": "None", "interestIncome": "None", "interestExpense": "0", "nonInterestIncome": "None", "otherNonOperatingIncome": "None", "depreciation": "None", "depreciationAndAmortization": "443000000", "incomeBeforeTax": "1815000000", "incomeTaxExpense": "664000000", "interestAndDebtExpense": "None", "netIncomeFromContinuingOperations": "None", "comprehensiveIncomeNetOfTax": "None", "ebit": "1711000000", "ebitda": "2154000000", "netIncome": "1240000000"}], "quarterlyReports": [{"fiscalDateEnding": "2025-02-28", "reportedCurrency": "USD", "grossProfit": "1639100000", "totalRevenue": "4842200000", "costOfRevenue": "3203100000", "costofGoodsAndServicesSold": "3203100000", "operatingIncome": "891400000", "sellingGeneralAndAdministrative": "844400000", "researchAndDevelopment": "None", "operatingExpenses": "747700000", "investmentIncomeNet": "None", "netInterestIncome": "-136300000", "interestIncome": "None", "interestExpense": "None", "nonInterestIncome": "None", "otherNonOperatingIncome": "None", "depreciation": "None", "depreciationAndAmortization": "134300000", "incomeBeforeTax": "769000000", "incomeTaxExpense": "152400000", "interestAndDebtExpense": "None", "netIncomeFromContinuingOperations": "631000000", "comprehensiveIncomeNetOfTax": "None", "ebit": "794700000", "ebitda": "929000000", "netIncome": "625600000"}, {"fiscalDateEnding": "2024-11-30", "reportedCurrency": "USD", "grossProfit": "1931100000", "totalRevenue": "5240100000", "costOfRevenue": "3309000000", "costofGoodsAndServicesSold": "3309000000", "operatingIncome": "1077900000", "sellingGeneralAndAdministrative": "852000000", "researchAndDevelopment": "None", "operatingExpenses": "853200000", "investmentIncomeNet": "None", "netInterestIncome": "-124600000", "interestIncome": "None", "interestExpense": "None", "nonInterestIncome": "None", "otherNonOperatingIncome": "None", "depreciation": "None", "depreciationAndAmortization": "129500000", "incomeBeforeTax": "967100000", "incomeTaxExpense": "194800000", "interestAndDebtExpense": "None", "netIncomeFromContinuingOperations": "802300000", "comprehensiveIncomeNetOfTax": "None", "ebit": "1079100000", "ebitda": "1208600000", "netIncome": "795700000"}, {"fiscalDateEnding": "2024-08-31", "reportedCurrency": "USD", "grossProfit": "1688800000", "totalRevenue": "4848100000", "costOfRevenue": "3159300000", "costofGoodsAndServicesSold": "3159300000", "operatingIncome": "831500000", "sellingGeneralAndAdministrative": "855100000", "researchAndDevelopment": "None", "operatingExpenses": "857300000", "investmentIncomeNet": "None", "netInterestIncome": "-123600000", "interestIncome": "None", "interestExpense": "None", "nonInterestIncome": "None", "otherNonOperatingIncome": "None", "depreciation": "None", "depreciationAndAmortization": "139600000", "incomeBeforeTax": "721800000", "incomeTaxExpense": "157400000", "interestAndDebtExpense": "None", "netIncomeFromContinuingOperations": "583600000", "comprehensiveIncomeNetOfTax": "None", "ebit": "833700000", "ebitda": "973300000", "netIncome": "579900000"}, {"fiscalDateEnding": "2024-05-31", "reportedCurrency": "USD", "grossProfit": "1688300000", "totalRevenue": "4713900000", "costOfRevenue": "3025600000", "costofGoodsAndServicesSold": "3025600000", "operatingIncome": "779200000", "sellingGeneralAndAdministrative": "26300000", "researchAndDevelopment": "257800000", "operatingExpenses": "909100000", "investmentIncomeNet": "None", "netInterestIncome": "-122700000", "interestIncome": "None", "interestExpense": "None", "nonInterestIncome": "None", "otherNonOperatingIncome": "None", "depreciation": "None", "depreciationAndAmortization": "140500000", "incomeBeforeTax": "676600000", "incomeTaxExpense": "136000000", "interestAndDebtExpense": "None", "netIncomeFromContinuingOperations": "559700000", "comprehensiveIncomeNetOfTax": "None", "ebit": "743200000", "ebitda": "883700000", "netIncome": "557500000"}, {"fiscalDateEnding": "2024-02-29", "reportedCurrency": "USD", "grossProfit": "1681800000", "totalRevenue": "5099200000", "costOfRevenue": "3417400000", "costofGoodsAndServicesSold": "3417400000", "operatingIncome": "890900000", "sellingGeneralAndAdministrative": "790900000", "researchAndDevelopment": "None", "operatingExpenses": "790900000", "investmentIncomeNet": "None", "netInterestIncome": "-121700000", "interestIncome": "None", "interestExpense": "122000000", "nonInterestIncome": "None", "otherNonOperatingIncome": "None", "depreciation": "None", "depreciationAndAmortization": "146400000", "incomeBeforeTax": "807600000", "incomeTaxExpense": "149300000", "interestAndDebtExpense": "None", "netIncomeFromContinuingOperations": "676300000", "comprehensiveIncomeNetOfTax": "None", "ebit": "929600000", "ebitda": "1076000000", "netIncome": "670100000"}, {"fiscalDateEnding": "2023-11-30", "reportedCurrency": "USD", "grossProfit": "1765900000", "totalRevenue": "5139400000", "costOfRevenue": "3373500000", "costofGoodsAndServicesSold": "3373500000", "operatingIncome": "811800000", "sellingGeneralAndAdministrative": "830500000", "researchAndDevelopment": "None", "operatingExpenses": "830500000", "investmentIncomeNet": "None", "netInterestIncome": "-117800000", "interestIncome": "None", "interestExpense": "121200000", "nonInterestIncome": "None", "otherNonOperatingIncome": "None", "depreciation": "None", "depreciationAndAmortization": "128600000", "incomeBeforeTax": "714100000", "incomeTaxExpense": "136000000", "interestAndDebtExpense": "None", "netIncomeFromContinuingOperations": "602300000", "comprehensiveIncomeNetOfTax": "None", "ebit": "835300000", "ebitda": "963900000", "netIncome": "595500000"}, {"fiscalDateEnding": "2023-08-31", "reportedCurrency": "USD", "grossProfit": "1770500000", "totalRevenue": "4904700000", "costOfRevenue": "3134200000", "costofGoodsAndServicesSold": "3134200000", "operatingIncome": "930000000", "sellingGeneralAndAdministrative": "839300000", "researchAndDevelopment": "None", "operatingExpenses": "839300000", "investmentIncomeNet": "None", "netInterestIncome": "-117000000", "interestIncome": "117000000", "interestExpense": "118300000", "nonInterestIncome": "None", "otherNonOperatingIncome": "None", "depreciation": "None", "depreciationAndAmortization": "137200000", "incomeBeforeTax": "830000000", "incomeTaxExpense": "173200000", "interestAndDebtExpense": "None", "netIncomeFromContinuingOperations": "680300000", "comprehensiveIncomeNetOfTax": "None", "ebit": "932400000", "ebitda": "1069600000", "netIncome": "673500000"}, {"fiscalDateEnding": "2023-05-31", "reportedCurrency": "USD", "grossProfit": "1728200000", "totalRevenue": "5030000000", "costOfRevenue": "3301800000", "costofGoodsAndServicesSold": "3301800000", "operatingIncome": "818200000", "sellingGeneralAndAdministrative": "57900000", "researchAndDevelopment": "257600000", "operatingExpenses": "867900000", "investmentIncomeNet": "None", "netInterestIncome": "-104600000", "interestIncome": "104600000", "interestExpense": "80800000", "nonInterestIncome": "None", "otherNonOperatingIncome": "23400000", "depreciation": "None", "depreciationAndAmortization": "219800000", "incomeBeforeTax": "737400000", "incomeTaxExpense": "140700000", "interestAndDebtExpense": "None", "netIncomeFromContinuingOperations": "596700000", "comprehensiveIncomeNetOfTax": "None", "ebit": "818200000", "ebitda": "1038000000", "netIncome": "614900000"}, {"fiscalDateEnding": "2023-02-28", "reportedCurrency": "USD", "grossProfit": "1664800000", "totalRevenue": "5125900000", "costOfRevenue": "3461100000", "costofGoodsAndServicesSold": "3461100000", "operatingIncome": "568500000", "sellingGeneralAndAdministrative": "946900000", "researchAndDevelopment": "None", "operatingExpenses": "946900000", "investmentIncomeNet": "None", "netInterestIncome": "-98300000", "interestIncome": "98300000", "interestExpense": "137100000", "nonInterestIncome": "None", "otherNonOperatingIncome": "12700000", "depreciation": "None", "depreciationAndAmortization": "137100000", "incomeBeforeTax": "653500000", "incomeTaxExpense": "108300000", "interestAndDebtExpense": "None", "netIncomeFromContinuingOperations": "545200000", "comprehensiveIncomeNetOfTax": "None", "ebit": "568500000", "ebitda": "705600000", "netIncome": "553100000"}, {"fiscalDateEnding": "2022-11-30", "reportedCurrency": "USD", "grossProfit": "1705100000", "totalRevenue": "5220700000", "costOfRevenue": "3515600000", "costofGoodsAndServicesSold": "3515600000", "operatingIncome": "799800000", "sellingGeneralAndAdministrative": "894200000", "researchAndDevelopment": "None", "operatingExpenses": "894200000", "investmentIncomeNet": "None", "netInterestIncome": "-91500000", "interestIncome": "91500000", "interestExpense": "91500000", "nonInterestIncome": "None", "otherNonOperatingIncome": "25400000", "depreciation": "None", "depreciationAndAmortization": "161800000", "incomeBeforeTax": "730000000", "incomeTaxExpense": "147100000", "interestAndDebtExpense": "None", "netIncomeFromContinuingOperations": "582900000", "comprehensiveIncomeNetOfTax": "None", "ebit": "799800000", "ebitda": "961600000", "netIncome": "605900000"}, {"fiscalDateEnding": "2022-08-31", "reportedCurrency": "USD", "grossProfit": "1447700000", "totalRevenue": "4717600000", "costOfRevenue": "3269900000", "costofGoodsAndServicesSold": "3269900000", "operatingIncome": "227000000", "sellingGeneralAndAdministrative": "791400000", "researchAndDevelopment": "None", "operatingExpenses": "791400000", "investmentIncomeNet": "None", "netInterestIncome": "-87700000", "interestIncome": "87700000", "interestExpense": "87700000", "nonInterestIncome": "None", "otherNonOperatingIncome": "19800000", "depreciation": "None", "depreciationAndAmortization": "134300000", "incomeBeforeTax": "1019600000", "incomeTaxExpense": "216100000", "interestAndDebtExpense": "None", "netIncomeFromContinuingOperations": "803500000", "comprehensiveIncomeNetOfTax": "None", "ebit": "227000000", "ebitda": "361300000", "netIncome": "820000000"}, {"fiscalDateEnding": "2022-05-31", "reportedCurrency": "USD", "grossProfit": "1653500000", "totalRevenue": "4891200000", "costOfRevenue": "3237700000", "costofGoodsAndServicesSold": "3237700000", "operatingIncome": "860100000", "sellingGeneralAndAdministrative": "119300000", "researchAndDevelopment": "243100000", "operatingExpenses": "793400000", "investmentIncomeNet": "None", "netInterestIncome": "-104500000", "interestIncome": "104500000", "interestExpense": "104500000", "nonInterestIncome": "None", "otherNonOperatingIncome": "None", "depreciation": "None", "depreciationAndAmortization": "139700000", "incomeBeforeTax": "940600000", "incomeTaxExpense": "134500000", "interestAndDebtExpense": "None", "netIncomeFromContinuingOperations": "825800000", "comprehensiveIncomeNetOfTax": "None", "ebit": "860100000", "ebitda": "999800000", "netIncome": "822800000"}, {"fiscalDateEnding": "2022-02-28", "reportedCurrency": "USD", "grossProfit": "1403700000", "totalRevenue": "4537700000", "costOfRevenue": "3134000000", "costofGoodsAndServicesSold": "3134000000", "operatingIncome": "679400000", "sellingGeneralAndAdministrative": "751400000", "researchAndDevelopment": "None", "operatingExpenses": "751400000", "investmentIncomeNet": "None", "netInterestIncome": "-86500000", "interestIncome": "86500000", "interestExpense": "86500000", "nonInterestIncome": "None", "otherNonOperatingIncome": "29900000", "depreciation": "None", "depreciationAndAmortization": "143700000", "incomeBeforeTax": "755900000", "incomeTaxExpense": "123200000", "interestAndDebtExpense": "None", "netIncomeFromContinuingOperations": "632700000", "comprehensiveIncomeNetOfTax": "None", "ebit": "679400000", "ebitda": "823100000", "netIncome": "660300000"}, {"fiscalDateEnding": "2021-11-30", "reportedCurrency": "USD", "grossProfit": "1631200000", "totalRevenue": "5024000000", "costOfRevenue": "3392800000", "costofGoodsAndServicesSold": "3392800000", "operatingIncome": "800100000", "sellingGeneralAndAdministrative": "828800000", "researchAndDevelopment": "None", "operatingExpenses": "828800000", "investmentIncomeNet": "None", "netInterestIncome": "-92700000", "interestIncome": "92700000", "interestExpense": "92700000", "nonInterestIncome": "None", "otherNonOperatingIncome": "33000000", "depreciation": "None", "depreciationAndAmortization": "141100000", "incomeBeforeTax": "735100000", "incomeTaxExpense": "159700000", "interestAndDebtExpense": "None", "netIncomeFromContinuingOperations": "575400000", "comprehensiveIncomeNetOfTax": "None", "ebit": "663600000", "ebitda": "804700000", "netIncome": "597200000"}, {"fiscalDateEnding": "2021-08-31", "reportedCurrency": "USD", "grossProfit": "1597400000", "totalRevenue": "4539900000", "costOfRevenue": "2942500000", "costofGoodsAndServicesSold": "2942500000", "operatingIncome": "844300000", "sellingGeneralAndAdministrative": "757400000", "researchAndDevelopment": "None", "operatingExpenses": "757400000", "investmentIncomeNet": "None", "netInterestIncome": "-95900000", "interestIncome": "95900000", "interestExpense": "95900000", "nonInterestIncome": "None", "otherNonOperatingIncome": "None", "depreciation": "None", "depreciationAndAmortization": "145800000", "incomeBeforeTax": "778000000", "incomeTaxExpense": "168900000", "interestAndDebtExpense": "None", "netIncomeFromContinuingOperations": "638200000", "comprehensiveIncomeNetOfTax": "None", "ebit": "835700000", "ebitda": "981500000", "netIncome": "627000000"}, {"fiscalDateEnding": "2021-05-31", "reportedCurrency": "USD", "grossProfit": "1582900000", "totalRevenue": "4523600000", "costOfRevenue": "2940700000", "costofGoodsAndServicesSold": "2940700000", "operatingIncome": "862500000", "sellingGeneralAndAdministrative": "86700000", "researchAndDevelopment": "239300000", "operatingExpenses": "823000000", "investmentIncomeNet": "None", "netInterestIncome": "-102600000", "interestIncome": "102600000", "interestExpense": "102600000", "nonInterestIncome": "None", "otherNonOperatingIncome": "28200000", "depreciation": "None", "depreciationAndAmortization": "146800000", "incomeBeforeTax": "478600000", "incomeTaxExpense": "106900000", "interestAndDebtExpense": "None", "netIncomeFromContinuingOperations": "399900000", "comprehensiveIncomeNetOfTax": "None", "ebit": "825100000", "ebitda": "971900000", "netIncome": "416800000"}, {"fiscalDateEnding": "2021-02-28", "reportedCurrency": "USD", "grossProfit": "1553900000", "totalRevenue": "4520000000", "costOfRevenue": "2966100000", "costofGoodsAndServicesSold": "2966100000", "operatingIncome": "826600000", "sellingGeneralAndAdministrative": "716000000", "researchAndDevelopment": "None", "operatingExpenses": "716300000", "investmentIncomeNet": "None", "netInterestIncome": "-106000000", "interestIncome": "106000000", "interestExpense": "106000000", "nonInterestIncome": "None", "otherNonOperatingIncome": "11800000", "depreciation": "None", "depreciationAndAmortization": "159400000", "incomeBeforeTax": "754000000", "incomeTaxExpense": "162000000", "interestAndDebtExpense": "None", "netIncomeFromContinuingOperations": "603800000", "comprehensiveIncomeNetOfTax": "None", "ebit": "848600000", "ebitda": "1008000000", "netIncome": "595700000"}, {"fiscalDateEnding": "2020-11-30", "reportedCurrency": "USD", "grossProfit": "1721100000", "totalRevenue": "4719400000", "costOfRevenue": "2998300000", "costofGoodsAndServicesSold": "2998300000", "operatingIncome": "916600000", "sellingGeneralAndAdministrative": "804000000", "researchAndDevelopment": "None", "operatingExpenses": "804100000", "investmentIncomeNet": "None", "netInterestIncome": "-100600000", "interestIncome": "100600000", "interestExpense": "100600000", "nonInterestIncome": "None", "otherNonOperatingIncome": "36400000", "depreciation": "None", "depreciationAndAmortization": "149000000", "incomeBeforeTax": "848900000", "incomeTaxExpense": "189400000", "interestAndDebtExpense": "None", "netIncomeFromContinuingOperations": "659500000", "comprehensiveIncomeNetOfTax": "None", "ebit": "917400000", "ebitda": "1066400000", "netIncome": "688400000"}, {"fiscalDateEnding": "2020-08-31", "reportedCurrency": "USD", "grossProfit": "1590400000", "totalRevenue": "4364000000", "costOfRevenue": "2773600000", "costofGoodsAndServicesSold": "2773600000", "operatingIncome": "965300000", "sellingGeneralAndAdministrative": "736200000", "researchAndDevelopment": "None", "operatingExpenses": "736200000", "investmentIncomeNet": "None", "netInterestIncome": "-111100000", "interestIncome": "111100000", "interestExpense": "111100000", "nonInterestIncome": "None", "otherNonOperatingIncome": "41300000", "depreciation": "None", "depreciationAndAmortization": "146100000", "incomeBeforeTax": "775900000", "incomeTaxExpense": "170800000", "interestAndDebtExpense": "None", "netIncomeFromContinuingOperations": "646400000", "comprehensiveIncomeNetOfTax": "None", "ebit": "854700000", "ebitda": "1000800000", "netIncome": "638900000"}, {"fiscalDateEnding": "2020-05-31", "reportedCurrency": "USD", "grossProfit": "1768100000", "totalRevenue": "5023000000", "costOfRevenue": "3254900000", "costofGoodsAndServicesSold": "3254900000", "operatingIncome": "829500000", "sellingGeneralAndAdministrative": "235300000", "researchAndDevelopment": "224400000", "operatingExpenses": "927100000", "investmentIncomeNet": "None", "netInterestIncome": "-118600000", "interestIncome": "118600000", "interestExpense": "118600000", "nonInterestIncome": "None", "otherNonOperatingIncome": "33600000", "depreciation": "None", "depreciationAndAmortization": "138300000", "incomeBeforeTax": "733000000", "incomeTaxExpense": "139600000", "interestAndDebtExpense": "None", "netIncomeFromContinuingOperations": "593400000", "comprehensiveIncomeNetOfTax": "None", "ebit": "714200000", "ebitda": "852500000", "netIncome": "625700000"}, {"fiscalDateEnding": "2020-02-29", "reportedCurrency": "USD", "grossProfit": "1403200000", "totalRevenue": "4180300000", "costOfRevenue": "2777100000", "costofGoodsAndServicesSold": "2777100000", "operatingIncome": "650800000", "sellingGeneralAndAdministrative": "746600000", "researchAndDevelopment": "None", "operatingExpenses": "746600000", "investmentIncomeNet": "None", "netInterestIncome": "-109800000", "interestIncome": "109800000", "interestExpense": "109800000", "nonInterestIncome": "None", "otherNonOperatingIncome": "10800000", "depreciation": "None", "depreciationAndAmortization": "148700000", "incomeBeforeTax": "571300000", "incomeTaxExpense": "118200000", "interestAndDebtExpense": "None", "netIncomeFromContinuingOperations": "453100000", "comprehensiveIncomeNetOfTax": "None", "ebit": "662400000", "ebitda": "811100000", "netIncome": "454100000"}, {"fiscalDateEnding": "2019-11-30", "reportedCurrency": "USD", "grossProfit": "1569100000", "totalRevenue": "4420800000", "costOfRevenue": "2851700000", "costofGoodsAndServicesSold": "2851700000", "operatingIncome": "811200000", "sellingGeneralAndAdministrative": "759000000", "researchAndDevelopment": "None", "operatingExpenses": "759000000", "investmentIncomeNet": "None", "netInterestIncome": "-119400000", "interestIncome": "119400000", "interestExpense": "119400000", "nonInterestIncome": "None", "otherNonOperatingIncome": "24900000", "depreciation": "None", "depreciationAndAmortization": "153600000", "incomeBeforeTax": "722000000", "incomeTaxExpense": "155500000", "interestAndDebtExpense": "None", "netIncomeFromContinuingOperations": "566500000", "comprehensiveIncomeNetOfTax": "None", "ebit": "809000000", "ebitda": "962600000", "netIncome": "580800000"}, {"fiscalDateEnding": "2019-08-31", "reportedCurrency": "USD", "grossProfit": "1389500000", "totalRevenue": "4002500000", "costOfRevenue": "2613000000", "costofGoodsAndServicesSold": "2613000000", "operatingIncome": "789300000", "sellingGeneralAndAdministrative": "718900000", "researchAndDevelopment": "None", "operatingExpenses": "718900000", "investmentIncomeNet": "None", "netInterestIncome": "-118700000", "interestIncome": "118700000", "interestExpense": "118700000", "nonInterestIncome": "None", "otherNonOperatingIncome": "21800000", "depreciation": "None", "depreciationAndAmortization": "154100000", "incomeBeforeTax": "573900000", "incomeTaxExpense": "67200000", "interestAndDebtExpense": "None", "netIncomeFromContinuingOperations": "506700000", "comprehensiveIncomeNetOfTax": "None", "ebit": "678800000", "ebitda": "832900000", "netIncome": "520600000"}, {"fiscalDateEnding": "2019-05-31", "reportedCurrency": "USD", "grossProfit": "1461300000", "totalRevenue": "4161700000", "costOfRevenue": "2700400000", "costofGoodsAndServicesSold": "2700400000", "operatingIncome": "716100000", "sellingGeneralAndAdministrative": "141600000", "researchAndDevelopment": "221900000", "operatingExpenses": "743200000", "investmentIncomeNet": "None", "netInterestIncome": "-124800000", "interestIncome": "124800000", "interestExpense": "124800000", "nonInterestIncome": "None", "otherNonOperatingIncome": "20000000", "depreciation": "None", "depreciationAndAmortization": "155500000", "incomeBeforeTax": "615900000", "incomeTaxExpense": "54700000", "interestAndDebtExpense": "None", "netIncomeFromContinuingOperations": "561200000", "comprehensiveIncomeNetOfTax": "None", "ebit": "564600000", "ebitda": "720100000", "netIncome": "570200000"}, {"fiscalDateEnding": "2019-02-28", "reportedCurrency": "USD", "grossProfit": "1443000000", "totalRevenue": "4198300000", "costOfRevenue": "2755300000", "costofGoodsAndServicesSold": "2755300000", "operatingIncome": "651300000", "sellingGeneralAndAdministrative": "690800000", "researchAndDevelopment": "0", "operatingExpenses": "696600000", "investmentIncomeNet": "None", "netInterestIncome": "-130800000", "interestIncome": "None", "interestExpense": "130800000", "nonInterestIncome": "None", "otherNonOperatingIncome": "11800000", "depreciation": "None", "depreciationAndAmortization": "154500000", "incomeBeforeTax": "541900000", "incomeTaxExpense": "95800000", "interestAndDebtExpense": "None", "netIncomeFromContinuingOperations": "446100000", "comprehensiveIncomeNetOfTax": "None", "ebit": "841500000", "ebitda": "996000000", "netIncome": "446800000"}, {"fiscalDateEnding": "2018-11-30", "reportedCurrency": "USD", "grossProfit": "1509700000", "totalRevenue": "4411200000", "costOfRevenue": "2901500000", "costofGoodsAndServicesSold": "2901500000", "operatingIncome": "547000000", "sellingGeneralAndAdministrative": "746500000", "researchAndDevelopment": "0", "operatingExpenses": "753300000", "investmentIncomeNet": "None", "netInterestIncome": "None", "interestIncome": "None", "interestExpense": "132700000", "nonInterestIncome": "None", "otherNonOperatingIncome": "22500000", "depreciation": "None", "depreciationAndAmortization": "154900000", "incomeBeforeTax": "435300000", "incomeTaxExpense": "106600000", "interestAndDebtExpense": "None", "netIncomeFromContinuingOperations": "328700000", "comprehensiveIncomeNetOfTax": "None", "ebit": "965800000", "ebitda": "1120700000", "netIncome": "343400000"}, {"fiscalDateEnding": "2018-08-31", "reportedCurrency": "USD", "grossProfit": "1342800000", "totalRevenue": "4094000000", "costOfRevenue": "2751200000", "costofGoodsAndServicesSold": "2751200000", "operatingIncome": "601500000", "sellingGeneralAndAdministrative": "734000000", "researchAndDevelopment": "0", "operatingExpenses": "742700000", "investmentIncomeNet": "None", "netInterestIncome": "None", "interestIncome": "None", "interestExpense": "133500000", "nonInterestIncome": "None", "otherNonOperatingIncome": "17700000", "depreciation": "None", "depreciationAndAmortization": "155200000", "incomeBeforeTax": "488900000", "incomeTaxExpense": "110700000", "interestAndDebtExpense": "None", "netIncomeFromContinuingOperations": "378200000", "comprehensiveIncomeNetOfTax": "None", "ebit": "598700000", "ebitda": "753900000", "netIncome": "392300000"}, {"fiscalDateEnding": "2018-05-31", "reportedCurrency": "USD", "grossProfit": "1419100000", "totalRevenue": "3890200000", "costOfRevenue": "2471100000", "costofGoodsAndServicesSold": "2471100000", "operatingIncome": "561000000", "sellingGeneralAndAdministrative": "701700000", "researchAndDevelopment": "219100000", "operatingExpenses": "706800000", "investmentIncomeNet": "None", "netInterestIncome": "None", "interestIncome": "None", "interestExpense": "137100000", "nonInterestIncome": "None", "otherNonOperatingIncome": "20600000", "depreciation": "None", "depreciationAndAmortization": "184100000", "incomeBeforeTax": "423900000", "incomeTaxExpense": "86400000", "interestAndDebtExpense": "None", "netIncomeFromContinuingOperations": "337500000", "comprehensiveIncomeNetOfTax": "None", "ebit": "863600000", "ebitda": "1047700000", "netIncome": "354400000"}, {"fiscalDateEnding": "2018-02-28", "reportedCurrency": "USD", "grossProfit": "1255300000", "totalRevenue": "3882300000", "costOfRevenue": "2627000000", "costofGoodsAndServicesSold": "2627000000", "operatingIncome": "592700000", "sellingGeneralAndAdministrative": "676000000", "researchAndDevelopment": "0", "operatingExpenses": "655100000", "investmentIncomeNet": "None", "netInterestIncome": "None", "interestIncome": "None", "interestExpense": "89300000", "nonInterestIncome": "None", "otherNonOperatingIncome": "16600000", "depreciation": "None", "depreciationAndAmortization": "143900000", "incomeBeforeTax": "503400000", "incomeTaxExpense": "-432500000", "interestAndDebtExpense": "None", "netIncomeFromContinuingOperations": "935900000", "comprehensiveIncomeNetOfTax": "None", "ebit": "463800000", "ebitda": "607700000", "netIncome": "941400000"}, {"fiscalDateEnding": "2017-11-30", "reportedCurrency": "USD", "grossProfit": "1443000000", "totalRevenue": "4198700000", "costOfRevenue": "2755700000", "costofGoodsAndServicesSold": "2755700000", "operatingIncome": "729800000", "sellingGeneralAndAdministrative": "735600000", "researchAndDevelopment": "0", "operatingExpenses": "711600000", "investmentIncomeNet": "None", "netInterestIncome": "None", "interestIncome": "None", "interestExpense": "74900000", "nonInterestIncome": "None", "otherNonOperatingIncome": "23800000", "depreciation": "None", "depreciationAndAmortization": "145700000", "incomeBeforeTax": "654900000", "incomeTaxExpense": "234900000", "interestAndDebtExpense": "None", "netIncomeFromContinuingOperations": "420000000", "comprehensiveIncomeNetOfTax": "None", "ebit": "733000000", "ebitda": "878700000", "netIncome": "430500000"}, {"fiscalDateEnding": "2017-08-31", "reportedCurrency": "USD", "grossProfit": "1310100000", "totalRevenue": "3769200000", "costOfRevenue": "2459100000", "costofGoodsAndServicesSold": "2459100000", "operatingIncome": "703400000", "sellingGeneralAndAdministrative": "702800000", "researchAndDevelopment": "0", "operatingExpenses": "679100000", "investmentIncomeNet": "None", "netInterestIncome": "None", "interestIncome": "None", "interestExpense": "72400000", "nonInterestIncome": "None", "otherNonOperatingIncome": "23700000", "depreciation": "None", "depreciationAndAmortization": "145100000", "incomeBeforeTax": "553400000", "incomeTaxExpense": "168500000", "interestAndDebtExpense": "None", "netIncomeFromContinuingOperations": "384900000", "comprehensiveIncomeNetOfTax": "None", "ebit": "636200000", "ebitda": "781300000", "netIncome": "404700000"}, {"fiscalDateEnding": "2017-05-31", "reportedCurrency": "USD", "grossProfit": "1319700000", "totalRevenue": "3806600000", "costOfRevenue": "2486900000", "costofGoodsAndServicesSold": "2486900000", "operatingIncome": "609200000", "sellingGeneralAndAdministrative": "693400000", "researchAndDevelopment": "218200000", "operatingExpenses": "693400000", "investmentIncomeNet": "None", "netInterestIncome": "None", "interestIncome": "None", "interestExpense": "69300000", "nonInterestIncome": "None", "otherNonOperatingIncome": "19900000", "depreciation": "None", "depreciationAndAmortization": "155300000", "incomeBeforeTax": "539900000", "incomeTaxExpense": "144200000", "interestAndDebtExpense": "None", "netIncomeFromContinuingOperations": "395700000", "comprehensiveIncomeNetOfTax": "None", "ebit": "488100000", "ebitda": "643400000", "netIncome": "408900000"}, {"fiscalDateEnding": "2017-02-28", "reportedCurrency": "USD", "grossProfit": "1307700000", "totalRevenue": "3793200000", "costOfRevenue": "2485500000", "costofGoodsAndServicesSold": "2485500000", "operatingIncome": "542500000", "sellingGeneralAndAdministrative": "687600000", "researchAndDevelopment": "0", "operatingExpenses": "687600000", "investmentIncomeNet": "None", "netInterestIncome": "None", "interestIncome": "None", "interestExpense": "76400000", "nonInterestIncome": "None", "otherNonOperatingIncome": "11100000", "depreciation": "None", "depreciationAndAmortization": "147200000", "incomeBeforeTax": "466100000", "incomeTaxExpense": "107000000", "interestAndDebtExpense": "None", "netIncomeFromContinuingOperations": "359100000", "comprehensiveIncomeNetOfTax": "None", "ebit": "697700000", "ebitda": "844900000", "netIncome": "357800000"}, {"fiscalDateEnding": "2016-11-30", "reportedCurrency": "USD", "grossProfit": "1519500000", "totalRevenue": "4112100000", "costOfRevenue": "2592600000", "costofGoodsAndServicesSold": "2592600000", "operatingIncome": "768900000", "sellingGeneralAndAdministrative": "708100000", "researchAndDevelopment": "0", "operatingExpenses": "708100000", "investmentIncomeNet": "None", "netInterestIncome": "None", "interestIncome": "None", "interestExpense": "75500000", "nonInterestIncome": "None", "otherNonOperatingIncome": "29800000", "depreciation": "None", "depreciationAndAmortization": "148600000", "incomeBeforeTax": "693400000", "incomeTaxExpense": "227400000", "interestAndDebtExpense": "None", "netIncomeFromContinuingOperations": "466000000", "comprehensiveIncomeNetOfTax": "None", "ebit": "853900000", "ebitda": "1002500000", "netIncome": "481800000"}, {"fiscalDateEnding": "2016-08-31", "reportedCurrency": "USD", "grossProfit": "1416900000", "totalRevenue": "3907900000", "costOfRevenue": "2491000000", "costofGoodsAndServicesSold": "2491000000", "operatingIncome": "645800000", "sellingGeneralAndAdministrative": "712200000", "researchAndDevelopment": "0", "operatingExpenses": "712200000", "investmentIncomeNet": "None", "netInterestIncome": "None", "interestIncome": "None", "interestExpense": "73900000", "nonInterestIncome": "None", "otherNonOperatingIncome": "24200000", "depreciation": "None", "depreciationAndAmortization": "152500000", "incomeBeforeTax": "571900000", "incomeTaxExpense": "176600000", "interestAndDebtExpense": "None", "netIncomeFromContinuingOperations": "395300000", "comprehensiveIncomeNetOfTax": "None", "ebit": "763600000", "ebitda": "916100000", "netIncome": "409000000"}, {"fiscalDateEnding": "2016-05-31", "reportedCurrency": "USD", "grossProfit": "1376800000", "totalRevenue": "3927900000", "costOfRevenue": "2551100000", "costofGoodsAndServicesSold": "2551100000", "operatingIncome": "532100000", "sellingGeneralAndAdministrative": "779200000", "researchAndDevelopment": "222100000", "operatingExpenses": "779200000", "investmentIncomeNet": "None", "netInterestIncome": "None", "interestIncome": "None", "interestExpense": "77500000", "nonInterestIncome": "None", "otherNonOperatingIncome": "23300000", "depreciation": "None", "depreciationAndAmortization": "166900000", "incomeBeforeTax": "454600000", "incomeTaxExpense": "87500000", "interestAndDebtExpense": "None", "netIncomeFromContinuingOperations": "367100000", "comprehensiveIncomeNetOfTax": "None", "ebit": "496200000", "ebitda": "663100000", "netIncome": "379600000"}, {"fiscalDateEnding": "2016-02-29", "reportedCurrency": "USD", "grossProfit": "1357500000", "totalRevenue": "4002400000", "costOfRevenue": "2644900000", "costofGoodsAndServicesSold": "2644900000", "operatingIncome": "586300000", "sellingGeneralAndAdministrative": "755800000", "researchAndDevelopment": "0", "operatingExpenses": "755800000", "investmentIncomeNet": "None", "netInterestIncome": "None", "interestIncome": "None", "interestExpense": "77200000", "nonInterestIncome": "None", "otherNonOperatingIncome": "16200000", "depreciation": "None", "depreciationAndAmortization": "148700000", "incomeBeforeTax": "509100000", "incomeTaxExpense": "157600000", "interestAndDebtExpense": "None", "netIncomeFromContinuingOperations": "351500000", "comprehensiveIncomeNetOfTax": "None", "ebit": "617100000", "ebitda": "765800000", "netIncome": "361700000"}, {"fiscalDateEnding": "2015-11-30", "reportedCurrency": "USD", "grossProfit": "1540600000", "totalRevenue": "4424900000", "costOfRevenue": "2884300000", "costofGoodsAndServicesSold": "2884300000", "operatingIncome": "905700000", "sellingGeneralAndAdministrative": "772700000", "researchAndDevelopment": "0", "operatingExpenses": "772700000", "investmentIncomeNet": "None", "netInterestIncome": "None", "interestIncome": "None", "interestExpense": "73800000", "nonInterestIncome": "None", "otherNonOperatingIncome": "23200000", "depreciation": "None", "depreciationAndAmortization": "148600000", "incomeBeforeTax": "831900000", "incomeTaxExpense": "311500000", "interestAndDebtExpense": "None", "netIncomeFromContinuingOperations": "520400000", "comprehensiveIncomeNetOfTax": "None", "ebit": "630100000", "ebitda": "778700000", "netIncome": "529500000"}, {"fiscalDateEnding": "2015-08-31", "reportedCurrency": "USD", "grossProfit": "1554600000", "totalRevenue": "4207900000", "costOfRevenue": "2653300000", "costofGoodsAndServicesSold": "2653300000", "operatingIncome": "683300000", "sellingGeneralAndAdministrative": "811200000", "researchAndDevelopment": "0", "operatingExpenses": "811200000", "investmentIncomeNet": "None", "netInterestIncome": "None", "interestIncome": "None", "interestExpense": "75300000", "nonInterestIncome": "None", "otherNonOperatingIncome": "25700000", "depreciation": "None", "depreciationAndAmortization": "143900000", "incomeBeforeTax": "608000000", "incomeTaxExpense": "198600000", "interestAndDebtExpense": "None", "netIncomeFromContinuingOperations": "409400000", "comprehensiveIncomeNetOfTax": "None", "ebit": "803500000", "ebitda": "947400000", "netIncome": "426600000"}, {"fiscalDateEnding": "2015-05-31", "reportedCurrency": "USD", "grossProfit": "1515500000", "totalRevenue": "4298800000", "costOfRevenue": "2783300000", "costofGoodsAndServicesSold": "2783300000", "operatingIncome": "423600000", "sellingGeneralAndAdministrative": "825900000", "researchAndDevelopment": "229400000", "operatingExpenses": "825900000", "investmentIncomeNet": "None", "netInterestIncome": "None", "interestIncome": "None", "interestExpense": "79600000", "nonInterestIncome": "None", "otherNonOperatingIncome": "18100000", "depreciation": "None", "depreciationAndAmortization": "144600000", "incomeBeforeTax": "344000000", "incomeTaxExpense": "164300000", "interestAndDebtExpense": "None", "netIncomeFromContinuingOperations": "179700000", "comprehensiveIncomeNetOfTax": "None", "ebit": "811000000", "ebitda": "955600000", "netIncome": "186800000"}, {"fiscalDateEnding": "2015-02-28", "reportedCurrency": "USD", "grossProfit": "1375900000", "totalRevenue": "4350900000", "costOfRevenue": "2975000000", "costofGoodsAndServicesSold": "2975000000", "operatingIncome": "537200000", "sellingGeneralAndAdministrative": "744000000", "researchAndDevelopment": "0", "operatingExpenses": "789400000", "investmentIncomeNet": "None", "netInterestIncome": "None", "interestIncome": "None", "interestExpense": "80000000", "nonInterestIncome": "None", "otherNonOperatingIncome": "13100000", "depreciation": "None", "depreciationAndAmortization": "153300000", "incomeBeforeTax": "457200000", "incomeTaxExpense": "116500000", "interestAndDebtExpense": "None", "netIncomeFromContinuingOperations": "340700000", "comprehensiveIncomeNetOfTax": "None", "ebit": "635800000", "ebitda": "789100000", "netIncome": "343200000"}, {"fiscalDateEnding": "2014-11-30", "reportedCurrency": "USD", "grossProfit": "1619100000", "totalRevenue": "4712200000", "costOfRevenue": "3093100000", "costofGoodsAndServicesSold": "3093100000", "operatingIncome": "559000000", "sellingGeneralAndAdministrative": "848800000", "researchAndDevelopment": "0", "operatingExpenses": "845500000", "investmentIncomeNet": "None", "netInterestIncome": "None", "interestIncome": "None", "interestExpense": "77300000", "nonInterestIncome": "None", "otherNonOperatingIncome": "27100000", "depreciation": "None", "depreciationAndAmortization": "140100000", "incomeBeforeTax": "481700000", "incomeTaxExpense": "153400000", "interestAndDebtExpense": "None", "netIncomeFromContinuingOperations": "328300000", "comprehensiveIncomeNetOfTax": "None", "ebit": "988200000", "ebitda": "1128300000", "netIncome": "346100000"}, {"fiscalDateEnding": "2014-08-31", "reportedCurrency": "USD", "grossProfit": "1438700000", "totalRevenue": "4268400000", "costOfRevenue": "2829700000", "costofGoodsAndServicesSold": "2829700000", "operatingIncome": "557500000", "sellingGeneralAndAdministrative": "869900000", "researchAndDevelopment": "0", "operatingExpenses": "867200000", "investmentIncomeNet": "None", "netInterestIncome": "None", "interestIncome": "None", "interestExpense": "78500000", "nonInterestIncome": "None", "otherNonOperatingIncome": "26000000", "depreciation": "None", "depreciationAndAmortization": "150300000", "incomeBeforeTax": "479000000", "incomeTaxExpense": "152600000", "interestAndDebtExpense": "None", "netIncomeFromContinuingOperations": "326400000", "comprehensiveIncomeNetOfTax": "None", "ebit": "585500000", "ebitda": "735800000", "netIncome": "345200000"}, {"fiscalDateEnding": "2014-05-31", "reportedCurrency": "USD", "grossProfit": "1482400000", "totalRevenue": "4283800000", "costOfRevenue": "2801400000", "costofGoodsAndServicesSold": "2801400000", "operatingIncome": "681900000", "sellingGeneralAndAdministrative": "868800000", "researchAndDevelopment": "243600000", "operatingExpenses": "865900000", "investmentIncomeNet": "None", "netInterestIncome": "None", "interestIncome": "None", "interestExpense": "79400000", "nonInterestIncome": "None", "otherNonOperatingIncome": "16600000", "depreciation": "None", "depreciationAndAmortization": "143300000", "incomeBeforeTax": "602500000", "incomeTaxExpense": "203700000", "interestAndDebtExpense": "None", "netIncomeFromContinuingOperations": "398800000", "comprehensiveIncomeNetOfTax": "None", "ebit": "407800000", "ebitda": "551100000", "netIncome": "404600000"}, {"fiscalDateEnding": "2014-02-28", "reportedCurrency": "USD", "grossProfit": "1512700000", "totalRevenue": "4377400000", "costOfRevenue": "2864700000", "costofGoodsAndServicesSold": "2864700000", "operatingIncome": "670600000", "sellingGeneralAndAdministrative": "834200000", "researchAndDevelopment": "0", "operatingExpenses": "842100000", "investmentIncomeNet": "None", "netInterestIncome": "None", "interestIncome": "None", "interestExpense": "75500000", "nonInterestIncome": "None", "otherNonOperatingIncome": "22800000", "depreciation": "None", "depreciationAndAmortization": "144500000", "incomeBeforeTax": "595100000", "incomeTaxExpense": "200900000", "interestAndDebtExpense": "None", "netIncomeFromContinuingOperations": "394200000", "comprehensiveIncomeNetOfTax": "None", "ebit": "670600000", "ebitda": "815100000", "netIncome": "410600000"}, {"fiscalDateEnding": "2013-11-30", "reportedCurrency": "USD", "grossProfit": "1761700000", "totalRevenue": "4875700000", "costOfRevenue": "3114000000", "costofGoodsAndServicesSold": "3114000000", "operatingIncome": "870100000", "sellingGeneralAndAdministrative": "890000000", "researchAndDevelopment": "0", "operatingExpenses": "890900000", "investmentIncomeNet": "None", "netInterestIncome": "None", "interestIncome": "None", "interestExpense": "68700000", "nonInterestIncome": "None", "otherNonOperatingIncome": "26100000", "depreciation": "None", "depreciationAndAmortization": "146600000", "incomeBeforeTax": "801400000", "incomeTaxExpense": "266700000", "interestAndDebtExpense": "None", "netIncomeFromContinuingOperations": "534700000", "comprehensiveIncomeNetOfTax": "None", "ebit": "871500000", "ebitda": "1018100000", "netIncome": "549900000"}, {"fiscalDateEnding": "2013-08-31", "reportedCurrency": "USD", "grossProfit": "1613000000", "totalRevenue": "4372700000", "costOfRevenue": "2759700000", "costofGoodsAndServicesSold": "2759700000", "operatingIncome": "734800000", "sellingGeneralAndAdministrative": "870600000", "researchAndDevelopment": "0", "operatingExpenses": "875400000", "investmentIncomeNet": "None", "netInterestIncome": "None", "interestIncome": "None", "interestExpense": "78800000", "nonInterestIncome": "None", "otherNonOperatingIncome": "24100000", "depreciation": "None", "depreciationAndAmortization": "151000000", "incomeBeforeTax": "656000000", "incomeTaxExpense": "212000000", "interestAndDebtExpense": "None", "netIncomeFromContinuingOperations": "444000000", "comprehensiveIncomeNetOfTax": "None", "ebit": "740400000", "ebitda": "891400000", "netIncome": "459300000"}, {"fiscalDateEnding": "2013-05-31", "reportedCurrency": "USD", "grossProfit": "1530600000", "totalRevenue": "4410700000", "costOfRevenue": "2880100000", "costofGoodsAndServicesSold": "2880100000", "operatingIncome": "600600000", "sellingGeneralAndAdministrative": "935000000", "researchAndDevelopment": "237900000", "operatingExpenses": "928200000", "investmentIncomeNet": "None", "netInterestIncome": "None", "interestIncome": "None", "interestExpense": "81800000", "nonInterestIncome": "None", "otherNonOperatingIncome": "21500000", "depreciation": "None", "depreciationAndAmortization": "155700000", "incomeBeforeTax": "518800000", "incomeTaxExpense": "163500000", "interestAndDebtExpense": "None", "netIncomeFromContinuingOperations": "355300000", "comprehensiveIncomeNetOfTax": "None", "ebit": "597000000", "ebitda": "752700000", "netIncome": "366300000"}, {"fiscalDateEnding": "2013-02-28", "reportedCurrency": "USD", "grossProfit": "1522700000", "totalRevenue": "4430600000", "costOfRevenue": "2907900000", "costofGoodsAndServicesSold": "2907900000", "operatingIncome": "642100000", "sellingGeneralAndAdministrative": "885700000", "researchAndDevelopment": "0", "operatingExpenses": "874500000", "investmentIncomeNet": "None", "netInterestIncome": "None", "interestIncome": "None", "interestExpense": "76600000", "nonInterestIncome": "None", "otherNonOperatingIncome": "21300000", "depreciation": "None", "depreciationAndAmortization": "146200000", "incomeBeforeTax": "565500000", "incomeTaxExpense": "174200000", "interestAndDebtExpense": "None", "netIncomeFromContinuingOperations": "391300000", "comprehensiveIncomeNetOfTax": "None", "ebit": "654300000", "ebitda": "800500000", "netIncome": "398400000"}, {"fiscalDateEnding": "2012-11-30", "reportedCurrency": "USD", "grossProfit": "1742300000", "totalRevenue": "4881800000", "costOfRevenue": "3139500000", "costofGoodsAndServicesSold": "3139500000", "operatingIncome": "829000000", "sellingGeneralAndAdministrative": "910600000", "researchAndDevelopment": "0", "operatingExpenses": "910600000", "investmentIncomeNet": "None", "netInterestIncome": "None", "interestIncome": "None", "interestExpense": "75500000", "nonInterestIncome": "None", "otherNonOperatingIncome": "32900000", "depreciation": "None", "depreciationAndAmortization": "146900000", "incomeBeforeTax": "753500000", "incomeTaxExpense": "245400000", "interestAndDebtExpense": "None", "netIncomeFromContinuingOperations": "508100000", "comprehensiveIncomeNetOfTax": "None", "ebit": "687500000", "ebitda": "834400000", "netIncome": "541600000"}, {"fiscalDateEnding": "2012-08-31", "reportedCurrency": "USD", "grossProfit": "1628300000", "totalRevenue": "4051000000", "costOfRevenue": "2422700000", "costofGoodsAndServicesSold": "2422700000", "operatingIncome": "780100000", "sellingGeneralAndAdministrative": "839000000", "researchAndDevelopment": "0", "operatingExpenses": "839000000", "investmentIncomeNet": "None", "netInterestIncome": "None", "interestIncome": "None", "interestExpense": "83000000", "nonInterestIncome": "None", "otherNonOperatingIncome": "23100000", "depreciation": "None", "depreciationAndAmortization": "139200000", "incomeBeforeTax": "697100000", "incomeTaxExpense": "158100000", "interestAndDebtExpense": "None", "netIncomeFromContinuingOperations": "539000000", "comprehensiveIncomeNetOfTax": "None", "ebit": "798500000", "ebitda": "937700000", "netIncome": "548900000"}, {"fiscalDateEnding": "2012-05-31", "reportedCurrency": "USD", "grossProfit": "1496100000", "totalRevenue": "4066400000", "costOfRevenue": "2570300000", "costofGoodsAndServicesSold": "2570300000", "operatingIncome": "538000000", "sellingGeneralAndAdministrative": "857400000", "researchAndDevelopment": "245400000", "operatingExpenses": "857400000", "investmentIncomeNet": "None", "netInterestIncome": "None", "interestIncome": "None", "interestExpense": "83300000", "nonInterestIncome": "None", "otherNonOperatingIncome": "15500000", "depreciation": "None", "depreciationAndAmortization": "142700000", "incomeBeforeTax": "454700000", "incomeTaxExpense": "135400000", "interestAndDebtExpense": "None", "netIncomeFromContinuingOperations": "319300000", "comprehensiveIncomeNetOfTax": "None", "ebit": "647700000", "ebitda": "790400000", "netIncome": "325400000"}, {"fiscalDateEnding": "2012-02-29", "reportedCurrency": "USD", "grossProfit": "1507400000", "totalRevenue": "4120100000", "costOfRevenue": "2612700000", "costofGoodsAndServicesSold": "2612700000", "operatingIncome": "668600000", "sellingGeneralAndAdministrative": "838700000", "researchAndDevelopment": "0", "operatingExpenses": "838700000", "investmentIncomeNet": "None", "netInterestIncome": "None", "interestIncome": "None", "interestExpense": "96000000", "nonInterestIncome": "None", "otherNonOperatingIncome": "15500000", "depreciation": "None", "depreciationAndAmortization": "135500000", "incomeBeforeTax": "572600000", "incomeTaxExpense": "187300000", "interestAndDebtExpense": "None", "netIncomeFromContinuingOperations": "385300000", "comprehensiveIncomeNetOfTax": "None", "ebit": "668800000", "ebitda": "804300000", "netIncome": "391500000"}, {"fiscalDateEnding": "2011-11-30", "reportedCurrency": "USD", "grossProfit": "1594700000", "totalRevenue": "4623800000", "costOfRevenue": "3029100000", "costofGoodsAndServicesSold": "3029100000", "operatingIncome": "716900000", "sellingGeneralAndAdministrative": "877100000", "researchAndDevelopment": "0", "operatingExpenses": "877100000", "investmentIncomeNet": "None", "netInterestIncome": "None", "interestIncome": "None", "interestExpense": "87200000", "nonInterestIncome": "None", "otherNonOperatingIncome": "28900000", "depreciation": "None", "depreciationAndAmortization": "137800000", "incomeBeforeTax": "629700000", "incomeTaxExpense": "209400000", "interestAndDebtExpense": "None", "netIncomeFromContinuingOperations": "420300000", "comprehensiveIncomeNetOfTax": "None", "ebit": "580500000", "ebitda": "718300000", "netIncome": "444800000"}, {"fiscalDateEnding": "2011-08-31", "reportedCurrency": "USD", "grossProfit": "1446500000", "totalRevenue": "3847600000", "costOfRevenue": "2401100000", "costofGoodsAndServicesSold": "2401100000", "operatingIncome": "638900000", "sellingGeneralAndAdministrative": "807500000", "researchAndDevelopment": "0", "operatingExpenses": "807500000", "investmentIncomeNet": "None", "netInterestIncome": "None", "interestIncome": "None", "interestExpense": "87200000", "nonInterestIncome": "None", "otherNonOperatingIncome": "28300000", "depreciation": "None", "depreciationAndAmortization": "125500000", "incomeBeforeTax": "553500000", "incomeTaxExpense": "177500000", "interestAndDebtExpense": "None", "netIncomeFromContinuingOperations": "376000000", "comprehensiveIncomeNetOfTax": "None", "ebit": "640800000", "ebitda": "766300000", "netIncome": "405600000"}, {"fiscalDateEnding": "2011-05-31", "reportedCurrency": "USD", "grossProfit": "1364400000", "totalRevenue": "3634300000", "costOfRevenue": "2269900000", "costofGoodsAndServicesSold": "2269900000", "operatingIncome": "536400000", "sellingGeneralAndAdministrative": "828800000", "researchAndDevelopment": "235000000", "operatingExpenses": "825700000", "investmentIncomeNet": "None", "netInterestIncome": "None", "interestIncome": "None", "interestExpense": "91800000", "nonInterestIncome": "None", "otherNonOperatingIncome": "29800000", "depreciation": "None", "depreciationAndAmortization": "118100000", "incomeBeforeTax": "447000000", "incomeTaxExpense": "155700000", "interestAndDebtExpense": "None", "netIncomeFromContinuingOperations": "291300000", "comprehensiveIncomeNetOfTax": "None", "ebit": "541100000", "ebitda": "659200000", "netIncome": "320200000"}, {"fiscalDateEnding": "2011-02-28", "reportedCurrency": "USD", "grossProfit": "1430800000", "totalRevenue": "3646200000", "costOfRevenue": "2215400000", "costofGoodsAndServicesSold": "2215400000", "operatingIncome": "654800000", "sellingGeneralAndAdministrative": "790200000", "researchAndDevelopment": "0", "operatingExpenses": "790200000", "investmentIncomeNet": "None", "netInterestIncome": "None", "interestIncome": "None", "interestExpense": "85000000", "nonInterestIncome": "None", "otherNonOperatingIncome": "5400000", "depreciation": "None", "depreciationAndAmortization": "124300000", "incomeBeforeTax": "569800000", "incomeTaxExpense": "181700000", "interestAndDebtExpense": "None", "netIncomeFromContinuingOperations": "388100000", "comprehensiveIncomeNetOfTax": "None", "ebit": "626400000", "ebitda": "750700000", "netIncome": "392100000"}, {"fiscalDateEnding": "2010-11-30", "reportedCurrency": "USD", "grossProfit": "1634000000", "totalRevenue": "4066600000", "costOfRevenue": "2432600000", "costofGoodsAndServicesSold": "2432600000", "operatingIncome": "742300000", "sellingGeneralAndAdministrative": "810100000", "researchAndDevelopment": "0", "operatingExpenses": "810100000", "investmentIncomeNet": "None", "netInterestIncome": "None", "interestIncome": "None", "interestExpense": "83200000", "nonInterestIncome": "None", "otherNonOperatingIncome": "34700000", "depreciation": "None", "depreciationAndAmortization": "118900000", "incomeBeforeTax": "741300000", "incomeTaxExpense": "160700000", "interestAndDebtExpense": "None", "netIncomeFromContinuingOperations": "580600000", "comprehensiveIncomeNetOfTax": "None", "ebit": "823900000", "ebitda": "942800000", "netIncome": "613900000"}, {"fiscalDateEnding": "2010-08-31", "reportedCurrency": "USD", "grossProfit": "1524300000", "totalRevenue": "3533100000", "costOfRevenue": "2008800000", "costofGoodsAndServicesSold": "2008800000", "operatingIncome": "760400000", "sellingGeneralAndAdministrative": "762900000", "researchAndDevelopment": "0", "operatingExpenses": "762900000", "investmentIncomeNet": "None", "netInterestIncome": "None", "interestIncome": "None", "interestExpense": "91700000", "nonInterestIncome": "None", "otherNonOperatingIncome": "26500000", "depreciation": "None", "depreciationAndAmortization": "111300000", "incomeBeforeTax": "670100000", "incomeTaxExpense": "223000000", "interestAndDebtExpense": "None", "netIncomeFromContinuingOperations": "447100000", "comprehensiveIncomeNetOfTax": "None", "ebit": "762400000", "ebitda": "873700000", "netIncome": "472100000"}, {"fiscalDateEnding": "2010-05-31", "reportedCurrency": "USD", "grossProfit": "1291300000", "totalRevenue": "3570400000", "costOfRevenue": "2279100000", "costofGoodsAndServicesSold": "2279100000", "operatingIncome": "472900000", "sellingGeneralAndAdministrative": "797400000", "researchAndDevelopment": "218300000", "operatingExpenses": "817400000", "investmentIncomeNet": "None", "netInterestIncome": "None", "interestIncome": "None", "interestExpense": "128500000", "nonInterestIncome": "None", "otherNonOperatingIncome": "15300000", "depreciation": "None", "depreciationAndAmortization": "116800000", "incomeBeforeTax": "345900000", "incomeTaxExpense": "148500000", "interestAndDebtExpense": "None", "netIncomeFromContinuingOperations": "197400000", "comprehensiveIncomeNetOfTax": "None", "ebit": "475400000", "ebitda": "592200000", "netIncome": "211900000"}, {"fiscalDateEnding": "2010-02-28", "reportedCurrency": "USD", "grossProfit": "1377500000", "totalRevenue": "3629100000", "costOfRevenue": "2251600000", "costofGoodsAndServicesSold": "2251600000", "operatingIncome": "561600000", "sellingGeneralAndAdministrative": "809600000", "researchAndDevelopment": "0", "operatingExpenses": "809600000", "investmentIncomeNet": "None", "netInterestIncome": "None", "interestIncome": "None", "interestExpense": "95600000", "nonInterestIncome": "None", "otherNonOperatingIncome": "24000000", "depreciation": "None", "depreciationAndAmortization": "112400000", "incomeBeforeTax": "467400000", "incomeTaxExpense": "157900000", "interestAndDebtExpense": "None", "netIncomeFromContinuingOperations": "309500000", "comprehensiveIncomeNetOfTax": "None", "ebit": "569300000", "ebitda": "681700000", "netIncome": "332500000"}, {"fiscalDateEnding": "2009-11-30", "reportedCurrency": "USD", "grossProfit": "1746100000", "totalRevenue": "4078200000", "costOfRevenue": "2332100000", "costofGoodsAndServicesSold": "2332100000", "operatingIncome": "878700000", "sellingGeneralAndAdministrative": "824700000", "researchAndDevelopment": "0", "operatingExpenses": "842500000", "investmentIncomeNet": "None", "netInterestIncome": "None", "interestIncome": "None", "interestExpense": "90100000", "nonInterestIncome": "None", "otherNonOperatingIncome": "38200000", "depreciation": "None", "depreciationAndAmortization": "116800000", "incomeBeforeTax": "790200000", "incomeTaxExpense": "261600000", "interestAndDebtExpense": "None", "netIncomeFromContinuingOperations": "528600000", "comprehensiveIncomeNetOfTax": "None", "ebit": "928500000", "ebitda": "1045300000", "netIncome": "565500000"}, {"fiscalDateEnding": "2009-08-31", "reportedCurrency": "USD", "grossProfit": "1458700000", "totalRevenue": "3518800000", "costOfRevenue": "2060100000", "costofGoodsAndServicesSold": "2060100000", "operatingIncome": "692900000", "sellingGeneralAndAdministrative": "748700000", "researchAndDevelopment": "0", "operatingExpenses": "766600000", "investmentIncomeNet": "None", "netInterestIncome": "None", "interestIncome": "None", "interestExpense": "91900000", "nonInterestIncome": "None", "otherNonOperatingIncome": "24200000", "depreciation": "None", "depreciationAndAmortization": "111100000", "incomeBeforeTax": "601000000", "incomeTaxExpense": "203200000", "interestAndDebtExpense": "None", "netIncomeFromContinuingOperations": "397800000", "comprehensiveIncomeNetOfTax": "None", "ebit": "691300000", "ebitda": "802400000", "netIncome": "420600000"}, {"fiscalDateEnding": "2009-05-31", "reportedCurrency": "USD", "grossProfit": "1544600000", "totalRevenue": "3645700000", "costOfRevenue": "2101100000", "costofGoodsAndServicesSold": "2101100000", "operatingIncome": "631400000", "sellingGeneralAndAdministrative": "834100000", "researchAndDevelopment": "208200000", "operatingExpenses": "749200000", "investmentIncomeNet": "None", "netInterestIncome": "None", "interestIncome": "None", "interestExpense": "84900000", "nonInterestIncome": "None", "otherNonOperatingIncome": "None", "depreciation": "None", "depreciationAndAmortization": "120000000", "incomeBeforeTax": "529000000", "incomeTaxExpense": "182400000", "interestAndDebtExpense": "None", "netIncomeFromContinuingOperations": "0", "comprehensiveIncomeNetOfTax": "None", "ebit": "777900000", "ebitda": "897900000", "netIncome": "358800000"}, {"fiscalDateEnding": "2009-02-28", "reportedCurrency": "USD", "grossProfit": "1277500000", "totalRevenue": "3537400000", "costOfRevenue": "2259900000", "costofGoodsAndServicesSold": "2259900000", "operatingIncome": "605300000", "sellingGeneralAndAdministrative": "670600000", "researchAndDevelopment": "0", "operatingExpenses": "671000000", "investmentIncomeNet": "None", "netInterestIncome": "None", "interestIncome": "None", "interestExpense": "105800000", "nonInterestIncome": "None", "otherNonOperatingIncome": "None", "depreciation": "None", "depreciationAndAmortization": "110000000", "incomeBeforeTax": "504900000", "incomeTaxExpense": "231700000", "interestAndDebtExpense": "None", "netIncomeFromContinuingOperations": "0", "comprehensiveIncomeNetOfTax": "None", "ebit": "611900000", "ebitda": "721900000", "netIncome": "288900000"}, {"fiscalDateEnding": "2008-11-30", "reportedCurrency": "USD", "grossProfit": "1219600000", "totalRevenue": "4010800000", "costOfRevenue": "2791200000", "costofGoodsAndServicesSold": "2791200000", "operatingIncome": "616500000", "sellingGeneralAndAdministrative": "729600000", "researchAndDevelopment": "0", "operatingExpenses": "729400000", "investmentIncomeNet": "None", "netInterestIncome": "None", "interestIncome": "None", "interestExpense": "104100000", "nonInterestIncome": "None", "otherNonOperatingIncome": "None", "depreciation": "None", "depreciationAndAmortization": "112000000", "incomeBeforeTax": "518000000", "incomeTaxExpense": "173100000", "interestAndDebtExpense": "None", "netIncomeFromContinuingOperations": "0", "comprehensiveIncomeNetOfTax": "None", "ebit": "495800000", "ebitda": "607800000", "netIncome": "378200000"}, {"fiscalDateEnding": "2008-08-31", "reportedCurrency": "USD", "grossProfit": "1191700000", "totalRevenue": "3497300000", "costOfRevenue": "2305600000", "costofGoodsAndServicesSold": "2305600000", "operatingIncome": "469600000", "sellingGeneralAndAdministrative": "717900000", "researchAndDevelopment": "0", "operatingExpenses": "719400000", "investmentIncomeNet": "None", "netInterestIncome": "None", "interestIncome": "None", "interestExpense": "95200000", "nonInterestIncome": "None", "otherNonOperatingIncome": "None", "depreciation": "None", "depreciationAndAmortization": "111600000", "incomeBeforeTax": "380900000", "incomeTaxExpense": "133200000", "interestAndDebtExpense": "None", "netIncomeFromContinuingOperations": "0", "comprehensiveIncomeNetOfTax": "None", "ebit": "478800000", "ebitda": "590400000", "netIncome": "278500000"}, {"fiscalDateEnding": "2008-05-31", "reportedCurrency": "USD", "grossProfit": "1032200000", "totalRevenue": "3471100000", "costOfRevenue": "2438900000", "costofGoodsAndServicesSold": "2438900000", "operatingIncome": "335200000", "sellingGeneralAndAdministrative": "698300000", "researchAndDevelopment": "204700000", "operatingExpenses": "698300000", "investmentIncomeNet": "None", "netInterestIncome": "None", "interestIncome": "None", "interestExpense": "98100000", "nonInterestIncome": "None", "otherNonOperatingIncome": "None", "depreciation": "None", "depreciationAndAmortization": "110500000", "incomeBeforeTax": "245300000", "incomeTaxExpense": "91200000", "interestAndDebtExpense": "None", "netIncomeFromContinuingOperations": "0", "comprehensiveIncomeNetOfTax": "None", "ebit": "342100000", "ebitda": "452600000", "netIncome": "185200000"}, {"fiscalDateEnding": "2008-02-29", "reportedCurrency": "USD", "grossProfit": "1354200000", "totalRevenue": "3405600000", "costOfRevenue": "2051400000", "costofGoodsAndServicesSold": "2051400000", "operatingIncome": "695400000", "sellingGeneralAndAdministrative": "653800000", "researchAndDevelopment": "0", "operatingExpenses": "653800000", "investmentIncomeNet": "None", "netInterestIncome": "None", "interestIncome": "None", "interestExpense": "109700000", "nonInterestIncome": "None", "otherNonOperatingIncome": "None", "depreciation": "None", "depreciationAndAmortization": "113100000", "incomeBeforeTax": "592800000", "incomeTaxExpense": "192400000", "interestAndDebtExpense": "None", "netIncomeFromContinuingOperations": "0", "comprehensiveIncomeNetOfTax": "None", "ebit": "707500000", "ebitda": "820600000", "netIncome": "430100000"}, {"fiscalDateEnding": "2007-11-30", "reportedCurrency": "USD", "grossProfit": "1331200000", "totalRevenue": "3703400000", "costOfRevenue": "2372200000", "costofGoodsAndServicesSold": "2372200000", "operatingIncome": "687100000", "sellingGeneralAndAdministrative": "641300000", "researchAndDevelopment": "0", "operatingExpenses": "641300000", "investmentIncomeNet": "None", "netInterestIncome": "None", "interestIncome": "None", "interestExpense": "122200000", "nonInterestIncome": "None", "otherNonOperatingIncome": "None", "depreciation": "None", "depreciationAndAmortization": "127400000", "incomeBeforeTax": "571200000", "incomeTaxExpense": "208300000", "interestAndDebtExpense": "None", "netIncomeFromContinuingOperations": "0", "comprehensiveIncomeNetOfTax": "None", "ebit": "696200000", "ebitda": "823600000", "netIncome": "390500000"}, {"fiscalDateEnding": "2007-08-31", "reportedCurrency": "USD", "grossProfit": "1156200000", "totalRevenue": "3072000000", "costOfRevenue": "1915800000", "costofGoodsAndServicesSold": "1915800000", "operatingIncome": "510100000", "sellingGeneralAndAdministrative": "631600000", "researchAndDevelopment": "0", "operatingExpenses": "631600000", "investmentIncomeNet": "None", "netInterestIncome": "None", "interestIncome": "None", "interestExpense": "119000000", "nonInterestIncome": "None", "otherNonOperatingIncome": "None", "depreciation": "None", "depreciationAndAmortization": "108200000", "incomeBeforeTax": "396800000", "incomeTaxExpense": "130300000", "interestAndDebtExpense": "None", "netIncomeFromContinuingOperations": "0", "comprehensiveIncomeNetOfTax": "None", "ebit": "530300000", "ebitda": "638500000", "netIncome": "288900000"}, {"fiscalDateEnding": "2007-05-31", "reportedCurrency": "USD", "grossProfit": "1072000000", "totalRevenue": "3061000000", "costOfRevenue": "1989000000", "costofGoodsAndServicesSold": "1989000000", "operatingIncome": "406000000", "sellingGeneralAndAdministrative": "625000000", "researchAndDevelopment": "191000000", "operatingExpenses": "625000000", "investmentIncomeNet": "None", "netInterestIncome": "None", "interestIncome": "None", "interestExpense": "115000000", "nonInterestIncome": "None", "otherNonOperatingIncome": "None", "depreciation": "None", "depreciationAndAmortization": "105000000", "incomeBeforeTax": "301000000", "incomeTaxExpense": "92000000", "interestAndDebtExpense": "None", "netIncomeFromContinuingOperations": "0", "comprehensiveIncomeNetOfTax": "None", "ebit": "457000000", "ebitda": "562000000", "netIncome": "224000000"}, {"fiscalDateEnding": "2007-02-28", "reportedCurrency": "USD", "grossProfit": "1072000000", "totalRevenue": "3054000000", "costOfRevenue": "1982000000", "costofGoodsAndServicesSold": "1982000000", "operatingIncome": "486000000", "sellingGeneralAndAdministrative": "585000000", "researchAndDevelopment": "0", "operatingExpenses": "585000000", "investmentIncomeNet": "None", "netInterestIncome": "None", "interestIncome": "None", "interestExpense": "116000000", "nonInterestIncome": "None", "otherNonOperatingIncome": "None", "depreciation": "None", "depreciationAndAmortization": "104000000", "incomeBeforeTax": "379000000", "incomeTaxExpense": "127000000", "interestAndDebtExpense": "None", "netIncomeFromContinuingOperations": "0", "comprehensiveIncomeNetOfTax": "None", "ebit": "496000000", "ebitda": "600000000", "netIncome": "268000000"}, {"fiscalDateEnding": "2006-11-30", "reportedCurrency": "USD", "grossProfit": "1279000000", "totalRevenue": "3467000000", "costOfRevenue": "2188000000", "costofGoodsAndServicesSold": "2188000000", "operatingIncome": "675000000", "sellingGeneralAndAdministrative": "605000000", "researchAndDevelopment": "0", "operatingExpenses": "605000000", "investmentIncomeNet": "None", "netInterestIncome": "None", "interestIncome": "None", "interestExpense": "5000000", "nonInterestIncome": "None", "otherNonOperatingIncome": "None", "depreciation": "None", "depreciationAndAmortization": "105000000", "incomeBeforeTax": "565000000", "incomeTaxExpense": "203000000", "interestAndDebtExpense": "None", "netIncomeFromContinuingOperations": "0", "comprehensiveIncomeNetOfTax": "None", "ebit": "673000000", "ebitda": "778000000", "netIncome": "385000000"}, {"fiscalDateEnding": "2006-08-31", "reportedCurrency": "USD", "grossProfit": "1064000000", "totalRevenue": "2860000000", "costOfRevenue": "1796000000", "costofGoodsAndServicesSold": "1796000000", "operatingIncome": "489000000", "sellingGeneralAndAdministrative": "575000000", "researchAndDevelopment": "0", "operatingExpenses": "577000000", "investmentIncomeNet": "None", "netInterestIncome": "None", "interestIncome": "None", "interestExpense": "105000000", "nonInterestIncome": "None", "otherNonOperatingIncome": "None", "depreciation": "None", "depreciationAndAmortization": "104000000", "incomeBeforeTax": "386000000", "incomeTaxExpense": "138000000", "interestAndDebtExpense": "None", "netIncomeFromContinuingOperations": "0", "comprehensiveIncomeNetOfTax": "None", "ebit": "485000000", "ebitda": "589000000", "netIncome": "267000000"}, {"fiscalDateEnding": "2006-05-31", "reportedCurrency": "USD", "grossProfit": "1110000000", "totalRevenue": "2845000000", "costOfRevenue": "1735000000", "costofGoodsAndServicesSold": "1735000000", "operatingIncome": "414000000", "sellingGeneralAndAdministrative": "560000000", "researchAndDevelopment": "178000000", "operatingExpenses": "682000000", "investmentIncomeNet": "None", "netInterestIncome": "None", "interestIncome": "None", "interestExpense": "210000000", "nonInterestIncome": "None", "otherNonOperatingIncome": "None", "depreciation": "None", "depreciationAndAmortization": "107000000", "incomeBeforeTax": "309000000", "incomeTaxExpense": "97000000", "interestAndDebtExpense": "None", "netIncomeFromContinuingOperations": "0", "comprehensiveIncomeNetOfTax": "None", "ebit": "442000000", "ebitda": "549000000", "netIncome": "222000000"}, {"fiscalDateEnding": "2006-02-28", "reportedCurrency": "USD", "grossProfit": "1114000000", "totalRevenue": "2860000000", "costOfRevenue": "1746000000", "costofGoodsAndServicesSold": "1746000000", "operatingIncome": "455000000", "sellingGeneralAndAdministrative": "528000000", "researchAndDevelopment": "0", "operatingExpenses": "654000000", "investmentIncomeNet": "None", "netInterestIncome": "None", "interestIncome": "None", "interestExpense": "100000000", "nonInterestIncome": "None", "otherNonOperatingIncome": "None", "depreciation": "None", "depreciationAndAmortization": "106000000", "incomeBeforeTax": "354000000", "incomeTaxExpense": "123000000", "interestAndDebtExpense": "None", "netIncomeFromContinuingOperations": "0", "comprehensiveIncomeNetOfTax": "None", "ebit": "465000000", "ebitda": "571000000", "netIncome": "246000000"}, {"fiscalDateEnding": "2005-11-30", "reportedCurrency": "USD", "grossProfit": "1345000000", "totalRevenue": "3273000000", "costOfRevenue": "1928000000", "costofGoodsAndServicesSold": "1928000000", "operatingIncome": "643000000", "sellingGeneralAndAdministrative": "559000000", "researchAndDevelopment": "0", "operatingExpenses": "700000000", "investmentIncomeNet": "None", "netInterestIncome": "None", "interestIncome": "None", "interestExpense": "104000000", "nonInterestIncome": "None", "otherNonOperatingIncome": "None", "depreciation": "None", "depreciationAndAmortization": "106000000", "incomeBeforeTax": "540000000", "incomeTaxExpense": "191000000", "interestAndDebtExpense": "None", "netIncomeFromContinuingOperations": "0", "comprehensiveIncomeNetOfTax": "None", "ebit": "647000000", "ebitda": "753000000", "netIncome": "370000000"}, {"fiscalDateEnding": "2005-08-31", "reportedCurrency": "USD", "grossProfit": "1105000000", "totalRevenue": "2662000000", "costOfRevenue": "1557000000", "costofGoodsAndServicesSold": "1557000000", "operatingIncome": "454000000", "sellingGeneralAndAdministrative": "532000000", "researchAndDevelopment": "0", "operatingExpenses": "642000000", "investmentIncomeNet": "None", "netInterestIncome": "None", "interestIncome": "None", "interestExpense": "90000000", "nonInterestIncome": "None", "otherNonOperatingIncome": "None", "depreciation": "None", "depreciationAndAmortization": "105000000", "incomeBeforeTax": "364000000", "incomeTaxExpense": "130000000", "interestAndDebtExpense": "None", "netIncomeFromContinuingOperations": "0", "comprehensiveIncomeNetOfTax": "None", "ebit": "472000000", "ebitda": "577000000", "netIncome": "252000000"}, {"fiscalDateEnding": "2005-05-31", "reportedCurrency": "USD", "grossProfit": "1050000000", "totalRevenue": "2719000000", "costOfRevenue": "1669000000", "costofGoodsAndServicesSold": "1669000000", "operatingIncome": "422000000", "sellingGeneralAndAdministrative": "590000000", "researchAndDevelopment": "168000000", "operatingExpenses": "590000000", "investmentIncomeNet": "None", "netInterestIncome": "None", "interestIncome": "None", "interestExpense": "110000000", "nonInterestIncome": "None", "otherNonOperatingIncome": "None", "depreciation": "None", "depreciationAndAmortization": "113000000", "incomeBeforeTax": "674000000", "incomeTaxExpense": "230000000", "interestAndDebtExpense": "None", "netIncomeFromContinuingOperations": "0", "comprehensiveIncomeNetOfTax": "None", "ebit": "133000000", "ebitda": "246000000", "netIncome": "460000000"}, {"fiscalDateEnding": "2005-02-28", "reportedCurrency": "USD", "grossProfit": "1077000000", "totalRevenue": "2772000000", "costOfRevenue": "1695000000", "costofGoodsAndServicesSold": "1695000000", "operatingIncome": "494000000", "sellingGeneralAndAdministrative": "580000000", "researchAndDevelopment": "0", "operatingExpenses": "580000000", "investmentIncomeNet": "None", "netInterestIncome": "None", "interestIncome": "None", "interestExpense": "107000000", "nonInterestIncome": "None", "otherNonOperatingIncome": "None", "depreciation": "None", "depreciationAndAmortization": "109000000", "incomeBeforeTax": "387000000", "incomeTaxExpense": "180000000", "interestAndDebtExpense": "None", "netIncomeFromContinuingOperations": "0", "comprehensiveIncomeNetOfTax": "None", "ebit": "500000000", "ebitda": "609000000", "netIncome": "230000000"}]}