{"symbol": "CTVA", "annualReports": [{"fiscalDateEnding": "2024-12-31", "reportedCurrency": "USD", "grossProfit": "7379000000", "totalRevenue": "16908000000", "costOfRevenue": "9529000000", "costofGoodsAndServicesSold": "9529000000", "operatingIncome": "2096000000", "sellingGeneralAndAdministrative": "3196000000", "researchAndDevelopment": "1402000000", "operatingExpenses": "5283000000", "investmentIncomeNet": "None", "netInterestIncome": "-101000000", "interestIncome": "132000000", "interestExpense": "233000000", "nonInterestIncome": "None", "otherNonOperatingIncome": "None", "depreciation": "None", "depreciationAndAmortization": "1227000000", "incomeBeforeTax": "1275000000", "incomeTaxExpense": "412000000", "interestAndDebtExpense": "None", "netIncomeFromContinuingOperations": "863000000", "comprehensiveIncomeNetOfTax": "None", "ebit": "1508000000", "ebitda": "2735000000", "netIncome": "907000000"}, {"fiscalDateEnding": "2023-12-31", "reportedCurrency": "USD", "grossProfit": "17226000000", "totalRevenue": "17226000000", "costOfRevenue": "10064000000", "costofGoodsAndServicesSold": "10064000000", "operatingIncome": "941000000", "sellingGeneralAndAdministrative": "3296000000", "researchAndDevelopment": "1337000000", "operatingExpenses": "4513000000", "investmentIncomeNet": "None", "netInterestIncome": "-5000000", "interestIncome": "202000000", "interestExpense": "233000000", "nonInterestIncome": "None", "otherNonOperatingIncome": "None", "depreciation": "None", "depreciationAndAmortization": "1211000000", "incomeBeforeTax": "1093000000", "incomeTaxExpense": "152000000", "interestAndDebtExpense": "None", "netIncomeFromContinuingOperations": "1131000000", "comprehensiveIncomeNetOfTax": "None", "ebit": "941000000", "ebitda": "941000000", "netIncome": "735000000"}, {"fiscalDateEnding": "2022-12-31", "reportedCurrency": "USD", "grossProfit": "7019000000", "totalRevenue": "17455000000", "costOfRevenue": "10436000000", "costofGoodsAndServicesSold": "10436000000", "operatingIncome": "1892000000", "sellingGeneralAndAdministrative": "3173000000", "researchAndDevelopment": "1216000000", "operatingExpenses": "5091000000", "investmentIncomeNet": "None", "netInterestIncome": "-79000000", "interestIncome": "124000000", "interestExpense": "79000000", "nonInterestIncome": "None", "otherNonOperatingIncome": "-60000000", "depreciation": "None", "depreciationAndAmortization": "1223000000", "incomeBeforeTax": "1426000000", "incomeTaxExpense": "210000000", "interestAndDebtExpense": "None", "netIncomeFromContinuingOperations": "1216000000", "comprehensiveIncomeNetOfTax": "None", "ebit": "1505000000", "ebitda": "2728000000", "netIncome": "1147000000"}, {"fiscalDateEnding": "2021-12-31", "reportedCurrency": "USD", "grossProfit": "6435000000", "totalRevenue": "15655000000", "costOfRevenue": "9220000000", "costofGoodsAndServicesSold": "9220000000", "operatingIncome": "1317000000", "sellingGeneralAndAdministrative": "3209000000", "researchAndDevelopment": "1187000000", "operatingExpenses": "5118000000", "investmentIncomeNet": "None", "netInterestIncome": "-30000000", "interestIncome": "77000000", "interestExpense": "30000000", "nonInterestIncome": "None", "otherNonOperatingIncome": "1348000000", "depreciation": "None", "depreciationAndAmortization": "1243000000", "incomeBeforeTax": "2346000000", "incomeTaxExpense": "524000000", "interestAndDebtExpense": "None", "netIncomeFromContinuingOperations": "1822000000", "comprehensiveIncomeNetOfTax": "None", "ebit": "2376000000", "ebitda": "3619000000", "netIncome": "1759000000"}, {"fiscalDateEnding": "2020-12-31", "reportedCurrency": "USD", "grossProfit": "5710000000", "totalRevenue": "14217000000", "costOfRevenue": "8507000000", "costofGoodsAndServicesSold": "8507000000", "operatingIncome": "1055000000", "sellingGeneralAndAdministrative": "3043000000", "researchAndDevelopment": "1142000000", "operatingExpenses": "4867000000", "investmentIncomeNet": "None", "netInterestIncome": "-45000000", "interestIncome": "56000000", "interestExpense": "45000000", "nonInterestIncome": "None", "otherNonOperatingIncome": "212000000", "depreciation": "None", "depreciationAndAmortization": "1177000000", "incomeBeforeTax": "675000000", "incomeTaxExpense": "-81000000", "interestAndDebtExpense": "None", "netIncomeFromContinuingOperations": "756000000", "comprehensiveIncomeNetOfTax": "None", "ebit": "1211000000", "ebitda": "2388000000", "netIncome": "681000000"}, {"fiscalDateEnding": "2019-12-31", "reportedCurrency": "USD", "grossProfit": "5271000000", "totalRevenue": "13846000000", "costOfRevenue": "8575000000", "costofGoodsAndServicesSold": "8575000000", "operatingIncome": "799000000", "sellingGeneralAndAdministrative": "3065000000", "researchAndDevelopment": "1147000000", "operatingExpenses": "4687000000", "investmentIncomeNet": "None", "netInterestIncome": "-77000000", "interestIncome": "59000000", "interestExpense": "136000000", "nonInterestIncome": "None", "otherNonOperatingIncome": "None", "depreciation": "None", "depreciationAndAmortization": "1599000000", "incomeBeforeTax": "-316000000", "incomeTaxExpense": "-46000000", "interestAndDebtExpense": "None", "netIncomeFromContinuingOperations": "-270000000", "comprehensiveIncomeNetOfTax": "None", "ebit": "-180000000", "ebitda": "1419000000", "netIncome": "-270000000"}, {"fiscalDateEnding": "2018-12-31", "reportedCurrency": "USD", "grossProfit": "5766000000", "totalRevenue": "14287000000", "costOfRevenue": "8521000000", "costofGoodsAndServicesSold": "8521000000", "operatingIncome": "1290000000", "sellingGeneralAndAdministrative": "2902000000", "researchAndDevelopment": "1432000000", "operatingExpenses": "4476000000", "investmentIncomeNet": "None", "netInterestIncome": "-76000000", "interestIncome": "379000000", "interestExpense": "76000000", "nonInterestIncome": "None", "otherNonOperatingIncome": "None", "depreciation": "None", "depreciationAndAmortization": "2790000000", "incomeBeforeTax": "-4554000000", "incomeTaxExpense": "408000000", "interestAndDebtExpense": "None", "netIncomeFromContinuingOperations": "-4962000000", "comprehensiveIncomeNetOfTax": "None", "ebit": "-6469000000", "ebitda": "-3679000000", "netIncome": "-4991000000"}, {"fiscalDateEnding": "2017-12-31", "reportedCurrency": "USD", "grossProfit": "5838000000", "totalRevenue": "14240000000", "costOfRevenue": "8402000000", "costofGoodsAndServicesSold": "8402000000", "operatingIncome": "188000000", "sellingGeneralAndAdministrative": "2972000000", "researchAndDevelopment": "1509000000", "operatingExpenses": "5650000000", "investmentIncomeNet": "None", "netInterestIncome": "-74000000", "interestIncome": "74000000", "interestExpense": "74000000", "nonInterestIncome": "None", "otherNonOperatingIncome": "None", "depreciation": "None", "depreciationAndAmortization": "1543000000", "incomeBeforeTax": "-374000000", "incomeTaxExpense": "-2943000000", "interestAndDebtExpense": "None", "netIncomeFromContinuingOperations": "2569000000", "comprehensiveIncomeNetOfTax": "None", "ebit": "-743000000", "ebitda": "800000000", "netIncome": "2534000000"}, {"fiscalDateEnding": "2016-12-31", "reportedCurrency": "USD", "grossProfit": "5650000000", "totalRevenue": "14041000000", "costOfRevenue": "8391000000", "costofGoodsAndServicesSold": "8391000000", "operatingIncome": "886000000", "sellingGeneralAndAdministrative": "2937000000", "researchAndDevelopment": "1507000000", "operatingExpenses": "4764000000", "investmentIncomeNet": "None", "netInterestIncome": "-101000000", "interestIncome": "101000000", "interestExpense": "101000000", "nonInterestIncome": "None", "otherNonOperatingIncome": "None", "depreciation": "None", "depreciationAndAmortization": "1226000000", "incomeBeforeTax": "258000000", "incomeTaxExpense": "-270000000", "interestAndDebtExpense": "None", "netIncomeFromContinuingOperations": "528000000", "comprehensiveIncomeNetOfTax": "None", "ebit": "3093000000", "ebitda": "4319000000", "netIncome": "503000000"}], "quarterlyReports": [{"fiscalDateEnding": "2024-12-31", "reportedCurrency": "USD", "grossProfit": "1482000000", "totalRevenue": "3978000000", "costOfRevenue": "2496000000", "costofGoodsAndServicesSold": "2496000000", "operatingIncome": "327000000", "sellingGeneralAndAdministrative": "626000000", "researchAndDevelopment": "365000000", "operatingExpenses": "1155000000", "investmentIncomeNet": "None", "netInterestIncome": "-21000000", "interestIncome": "39000000", "interestExpense": "60000000", "nonInterestIncome": "None", "otherNonOperatingIncome": "None", "depreciation": "None", "depreciationAndAmortization": "302000000", "incomeBeforeTax": "88000000", "incomeTaxExpense": "138000000", "interestAndDebtExpense": "None", "netIncomeFromContinuingOperations": "-50000000", "comprehensiveIncomeNetOfTax": "None", "ebit": "148000000", "ebitda": "450000000", "netIncome": "-41000000"}, {"fiscalDateEnding": "2024-09-30", "reportedCurrency": "USD", "grossProfit": "761000000", "totalRevenue": "2326000000", "costOfRevenue": "1565000000", "costofGoodsAndServicesSold": "1565000000", "operatingIncome": "-519000000", "sellingGeneralAndAdministrative": "708000000", "researchAndDevelopment": "348000000", "operatingExpenses": "1226000000", "investmentIncomeNet": "None", "netInterestIncome": "-33000000", "interestIncome": "33000000", "interestExpense": "66000000", "nonInterestIncome": "None", "otherNonOperatingIncome": "None", "depreciation": "None", "depreciationAndAmortization": "306000000", "incomeBeforeTax": "-633000000", "incomeTaxExpense": "-114000000", "interestAndDebtExpense": "None", "netIncomeFromContinuingOperations": "-519000000", "comprehensiveIncomeNetOfTax": "None", "ebit": "-567000000", "ebitda": "-261000000", "netIncome": "-524000000"}, {"fiscalDateEnding": "2024-06-30", "reportedCurrency": "USD", "grossProfit": "3012000000", "totalRevenue": "6112000000", "costOfRevenue": "3100000000", "costofGoodsAndServicesSold": "3100000000", "operatingIncome": "1601000000", "sellingGeneralAndAdministrative": "1090000000", "researchAndDevelopment": "357000000", "operatingExpenses": "1411000000", "investmentIncomeNet": "None", "netInterestIncome": "-41000000", "interestIncome": "25000000", "interestExpense": "66000000", "nonInterestIncome": "None", "otherNonOperatingIncome": "None", "depreciation": "None", "depreciationAndAmortization": "312000000", "incomeBeforeTax": "1338000000", "incomeTaxExpense": "282000000", "interestAndDebtExpense": "None", "netIncomeFromContinuingOperations": "1056000000", "comprehensiveIncomeNetOfTax": "None", "ebit": "1404000000", "ebitda": "1716000000", "netIncome": "1053000000"}, {"fiscalDateEnding": "2024-03-31", "reportedCurrency": "USD", "grossProfit": "1825000000", "totalRevenue": "4492000000", "costOfRevenue": "2667000000", "costofGoodsAndServicesSold": "2667000000", "operatingIncome": "757000000", "sellingGeneralAndAdministrative": "772000000", "researchAndDevelopment": "332000000", "operatingExpenses": "1068000000", "investmentIncomeNet": "None", "netInterestIncome": "-6000000", "interestIncome": "35000000", "interestExpense": "41000000", "nonInterestIncome": "None", "otherNonOperatingIncome": "None", "depreciation": "None", "depreciationAndAmortization": "307000000", "incomeBeforeTax": "482000000", "incomeTaxExpense": "106000000", "interestAndDebtExpense": "None", "netIncomeFromContinuingOperations": "376000000", "comprehensiveIncomeNetOfTax": "None", "ebit": "661000000", "ebitda": "968000000", "netIncome": "419000000"}, {"fiscalDateEnding": "2023-12-31", "reportedCurrency": "USD", "grossProfit": "1341000000", "totalRevenue": "3707000000", "costOfRevenue": "2366000000", "costofGoodsAndServicesSold": "2366000000", "operatingIncome": "124000000", "sellingGeneralAndAdministrative": "700000000", "researchAndDevelopment": "357000000", "operatingExpenses": "1176000000", "investmentIncomeNet": "None", "netInterestIncome": "68000000", "interestIncome": "130000000", "interestExpense": "62000000", "nonInterestIncome": "None", "otherNonOperatingIncome": "None", "depreciation": "None", "depreciationAndAmortization": "312000000", "incomeBeforeTax": "-323000000", "incomeTaxExpense": "-92000000", "interestAndDebtExpense": "None", "netIncomeFromContinuingOperations": "-231000000", "comprehensiveIncomeNetOfTax": "None", "ebit": "-261000000", "ebitda": "51000000", "netIncome": "-253000000"}, {"fiscalDateEnding": "2023-09-30", "reportedCurrency": "USD", "grossProfit": "944000000", "totalRevenue": "2590000000", "costOfRevenue": "1646000000", "costofGoodsAndServicesSold": "1646000000", "operatingIncome": "-315000000", "sellingGeneralAndAdministrative": "700000000", "researchAndDevelopment": "335000000", "operatingExpenses": "1005000000", "investmentIncomeNet": "None", "netInterestIncome": "-58000000", "interestIncome": "59000000", "interestExpense": "58000000", "nonInterestIncome": "None", "otherNonOperatingIncome": "None", "depreciation": "None", "depreciationAndAmortization": "306000000", "incomeBeforeTax": "-444000000", "incomeTaxExpense": "-129000000", "interestAndDebtExpense": "None", "netIncomeFromContinuingOperations": "-315000000", "comprehensiveIncomeNetOfTax": "None", "ebit": "-386000000", "ebitda": "-80000000", "netIncome": "-321000000"}, {"fiscalDateEnding": "2023-06-30", "reportedCurrency": "USD", "grossProfit": "2908000000", "totalRevenue": "6045000000", "costOfRevenue": "3137000000", "costofGoodsAndServicesSold": "3137000000", "operatingIncome": "880000000", "sellingGeneralAndAdministrative": "1045000000", "researchAndDevelopment": "329000000", "operatingExpenses": "1548000000", "investmentIncomeNet": "None", "netInterestIncome": "-82000000", "interestIncome": "54000000", "interestExpense": "82000000", "nonInterestIncome": "None", "otherNonOperatingIncome": "None", "depreciation": "None", "depreciationAndAmortization": "306000000", "incomeBeforeTax": "1084000000", "incomeTaxExpense": "204000000", "interestAndDebtExpense": "None", "netIncomeFromContinuingOperations": "880000000", "comprehensiveIncomeNetOfTax": "None", "ebit": "1364000000", "ebitda": "1670000000", "netIncome": "714000000"}, {"fiscalDateEnding": "2023-03-31", "reportedCurrency": "USD", "grossProfit": "2113000000", "totalRevenue": "4884000000", "costOfRevenue": "2771000000", "costofGoodsAndServicesSold": "2771000000", "operatingIncome": "840000000", "sellingGeneralAndAdministrative": "757000000", "researchAndDevelopment": "316000000", "operatingExpenses": "1202000000", "investmentIncomeNet": "None", "netInterestIncome": "-31000000", "interestIncome": "40000000", "interestExpense": "31000000", "nonInterestIncome": "None", "otherNonOperatingIncome": "None", "depreciation": "None", "depreciationAndAmortization": "287000000", "incomeBeforeTax": "776000000", "incomeTaxExpense": "169000000", "interestAndDebtExpense": "None", "netIncomeFromContinuingOperations": "607000000", "comprehensiveIncomeNetOfTax": "None", "ebit": "891000000", "ebitda": "1178000000", "netIncome": "595000000"}, {"fiscalDateEnding": "2022-12-31", "reportedCurrency": "USD", "grossProfit": "1315000000", "totalRevenue": "3825000000", "costOfRevenue": "2510000000", "costofGoodsAndServicesSold": "2510000000", "operatingIncome": "-104000000", "sellingGeneralAndAdministrative": "764000000", "researchAndDevelopment": "340000000", "operatingExpenses": "1270000000", "investmentIncomeNet": "None", "netInterestIncome": "-36000000", "interestIncome": "49000000", "interestExpense": "36000000", "nonInterestIncome": "None", "otherNonOperatingIncome": "-60000000", "depreciation": "None", "depreciationAndAmortization": "304000000", "incomeBeforeTax": "-203000000", "incomeTaxExpense": "-162000000", "interestAndDebtExpense": "None", "netIncomeFromContinuingOperations": "-41000000", "comprehensiveIncomeNetOfTax": "None", "ebit": "-167000000", "ebitda": "137000000", "netIncome": "-41000000"}, {"fiscalDateEnding": "2022-09-30", "reportedCurrency": "USD", "grossProfit": "898000000", "totalRevenue": "2777000000", "costOfRevenue": "1879000000", "costofGoodsAndServicesSold": "1879000000", "operatingIncome": "-226000000", "sellingGeneralAndAdministrative": "657000000", "researchAndDevelopment": "312000000", "operatingExpenses": "1147000000", "investmentIncomeNet": "None", "netInterestIncome": "18000000", "interestIncome": "36000000", "interestExpense": "18000000", "nonInterestIncome": "None", "otherNonOperatingIncome": "None", "depreciation": "None", "depreciationAndAmortization": "310000000", "incomeBeforeTax": "-396000000", "incomeTaxExpense": "-74000000", "interestAndDebtExpense": "None", "netIncomeFromContinuingOperations": "-322000000", "comprehensiveIncomeNetOfTax": "None", "ebit": "-378000000", "ebitda": "-68000000", "netIncome": "-322000000"}, {"fiscalDateEnding": "2022-06-30", "reportedCurrency": "USD", "grossProfit": "2929000000", "totalRevenue": "6252000000", "costOfRevenue": "3323000000", "costofGoodsAndServicesSold": "3323000000", "operatingIncome": "1486000000", "sellingGeneralAndAdministrative": "1017000000", "researchAndDevelopment": "296000000", "operatingExpenses": "1492000000", "investmentIncomeNet": "None", "netInterestIncome": "8000000", "interestIncome": "24000000", "interestExpense": "16000000", "nonInterestIncome": "None", "otherNonOperatingIncome": "None", "depreciation": "None", "depreciationAndAmortization": "302000000", "incomeBeforeTax": "1327000000", "incomeTaxExpense": "325000000", "interestAndDebtExpense": "None", "netIncomeFromContinuingOperations": "1002000000", "comprehensiveIncomeNetOfTax": "None", "ebit": "1510000000", "ebitda": "1812000000", "netIncome": "969000000"}, {"fiscalDateEnding": "2022-03-31", "reportedCurrency": "USD", "grossProfit": "1877000000", "totalRevenue": "4601000000", "costOfRevenue": "2724000000", "costofGoodsAndServicesSold": "2724000000", "operatingIncome": "712000000", "sellingGeneralAndAdministrative": "735000000", "researchAndDevelopment": "268000000", "operatingExpenses": "1182000000", "investmentIncomeNet": "None", "netInterestIncome": "-9000000", "interestIncome": "15000000", "interestExpense": "9000000", "nonInterestIncome": "None", "otherNonOperatingIncome": "None", "depreciation": "None", "depreciationAndAmortization": "307000000", "incomeBeforeTax": "698000000", "incomeTaxExpense": "121000000", "interestAndDebtExpense": "None", "netIncomeFromContinuingOperations": "577000000", "comprehensiveIncomeNetOfTax": "None", "ebit": "712000000", "ebitda": "1019000000", "netIncome": "564000000"}, {"fiscalDateEnding": "2021-12-31", "reportedCurrency": "USD", "grossProfit": "1247000000", "totalRevenue": "3479000000", "costOfRevenue": "2232000000", "costofGoodsAndServicesSold": "2232000000", "operatingIncome": "257000000", "sellingGeneralAndAdministrative": "1670000000", "researchAndDevelopment": "316000000", "operatingExpenses": "1301000000", "investmentIncomeNet": "None", "netInterestIncome": "-8000000", "interestIncome": "19000000", "interestExpense": "8000000", "nonInterestIncome": "None", "otherNonOperatingIncome": "1348000000", "depreciation": "None", "depreciationAndAmortization": "317000000", "incomeBeforeTax": "245000000", "incomeTaxExpense": "90000000", "interestAndDebtExpense": "None", "netIncomeFromContinuingOperations": "155000000", "comprehensiveIncomeNetOfTax": "None", "ebit": "285000000", "ebitda": "602000000", "netIncome": "159000000"}, {"fiscalDateEnding": "2021-09-30", "reportedCurrency": "USD", "grossProfit": "813000000", "totalRevenue": "2371000000", "costOfRevenue": "1558000000", "costofGoodsAndServicesSold": "1558000000", "operatingIncome": "-336000000", "sellingGeneralAndAdministrative": "672000000", "researchAndDevelopment": "297000000", "operatingExpenses": "1149000000", "investmentIncomeNet": "None", "netInterestIncome": "-8000000", "interestIncome": "19000000", "interestExpense": "8000000", "nonInterestIncome": "None", "otherNonOperatingIncome": "None", "depreciation": "None", "depreciationAndAmortization": "309000000", "incomeBeforeTax": "8000000", "incomeTaxExpense": "-28000000", "interestAndDebtExpense": "None", "netIncomeFromContinuingOperations": "36000000", "comprehensiveIncomeNetOfTax": "None", "ebit": "-10000000", "ebitda": "299000000", "netIncome": "30000000"}, {"fiscalDateEnding": "2021-06-30", "reportedCurrency": "USD", "grossProfit": "2617000000", "totalRevenue": "5627000000", "costOfRevenue": "3010000000", "costofGoodsAndServicesSold": "3010000000", "operatingIncome": "1146000000", "sellingGeneralAndAdministrative": "998000000", "researchAndDevelopment": "293000000", "operatingExpenses": "1471000000", "investmentIncomeNet": "None", "netInterestIncome": "11000000", "interestIncome": "18000000", "interestExpense": "7000000", "nonInterestIncome": "None", "otherNonOperatingIncome": "None", "depreciation": "None", "depreciationAndAmortization": "313000000", "incomeBeforeTax": "1302000000", "incomeTaxExpense": "284000000", "interestAndDebtExpense": "None", "netIncomeFromContinuingOperations": "1018000000", "comprehensiveIncomeNetOfTax": "None", "ebit": "1474000000", "ebitda": "1787000000", "netIncome": "970000000"}, {"fiscalDateEnding": "2021-03-31", "reportedCurrency": "USD", "grossProfit": "1758000000", "totalRevenue": "4178000000", "costOfRevenue": "2420000000", "costofGoodsAndServicesSold": "2420000000", "operatingIncome": "561000000", "sellingGeneralAndAdministrative": "733000000", "researchAndDevelopment": "281000000", "operatingExpenses": "1197000000", "investmentIncomeNet": "None", "netInterestIncome": "-7000000", "interestIncome": "21000000", "interestExpense": "7000000", "nonInterestIncome": "None", "otherNonOperatingIncome": "None", "depreciation": "None", "depreciationAndAmortization": "304000000", "incomeBeforeTax": "791000000", "incomeTaxExpense": "178000000", "interestAndDebtExpense": "None", "netIncomeFromContinuingOperations": "613000000", "comprehensiveIncomeNetOfTax": "None", "ebit": "886000000", "ebitda": "1190000000", "netIncome": "600000000"}, {"fiscalDateEnding": "2020-12-31", "reportedCurrency": "USD", "grossProfit": "1095000000", "totalRevenue": "3207000000", "costOfRevenue": "2112000000", "costofGoodsAndServicesSold": "2112000000", "operatingIncome": "-115000000", "sellingGeneralAndAdministrative": "724000000", "researchAndDevelopment": "305000000", "operatingExpenses": "1210000000", "investmentIncomeNet": "None", "netInterestIncome": "-10000000", "interestIncome": "36000000", "interestExpense": "10000000", "nonInterestIncome": "None", "otherNonOperatingIncome": "None", "depreciation": "None", "depreciationAndAmortization": "309000000", "incomeBeforeTax": "-70000000", "incomeTaxExpense": "-169000000", "interestAndDebtExpense": "None", "netIncomeFromContinuingOperations": "99000000", "comprehensiveIncomeNetOfTax": "None", "ebit": "-60000000", "ebitda": "249000000", "netIncome": "41000000"}, {"fiscalDateEnding": "2020-09-30", "reportedCurrency": "USD", "grossProfit": "566000000", "totalRevenue": "1863000000", "costOfRevenue": "1297000000", "costofGoodsAndServicesSold": "1297000000", "operatingIncome": "-477000000", "sellingGeneralAndAdministrative": "597000000", "researchAndDevelopment": "284000000", "operatingExpenses": "1043000000", "investmentIncomeNet": "None", "netInterestIncome": "-11000000", "interestIncome": "67000000", "interestExpense": "11000000", "nonInterestIncome": "None", "otherNonOperatingIncome": "None", "depreciation": "None", "depreciationAndAmortization": "285000000", "incomeBeforeTax": "-507000000", "incomeTaxExpense": "-117000000", "interestAndDebtExpense": "None", "netIncomeFromContinuingOperations": "-390000000", "comprehensiveIncomeNetOfTax": "None", "ebit": "-496000000", "ebitda": "-211000000", "netIncome": "-392000000"}, {"fiscalDateEnding": "2020-06-30", "reportedCurrency": "USD", "grossProfit": "2362000000", "totalRevenue": "5191000000", "costOfRevenue": "2829000000", "costofGoodsAndServicesSold": "2829000000", "operatingIncome": "948000000", "sellingGeneralAndAdministrative": "965000000", "researchAndDevelopment": "273000000", "operatingExpenses": "1414000000", "investmentIncomeNet": "None", "netInterestIncome": "-5000000", "interestIncome": "9000000", "interestExpense": "14000000", "nonInterestIncome": "None", "otherNonOperatingIncome": "None", "depreciation": "None", "depreciationAndAmortization": "300000000", "incomeBeforeTax": "844000000", "incomeTaxExpense": "78000000", "interestAndDebtExpense": "None", "netIncomeFromContinuingOperations": "766000000", "comprehensiveIncomeNetOfTax": "None", "ebit": "1039000000", "ebitda": "1339000000", "netIncome": "760000000"}, {"fiscalDateEnding": "2020-03-31", "reportedCurrency": "USD", "grossProfit": "1687000000", "totalRevenue": "3956000000", "costOfRevenue": "2269000000", "costofGoodsAndServicesSold": "2269000000", "operatingIncome": "487000000", "sellingGeneralAndAdministrative": "757000000", "researchAndDevelopment": "280000000", "operatingExpenses": "1200000000", "investmentIncomeNet": "None", "netInterestIncome": "8000000", "interestIncome": "18000000", "interestExpense": "10000000", "nonInterestIncome": "None", "otherNonOperatingIncome": "None", "depreciation": "None", "depreciationAndAmortization": "283000000", "incomeBeforeTax": "408000000", "incomeTaxExpense": "127000000", "interestAndDebtExpense": "None", "netIncomeFromContinuingOperations": "281000000", "comprehensiveIncomeNetOfTax": "None", "ebit": "578000000", "ebitda": "861000000", "netIncome": "272000000"}, {"fiscalDateEnding": "2019-12-31", "reportedCurrency": "USD", "grossProfit": "1015000000", "totalRevenue": "2983000000", "costOfRevenue": "1968000000", "costofGoodsAndServicesSold": "1968000000", "operatingIncome": "-183000000", "sellingGeneralAndAdministrative": "747000000", "researchAndDevelopment": "290000000", "operatingExpenses": "1198000000", "investmentIncomeNet": "None", "netInterestIncome": "-11000000", "interestIncome": "13000000", "interestExpense": "24000000", "nonInterestIncome": "None", "otherNonOperatingIncome": "None", "depreciation": "None", "depreciationAndAmortization": "161000000", "incomeBeforeTax": "-187000000", "incomeTaxExpense": "-145000000", "interestAndDebtExpense": "None", "netIncomeFromContinuingOperations": "-42000000", "comprehensiveIncomeNetOfTax": "None", "ebit": "-35000000", "ebitda": "126000000", "netIncome": "-21000000"}, {"fiscalDateEnding": "2019-09-30", "reportedCurrency": "USD", "grossProfit": "562000000", "totalRevenue": "1911000000", "costOfRevenue": "1349000000", "costofGoodsAndServicesSold": "1349000000", "operatingIncome": "-473000000", "sellingGeneralAndAdministrative": "646000000", "researchAndDevelopment": "289000000", "operatingExpenses": "1035000000", "investmentIncomeNet": "None", "netInterestIncome": "-6000000", "interestIncome": "13000000", "interestExpense": "19000000", "nonInterestIncome": "None", "otherNonOperatingIncome": "None", "depreciation": "None", "depreciationAndAmortization": "226000000", "incomeBeforeTax": "-631000000", "incomeTaxExpense": "-104000000", "interestAndDebtExpense": "None", "netIncomeFromContinuingOperations": "-527000000", "comprehensiveIncomeNetOfTax": "None", "ebit": "-612000000", "ebitda": "-386000000", "netIncome": "-494000000"}, {"fiscalDateEnding": "2019-06-30", "reportedCurrency": "USD", "grossProfit": "2509000000", "totalRevenue": "5556000000", "costOfRevenue": "3047000000", "costofGoodsAndServicesSold": "3047000000", "operatingIncome": "1190000000", "sellingGeneralAndAdministrative": "937000000", "researchAndDevelopment": "269000000", "operatingExpenses": "1319000000", "investmentIncomeNet": "None", "netInterestIncome": "-17000000", "interestIncome": "17000000", "interestExpense": "34000000", "nonInterestIncome": "None", "otherNonOperatingIncome": "None", "depreciation": "None", "depreciationAndAmortization": "406000000", "incomeBeforeTax": "753000000", "incomeTaxExpense": "270000000", "interestAndDebtExpense": "None", "netIncomeFromContinuingOperations": "483000000", "comprehensiveIncomeNetOfTax": "None", "ebit": "752000000", "ebitda": "1158000000", "netIncome": "-608000000"}, {"fiscalDateEnding": "2019-03-31", "reportedCurrency": "USD", "grossProfit": "2053000000", "totalRevenue": "6288000000", "costOfRevenue": "4235000000", "costofGoodsAndServicesSold": "4235000000", "operatingIncome": "565000000", "sellingGeneralAndAdministrative": "970000000", "researchAndDevelopment": "355000000", "operatingExpenses": "1488000000", "investmentIncomeNet": "None", "netInterestIncome": "-56000000", "interestIncome": "70000000", "interestExpense": "56000000", "nonInterestIncome": "None", "otherNonOperatingIncome": "None", "depreciation": "None", "depreciationAndAmortization": "678000000", "incomeBeforeTax": "49000000", "incomeTaxExpense": "-40000000", "interestAndDebtExpense": "None", "netIncomeFromContinuingOperations": "89000000", "comprehensiveIncomeNetOfTax": "None", "ebit": "-589000000", "ebitda": "89000000", "netIncome": "89000000"}, {"fiscalDateEnding": "2018-12-31", "reportedCurrency": "USD", "grossProfit": "2218000000", "totalRevenue": "2815000000", "costOfRevenue": "597000000", "costofGoodsAndServicesSold": "597000000", "operatingIncome": "1383000000", "sellingGeneralAndAdministrative": "555000000", "researchAndDevelopment": "422000000", "operatingExpenses": "835000000", "investmentIncomeNet": "None", "netInterestIncome": "None", "interestIncome": "None", "interestExpense": "175000000", "nonInterestIncome": "None", "otherNonOperatingIncome": "None", "depreciation": "None", "depreciationAndAmortization": "698000000", "incomeBeforeTax": "1338000000", "incomeTaxExpense": "595000000", "interestAndDebtExpense": "None", "netIncomeFromContinuingOperations": "-715000000", "comprehensiveIncomeNetOfTax": "None", "ebit": "1163000000", "ebitda": "1861000000", "netIncome": "-457000000"}, {"fiscalDateEnding": "2018-09-30", "reportedCurrency": "USD", "grossProfit": "462000000", "totalRevenue": "1947000000", "costOfRevenue": "1485000000", "costofGoodsAndServicesSold": "1485000000", "operatingIncome": "-584000000", "sellingGeneralAndAdministrative": "633000000", "researchAndDevelopment": "325000000", "operatingExpenses": "1046000000", "investmentIncomeNet": "None", "netInterestIncome": "None", "interestIncome": "None", "interestExpense": "82000000", "nonInterestIncome": "None", "otherNonOperatingIncome": "None", "depreciation": "None", "depreciationAndAmortization": "682000000", "incomeBeforeTax": "-5650000000", "incomeTaxExpense": "-8000000", "interestAndDebtExpense": "None", "netIncomeFromContinuingOperations": "-167000000", "comprehensiveIncomeNetOfTax": "None", "ebit": "-4914000000", "ebitda": "-4232000000", "netIncome": "-5121000000"}, {"fiscalDateEnding": "2018-06-30", "reportedCurrency": "USD", "grossProfit": "2044000000", "totalRevenue": "5731000000", "costOfRevenue": "3687000000", "costofGoodsAndServicesSold": "3687000000", "operatingIncome": "618000000", "sellingGeneralAndAdministrative": "965000000", "researchAndDevelopment": "354000000", "operatingExpenses": "1426000000", "investmentIncomeNet": "None", "netInterestIncome": "None", "interestIncome": "None", "interestExpense": "88000000", "nonInterestIncome": "None", "otherNonOperatingIncome": "None", "depreciation": "None", "depreciationAndAmortization": "763000000", "incomeBeforeTax": "308000000", "incomeTaxExpense": "-67000000", "interestAndDebtExpense": "None", "netIncomeFromContinuingOperations": "153500000", "comprehensiveIncomeNetOfTax": "None", "ebit": "715000000", "ebitda": "1478000000", "netIncome": "694000000"}, {"fiscalDateEnding": "2018-03-31", "reportedCurrency": "USD", "grossProfit": "1852000000", "totalRevenue": "6699000000", "costOfRevenue": "4847000000", "costofGoodsAndServicesSold": "4847000000", "operatingIncome": "243000000", "sellingGeneralAndAdministrative": "959000000", "researchAndDevelopment": "382000000", "operatingExpenses": "1609000000", "investmentIncomeNet": "None", "netInterestIncome": "None", "interestIncome": "None", "interestExpense": "80000000", "nonInterestIncome": "None", "otherNonOperatingIncome": "None", "depreciation": "None", "depreciationAndAmortization": "647000000", "incomeBeforeTax": "-189000000", "incomeTaxExpense": "27000000", "interestAndDebtExpense": "None", "netIncomeFromContinuingOperations": "153500000", "comprehensiveIncomeNetOfTax": "None", "ebit": "-109000000", "ebitda": "538000000", "netIncome": "-221000000"}, {"fiscalDateEnding": "2017-12-31", "reportedCurrency": "None", "grossProfit": "913000000", "totalRevenue": "2827000000", "costOfRevenue": "1914000000", "costofGoodsAndServicesSold": "1914000000", "operatingIncome": "-190000000", "sellingGeneralAndAdministrative": "None", "researchAndDevelopment": "383000000", "operatingExpenses": "1397000000", "investmentIncomeNet": "None", "netInterestIncome": "None", "interestIncome": "None", "interestExpense": "None", "nonInterestIncome": "None", "otherNonOperatingIncome": "None", "depreciation": "None", "depreciationAndAmortization": "77000000", "incomeBeforeTax": "-470000000", "incomeTaxExpense": "2672000000", "interestAndDebtExpense": "None", "netIncomeFromContinuingOperations": "None", "comprehensiveIncomeNetOfTax": "None", "ebit": "-190000000", "ebitda": "-113000000", "netIncome": "2196000000"}, {"fiscalDateEnding": "2017-09-30", "reportedCurrency": "None", "grossProfit": "536000000", "totalRevenue": "1868000000", "costOfRevenue": "1332000000", "costofGoodsAndServicesSold": "1332000000", "operatingIncome": "-579000000", "sellingGeneralAndAdministrative": "None", "researchAndDevelopment": "387000000", "operatingExpenses": "1219000000", "investmentIncomeNet": "None", "netInterestIncome": "None", "interestIncome": "None", "interestExpense": "None", "nonInterestIncome": "None", "otherNonOperatingIncome": "None", "depreciation": "None", "depreciationAndAmortization": "60000000", "incomeBeforeTax": "-633000000", "incomeTaxExpense": "213000000", "interestAndDebtExpense": "None", "netIncomeFromContinuingOperations": "None", "comprehensiveIncomeNetOfTax": "None", "ebit": "-579000000", "ebitda": "-519000000", "netIncome": "-848000000"}, {"fiscalDateEnding": "2017-06-30", "reportedCurrency": "None", "grossProfit": "2194500000", "totalRevenue": "4772500000", "costOfRevenue": "2578000000", "costofGoodsAndServicesSold": "2578000000", "operatingIncome": "928000000", "sellingGeneralAndAdministrative": "None", "researchAndDevelopment": "369500000", "operatingExpenses": "1761000000", "investmentIncomeNet": "None", "netInterestIncome": "None", "interestIncome": "None", "interestExpense": "None", "nonInterestIncome": "None", "otherNonOperatingIncome": "None", "depreciation": "None", "depreciationAndAmortization": "66500000", "incomeBeforeTax": "364500000", "incomeTaxExpense": "242000000", "interestAndDebtExpense": "None", "netIncomeFromContinuingOperations": "None", "comprehensiveIncomeNetOfTax": "None", "ebit": "928000000", "ebitda": "994500000", "netIncome": "593000000"}, {"fiscalDateEnding": "2017-03-31", "reportedCurrency": "None", "grossProfit": "2194500000", "totalRevenue": "4772500000", "costOfRevenue": "2578000000", "costofGoodsAndServicesSold": "2578000000", "operatingIncome": "928000000", "sellingGeneralAndAdministrative": "None", "researchAndDevelopment": "369500000", "operatingExpenses": "1761000000", "investmentIncomeNet": "None", "netInterestIncome": "None", "interestIncome": "None", "interestExpense": "None", "nonInterestIncome": "None", "otherNonOperatingIncome": "None", "depreciation": "None", "depreciationAndAmortization": "66500000", "incomeBeforeTax": "364500000", "incomeTaxExpense": "242000000", "interestAndDebtExpense": "None", "netIncomeFromContinuingOperations": "None", "comprehensiveIncomeNetOfTax": "None", "ebit": "928000000", "ebitda": "994500000", "netIncome": "593000000"}]}