{"symbol": "HD", "annualReports": [{"fiscalDateEnding": "2025-01-31", "reportedCurrency": "USD", "grossProfit": "53308000000", "totalRevenue": "159514000000", "costOfRevenue": "106206000000", "costofGoodsAndServicesSold": "106206000000", "operatingIncome": "21526000000", "sellingGeneralAndAdministrative": "28748000000", "researchAndDevelopment": "None", "operatingExpenses": "31782000000", "investmentIncomeNet": "None", "netInterestIncome": "-2120000000", "interestIncome": "201000000", "interestExpense": "2321000000", "nonInterestIncome": "None", "otherNonOperatingIncome": "None", "depreciation": "None", "depreciationAndAmortization": "3761000000", "incomeBeforeTax": "19406000000", "incomeTaxExpense": "4600000000", "interestAndDebtExpense": "None", "netIncomeFromContinuingOperations": "14806000000", "comprehensiveIncomeNetOfTax": "None", "ebit": "21727000000", "ebitda": "25488000000", "netIncome": "14806000000"}, {"fiscalDateEnding": "2024-01-31", "reportedCurrency": "USD", "grossProfit": "50960000000", "totalRevenue": "152669000000", "costOfRevenue": "101709000000", "costofGoodsAndServicesSold": "101709000000", "operatingIncome": "21689000000", "sellingGeneralAndAdministrative": "25498000000", "researchAndDevelopment": "None", "operatingExpenses": "29271000000", "investmentIncomeNet": "None", "netInterestIncome": "-1765000000", "interestIncome": "178000000", "interestExpense": "1943000000", "nonInterestIncome": "None", "otherNonOperatingIncome": "None", "depreciation": "None", "depreciationAndAmortization": "3247000000", "incomeBeforeTax": "19924000000", "incomeTaxExpense": "4781000000", "interestAndDebtExpense": "None", "netIncomeFromContinuingOperations": "15143000000", "comprehensiveIncomeNetOfTax": "None", "ebit": "21689000000", "ebitda": "24936000000", "netIncome": "15143000000"}, {"fiscalDateEnding": "2023-01-31", "reportedCurrency": "USD", "grossProfit": "52778000000", "totalRevenue": "157403000000", "costOfRevenue": "104625000000", "costofGoodsAndServicesSold": "104625000000", "operatingIncome": "24039000000", "sellingGeneralAndAdministrative": "25199000000", "researchAndDevelopment": "None", "operatingExpenses": "28739000000", "investmentIncomeNet": "None", "netInterestIncome": "-1562000000", "interestIncome": "55000000", "interestExpense": "1617000000", "nonInterestIncome": "None", "otherNonOperatingIncome": "55000000", "depreciation": "None", "depreciationAndAmortization": "2975000000", "incomeBeforeTax": "22477000000", "incomeTaxExpense": "5372000000", "interestAndDebtExpense": "None", "netIncomeFromContinuingOperations": "17105000000", "comprehensiveIncomeNetOfTax": "None", "ebit": "24094000000", "ebitda": "27069000000", "netIncome": "17105000000"}, {"fiscalDateEnding": "2022-01-31", "reportedCurrency": "USD", "grossProfit": "50832000000", "totalRevenue": "151157000000", "costOfRevenue": "100325000000", "costofGoodsAndServicesSold": "100325000000", "operatingIncome": "23040000000", "sellingGeneralAndAdministrative": "24362000000", "researchAndDevelopment": "None", "operatingExpenses": "27792000000", "investmentIncomeNet": "None", "netInterestIncome": "-1303000000", "interestIncome": "44000000", "interestExpense": "1347000000", "nonInterestIncome": "None", "otherNonOperatingIncome": "44000000", "depreciation": "None", "depreciationAndAmortization": "2862000000", "incomeBeforeTax": "21737000000", "incomeTaxExpense": "5304000000", "interestAndDebtExpense": "None", "netIncomeFromContinuingOperations": "16433000000", "comprehensiveIncomeNetOfTax": "None", "ebit": "23084000000", "ebitda": "25946000000", "netIncome": "16433000000"}, {"fiscalDateEnding": "2021-01-31", "reportedCurrency": "USD", "grossProfit": "44853000000", "totalRevenue": "132110000000", "costOfRevenue": "87257000000", "costofGoodsAndServicesSold": "87257000000", "operatingIncome": "18278000000", "sellingGeneralAndAdministrative": "23538000000", "researchAndDevelopment": "None", "operatingExpenses": "26575000000", "investmentIncomeNet": "None", "netInterestIncome": "-1300000000", "interestIncome": "47000000", "interestExpense": "1347000000", "nonInterestIncome": "None", "otherNonOperatingIncome": "None", "depreciation": "None", "depreciationAndAmortization": "2519000000", "incomeBeforeTax": "16978000000", "incomeTaxExpense": "4112000000", "interestAndDebtExpense": "None", "netIncomeFromContinuingOperations": "12866000000", "comprehensiveIncomeNetOfTax": "None", "ebit": "18325000000", "ebitda": "20844000000", "netIncome": "12866000000"}, {"fiscalDateEnding": "2020-01-31", "reportedCurrency": "USD", "grossProfit": "37572000000", "totalRevenue": "110225000000", "costOfRevenue": "72653000000", "costofGoodsAndServicesSold": "72653000000", "operatingIncome": "15843000000", "sellingGeneralAndAdministrative": "18836000000", "researchAndDevelopment": "None", "operatingExpenses": "21729000000", "investmentIncomeNet": "None", "netInterestIncome": "-1128000000", "interestIncome": "73000000", "interestExpense": "1201000000", "nonInterestIncome": "None", "otherNonOperatingIncome": "73000000", "depreciation": "None", "depreciationAndAmortization": "2296000000", "incomeBeforeTax": "14715000000", "incomeTaxExpense": "3473000000", "interestAndDebtExpense": "None", "netIncomeFromContinuingOperations": "11242000000", "comprehensiveIncomeNetOfTax": "None", "ebit": "15916000000", "ebitda": "18212000000", "netIncome": "11242000000"}, {"fiscalDateEnding": "2019-01-31", "reportedCurrency": "USD", "grossProfit": "37160000000", "totalRevenue": "108203000000", "costOfRevenue": "71043000000", "costofGoodsAndServicesSold": "71043000000", "operatingIncome": "15530000000", "sellingGeneralAndAdministrative": "19513000000", "researchAndDevelopment": "0", "operatingExpenses": "21383000000", "investmentIncomeNet": "None", "netInterestIncome": "-958000000", "interestIncome": "93000000", "interestExpense": "1051000000", "nonInterestIncome": "None", "otherNonOperatingIncome": "77000000", "depreciation": "None", "depreciationAndAmortization": "2152000000", "incomeBeforeTax": "14556000000", "incomeTaxExpense": "3435000000", "interestAndDebtExpense": "None", "netIncomeFromContinuingOperations": "11121000000", "comprehensiveIncomeNetOfTax": "None", "ebit": "15777000000", "ebitda": "17929000000", "netIncome": "11121000000"}, {"fiscalDateEnding": "2018-01-31", "reportedCurrency": "USD", "grossProfit": "34356000000", "totalRevenue": "100904000000", "costOfRevenue": "66548000000", "costofGoodsAndServicesSold": "66548000000", "operatingIncome": "14681000000", "sellingGeneralAndAdministrative": "17864000000", "researchAndDevelopment": "0", "operatingExpenses": "19675000000", "investmentIncomeNet": "None", "netInterestIncome": "-983000000", "interestIncome": "74000000", "interestExpense": "1057000000", "nonInterestIncome": "None", "otherNonOperatingIncome": "74000000", "depreciation": "None", "depreciationAndAmortization": "2062000000", "incomeBeforeTax": "13698000000", "incomeTaxExpense": "5068000000", "interestAndDebtExpense": "None", "netIncomeFromContinuingOperations": "8630000000", "comprehensiveIncomeNetOfTax": "None", "ebit": "14755000000", "ebitda": "16817000000", "netIncome": "8630000000"}, {"fiscalDateEnding": "2017-01-31", "reportedCurrency": "USD", "grossProfit": "32313000000", "totalRevenue": "94595000000", "costOfRevenue": "62282000000", "costofGoodsAndServicesSold": "62282000000", "operatingIncome": "13427000000", "sellingGeneralAndAdministrative": "17132000000", "researchAndDevelopment": "0", "operatingExpenses": "18886000000", "investmentIncomeNet": "None", "netInterestIncome": "-936000000", "interestIncome": "36000000", "interestExpense": "972000000", "nonInterestIncome": "None", "otherNonOperatingIncome": "36000000", "depreciation": "None", "depreciationAndAmortization": "1973000000", "incomeBeforeTax": "12491000000", "incomeTaxExpense": "4534000000", "interestAndDebtExpense": "None", "netIncomeFromContinuingOperations": "7957000000", "comprehensiveIncomeNetOfTax": "None", "ebit": "13463000000", "ebitda": "15436000000", "netIncome": "7957000000"}, {"fiscalDateEnding": "2016-01-31", "reportedCurrency": "USD", "grossProfit": "30265000000", "totalRevenue": "88519000000", "costOfRevenue": "58254000000", "costofGoodsAndServicesSold": "58254000000", "operatingIncome": "11774000000", "sellingGeneralAndAdministrative": "16062000000", "researchAndDevelopment": "0", "operatingExpenses": "18491000000", "investmentIncomeNet": "None", "netInterestIncome": "None", "interestIncome": "753000000", "interestExpense": "919000000", "nonInterestIncome": "None", "otherNonOperatingIncome": "166000000", "depreciation": "None", "depreciationAndAmortization": "1863000000", "incomeBeforeTax": "11021000000", "incomeTaxExpense": "4012000000", "interestAndDebtExpense": "None", "netIncomeFromContinuingOperations": "7009000000", "comprehensiveIncomeNetOfTax": "None", "ebit": "11940000000", "ebitda": "13803000000", "netIncome": "7009000000"}, {"fiscalDateEnding": "2015-01-31", "reportedCurrency": "USD", "grossProfit": "28954000000", "totalRevenue": "83176000000", "costOfRevenue": "54222000000", "costofGoodsAndServicesSold": "54222000000", "operatingIncome": "10469000000", "sellingGeneralAndAdministrative": "16280000000", "researchAndDevelopment": "0", "operatingExpenses": "18485000000", "investmentIncomeNet": "None", "netInterestIncome": "None", "interestIncome": "None", "interestExpense": "830000000", "nonInterestIncome": "None", "otherNonOperatingIncome": "337000000", "depreciation": "None", "depreciationAndAmortization": "1786000000", "incomeBeforeTax": "9976000000", "incomeTaxExpense": "3631000000", "interestAndDebtExpense": "None", "netIncomeFromContinuingOperations": "6345000000", "comprehensiveIncomeNetOfTax": "None", "ebit": "10806000000", "ebitda": "12592000000", "netIncome": "6345000000"}, {"fiscalDateEnding": "2014-01-31", "reportedCurrency": "USD", "grossProfit": "27390000000", "totalRevenue": "78812000000", "costOfRevenue": "51422000000", "costofGoodsAndServicesSold": "51422000000", "operatingIncome": "9166000000", "sellingGeneralAndAdministrative": "16597000000", "researchAndDevelopment": "0", "operatingExpenses": "18224000000", "investmentIncomeNet": "None", "netInterestIncome": "None", "interestIncome": "None", "interestExpense": "711000000", "nonInterestIncome": "None", "otherNonOperatingIncome": "12000000", "depreciation": "None", "depreciationAndAmortization": "1757000000", "incomeBeforeTax": "8467000000", "incomeTaxExpense": "3082000000", "interestAndDebtExpense": "None", "netIncomeFromContinuingOperations": "5385000000", "comprehensiveIncomeNetOfTax": "None", "ebit": "9178000000", "ebitda": "10935000000", "netIncome": "5385000000"}, {"fiscalDateEnding": "2013-01-31", "reportedCurrency": "USD", "grossProfit": "25842000000", "totalRevenue": "74754000000", "costOfRevenue": "48912000000", "costofGoodsAndServicesSold": "48912000000", "operatingIncome": "7766000000", "sellingGeneralAndAdministrative": "16508000000", "researchAndDevelopment": "0", "operatingExpenses": "18076000000", "investmentIncomeNet": "None", "netInterestIncome": "None", "interestIncome": "None", "interestExpense": "632000000", "nonInterestIncome": "None", "otherNonOperatingIncome": "87000000", "depreciation": "None", "depreciationAndAmortization": "1684000000", "incomeBeforeTax": "7221000000", "incomeTaxExpense": "2686000000", "interestAndDebtExpense": "None", "netIncomeFromContinuingOperations": "4535000000", "comprehensiveIncomeNetOfTax": "None", "ebit": "7853000000", "ebitda": "9537000000", "netIncome": "4535000000"}, {"fiscalDateEnding": "2012-01-31", "reportedCurrency": "USD", "grossProfit": "24262000000", "totalRevenue": "70395000000", "costOfRevenue": "46133000000", "costofGoodsAndServicesSold": "46133000000", "operatingIncome": "6661000000", "sellingGeneralAndAdministrative": "16028000000", "researchAndDevelopment": "0", "operatingExpenses": "17601000000", "investmentIncomeNet": "None", "netInterestIncome": "None", "interestIncome": "None", "interestExpense": "606000000", "nonInterestIncome": "None", "otherNonOperatingIncome": "13000000", "depreciation": "None", "depreciationAndAmortization": "1682000000", "incomeBeforeTax": "6068000000", "incomeTaxExpense": "2185000000", "interestAndDebtExpense": "None", "netIncomeFromContinuingOperations": "3883000000", "comprehensiveIncomeNetOfTax": "None", "ebit": "6674000000", "ebitda": "8356000000", "netIncome": "3883000000"}, {"fiscalDateEnding": "2011-01-31", "reportedCurrency": "USD", "grossProfit": "23304000000", "totalRevenue": "67997000000", "costOfRevenue": "44693000000", "costofGoodsAndServicesSold": "44693000000", "operatingIncome": "5839000000", "sellingGeneralAndAdministrative": "15849000000", "researchAndDevelopment": "0", "operatingExpenses": "17465000000", "investmentIncomeNet": "None", "netInterestIncome": "None", "interestIncome": "None", "interestExpense": "530000000", "nonInterestIncome": "None", "otherNonOperatingIncome": "-36000000", "depreciation": "None", "depreciationAndAmortization": "1718000000", "incomeBeforeTax": "5273000000", "incomeTaxExpense": "1935000000", "interestAndDebtExpense": "None", "netIncomeFromContinuingOperations": "3338000000", "comprehensiveIncomeNetOfTax": "None", "ebit": "5803000000", "ebitda": "7521000000", "netIncome": "3338000000"}, {"fiscalDateEnding": "2010-01-31", "reportedCurrency": "USD", "grossProfit": "22412000000", "totalRevenue": "66176000000", "costOfRevenue": "43764000000", "costofGoodsAndServicesSold": "43764000000", "operatingIncome": "4803000000", "sellingGeneralAndAdministrative": "15902000000", "researchAndDevelopment": "0", "operatingExpenses": "17609000000", "investmentIncomeNet": "None", "netInterestIncome": "None", "interestIncome": "None", "interestExpense": "676000000", "nonInterestIncome": "None", "otherNonOperatingIncome": "-145000000", "depreciation": "None", "depreciationAndAmortization": "1707000000", "incomeBeforeTax": "3982000000", "incomeTaxExpense": "1362000000", "interestAndDebtExpense": "None", "netIncomeFromContinuingOperations": "2620000000", "comprehensiveIncomeNetOfTax": "None", "ebit": "4757000000", "ebitda": "6464000000", "netIncome": "2661000000"}, {"fiscalDateEnding": "2009-01-31", "reportedCurrency": "USD", "grossProfit": "23990000000", "totalRevenue": "71288000000", "costOfRevenue": "47298000000", "costofGoodsAndServicesSold": "47298000000", "operatingIncome": "4359000000", "sellingGeneralAndAdministrative": "17846000000", "researchAndDevelopment": "None", "operatingExpenses": "19631000000", "investmentIncomeNet": "None", "netInterestIncome": "None", "interestIncome": "None", "interestExpense": "624000000", "nonInterestIncome": "None", "otherNonOperatingIncome": "None", "depreciation": "None", "depreciationAndAmortization": "1902000000", "incomeBeforeTax": "3590000000", "incomeTaxExpense": "1278000000", "interestAndDebtExpense": "None", "netIncomeFromContinuingOperations": "None", "comprehensiveIncomeNetOfTax": "None", "ebit": "4214000000", "ebitda": "6116000000", "netIncome": "2260000000"}, {"fiscalDateEnding": "2008-01-31", "reportedCurrency": "USD", "grossProfit": "25997000000", "totalRevenue": "77349000000", "costOfRevenue": "51352000000", "costofGoodsAndServicesSold": "51352000000", "operatingIncome": "7242000000", "sellingGeneralAndAdministrative": "17053000000", "researchAndDevelopment": "None", "operatingExpenses": "18755000000", "investmentIncomeNet": "None", "netInterestIncome": "None", "interestIncome": "None", "interestExpense": "437000000", "nonInterestIncome": "None", "otherNonOperatingIncome": "None", "depreciation": "None", "depreciationAndAmortization": "1906000000", "incomeBeforeTax": "6620000000", "incomeTaxExpense": "2410000000", "interestAndDebtExpense": "None", "netIncomeFromContinuingOperations": "None", "comprehensiveIncomeNetOfTax": "None", "ebit": "7316000000", "ebitda": "9222000000", "netIncome": "4395000000"}, {"fiscalDateEnding": "2007-01-31", "reportedCurrency": "USD", "grossProfit": "29783000000", "totalRevenue": "90837000000", "costOfRevenue": "61054000000", "costofGoodsAndServicesSold": "61054000000", "operatingIncome": "9673000000", "sellingGeneralAndAdministrative": "18348000000", "researchAndDevelopment": "None", "operatingExpenses": "20110000000", "investmentIncomeNet": "None", "netInterestIncome": "None", "interestIncome": "None", "interestExpense": "365000000", "nonInterestIncome": "None", "otherNonOperatingIncome": "None", "depreciation": "None", "depreciationAndAmortization": "1886000000", "incomeBeforeTax": "9308000000", "incomeTaxExpense": "3547000000", "interestAndDebtExpense": "None", "netIncomeFromContinuingOperations": "None", "comprehensiveIncomeNetOfTax": "None", "ebit": "9673000000", "ebitda": "11559000000", "netIncome": "5761000000"}, {"fiscalDateEnding": "2006-01-31", "reportedCurrency": "USD", "grossProfit": "27320000000", "totalRevenue": "81511000000", "costOfRevenue": "54191000000", "costofGoodsAndServicesSold": "54191000000", "operatingIncome": "9363000000", "sellingGeneralAndAdministrative": "16485000000", "researchAndDevelopment": "None", "operatingExpenses": "17957000000", "investmentIncomeNet": "None", "netInterestIncome": "None", "interestIncome": "None", "interestExpense": "81000000", "nonInterestIncome": "None", "otherNonOperatingIncome": "None", "depreciation": "None", "depreciationAndAmortization": "1579000000", "incomeBeforeTax": "9282000000", "incomeTaxExpense": "3444000000", "interestAndDebtExpense": "None", "netIncomeFromContinuingOperations": "None", "comprehensiveIncomeNetOfTax": "None", "ebit": "9363000000", "ebitda": "10942000000", "netIncome": "5838000000"}], "quarterlyReports": [{"fiscalDateEnding": "2025-01-31", "reportedCurrency": "USD", "grossProfit": "13034000000", "totalRevenue": "39704000000", "costOfRevenue": "26670000000", "costofGoodsAndServicesSold": "26670000000", "operatingIncome": "4495000000", "sellingGeneralAndAdministrative": "7725000000", "researchAndDevelopment": "None", "operatingExpenses": "8539000000", "investmentIncomeNet": "None", "netInterestIncome": "-608000000", "interestIncome": "30000000", "interestExpense": "638000000", "nonInterestIncome": "None", "otherNonOperatingIncome": "None", "depreciation": "None", "depreciationAndAmortization": "814000000", "incomeBeforeTax": "3887000000", "incomeTaxExpense": "890000000", "interestAndDebtExpense": "None", "netIncomeFromContinuingOperations": "2997000000", "comprehensiveIncomeNetOfTax": "None", "ebit": "4525000000", "ebitda": "5339000000", "netIncome": "2997000000"}, {"fiscalDateEnding": "2024-10-31", "reportedCurrency": "USD", "grossProfit": "13425000000", "totalRevenue": "40217000000", "costOfRevenue": "26792000000", "costofGoodsAndServicesSold": "26792000000", "operatingIncome": "5418000000", "sellingGeneralAndAdministrative": "7212000000", "researchAndDevelopment": "None", "operatingExpenses": "8007000000", "investmentIncomeNet": "None", "netInterestIncome": "-595000000", "interestIncome": "30000000", "interestExpense": "625000000", "nonInterestIncome": "None", "otherNonOperatingIncome": "None", "depreciation": "None", "depreciationAndAmortization": "795000000", "incomeBeforeTax": "4823000000", "incomeTaxExpense": "1175000000", "interestAndDebtExpense": "None", "netIncomeFromContinuingOperations": "3648000000", "comprehensiveIncomeNetOfTax": "None", "ebit": "5448000000", "ebitda": "6243000000", "netIncome": "3648000000"}, {"fiscalDateEnding": "2024-07-31", "reportedCurrency": "USD", "grossProfit": "14416000000", "totalRevenue": "43175000000", "costOfRevenue": "28759000000", "costofGoodsAndServicesSold": "28759000000", "operatingIncome": "6534000000", "sellingGeneralAndAdministrative": "7144000000", "researchAndDevelopment": "None", "operatingExpenses": "7882000000", "investmentIncomeNet": "None", "netInterestIncome": "-489000000", "interestIncome": "84000000", "interestExpense": "573000000", "nonInterestIncome": "None", "otherNonOperatingIncome": "None", "depreciation": "None", "depreciationAndAmortization": "920000000", "incomeBeforeTax": "6045000000", "incomeTaxExpense": "1484000000", "interestAndDebtExpense": "None", "netIncomeFromContinuingOperations": "4561000000", "comprehensiveIncomeNetOfTax": "None", "ebit": "6534000000", "ebitda": "7454000000", "netIncome": "4561000000"}, {"fiscalDateEnding": "2024-04-30", "reportedCurrency": "USD", "grossProfit": "11746000000", "totalRevenue": "36418000000", "costOfRevenue": "24672000000", "costofGoodsAndServicesSold": "24672000000", "operatingIncome": "5079000000", "sellingGeneralAndAdministrative": "6667000000", "researchAndDevelopment": "None", "operatingExpenses": "6667000000", "investmentIncomeNet": "None", "netInterestIncome": "-428000000", "interestIncome": "57000000", "interestExpense": "485000000", "nonInterestIncome": "None", "otherNonOperatingIncome": "None", "depreciation": "None", "depreciationAndAmortization": "837000000", "incomeBeforeTax": "4651000000", "incomeTaxExpense": "1051000000", "interestAndDebtExpense": "None", "netIncomeFromContinuingOperations": "3600000000", "comprehensiveIncomeNetOfTax": "None", "ebit": "5079000000", "ebitda": "5916000000", "netIncome": "3600000000"}, {"fiscalDateEnding": "2024-01-31", "reportedCurrency": "USD", "grossProfit": "11508000000", "totalRevenue": "34786000000", "costOfRevenue": "23278000000", "costofGoodsAndServicesSold": "23278000000", "operatingIncome": "4143000000", "sellingGeneralAndAdministrative": "5579000000", "researchAndDevelopment": "None", "operatingExpenses": "7365000000", "investmentIncomeNet": "None", "netInterestIncome": "-458000000", "interestIncome": "55000000", "interestExpense": "513000000", "nonInterestIncome": "None", "otherNonOperatingIncome": "None", "depreciation": "None", "depreciationAndAmortization": "832000000", "incomeBeforeTax": "3685000000", "incomeTaxExpense": "884000000", "interestAndDebtExpense": "None", "netIncomeFromContinuingOperations": "2801000000", "comprehensiveIncomeNetOfTax": "None", "ebit": "4143000000", "ebitda": "4975000000", "netIncome": "2801000000"}, {"fiscalDateEnding": "2023-10-31", "reportedCurrency": "USD", "grossProfit": "12738000000", "totalRevenue": "37710000000", "costOfRevenue": "24972000000", "costofGoodsAndServicesSold": "24972000000", "operatingIncome": "5406000000", "sellingGeneralAndAdministrative": "6649000000", "researchAndDevelopment": "None", "operatingExpenses": "7332000000", "investmentIncomeNet": "None", "netInterestIncome": "-438000000", "interestIncome": "438000000", "interestExpense": "487000000", "nonInterestIncome": "None", "otherNonOperatingIncome": "None", "depreciation": "None", "depreciationAndAmortization": "827000000", "incomeBeforeTax": "4968000000", "incomeTaxExpense": "1158000000", "interestAndDebtExpense": "None", "netIncomeFromContinuingOperations": "3810000000", "comprehensiveIncomeNetOfTax": "None", "ebit": "5455000000", "ebitda": "6282000000", "netIncome": "3810000000"}, {"fiscalDateEnding": "2023-07-31", "reportedCurrency": "USD", "grossProfit": "14157000000", "totalRevenue": "42916000000", "costOfRevenue": "28759000000", "costofGoodsAndServicesSold": "28759000000", "operatingIncome": "6589000000", "sellingGeneralAndAdministrative": "6915000000", "researchAndDevelopment": "None", "operatingExpenses": "7568000000", "investmentIncomeNet": "None", "netInterestIncome": "-428000000", "interestIncome": "428000000", "interestExpense": "469000000", "nonInterestIncome": "None", "otherNonOperatingIncome": "41000000", "depreciation": "None", "depreciationAndAmortization": "795000000", "incomeBeforeTax": "6161000000", "incomeTaxExpense": "1502000000", "interestAndDebtExpense": "None", "netIncomeFromContinuingOperations": "4659000000", "comprehensiveIncomeNetOfTax": "None", "ebit": "6630000000", "ebitda": "7425000000", "netIncome": "4659000000"}, {"fiscalDateEnding": "2023-04-30", "reportedCurrency": "USD", "grossProfit": "12557000000", "totalRevenue": "37257000000", "costOfRevenue": "24700000000", "costofGoodsAndServicesSold": "24700000000", "operatingIncome": "5551000000", "sellingGeneralAndAdministrative": "6355000000", "researchAndDevelopment": "None", "operatingExpenses": "7006000000", "investmentIncomeNet": "None", "netInterestIncome": "-441000000", "interestIncome": "441000000", "interestExpense": "474000000", "nonInterestIncome": "None", "otherNonOperatingIncome": "33000000", "depreciation": "None", "depreciationAndAmortization": "793000000", "incomeBeforeTax": "5110000000", "incomeTaxExpense": "1237000000", "interestAndDebtExpense": "None", "netIncomeFromContinuingOperations": "3873000000", "comprehensiveIncomeNetOfTax": "None", "ebit": "5584000000", "ebitda": "6377000000", "netIncome": "3873000000"}, {"fiscalDateEnding": "2023-01-31", "reportedCurrency": "USD", "grossProfit": "11926000000", "totalRevenue": "35831000000", "costOfRevenue": "23905000000", "costofGoodsAndServicesSold": "23905000000", "operatingIncome": "4752000000", "sellingGeneralAndAdministrative": "5464000000", "researchAndDevelopment": "None", "operatingExpenses": "7174000000", "investmentIncomeNet": "None", "netInterestIncome": "-408000000", "interestIncome": "43000000", "interestExpense": "451000000", "nonInterestIncome": "None", "otherNonOperatingIncome": "43000000", "depreciation": "None", "depreciationAndAmortization": "759000000", "incomeBeforeTax": "4344000000", "incomeTaxExpense": "982000000", "interestAndDebtExpense": "None", "netIncomeFromContinuingOperations": "3362000000", "comprehensiveIncomeNetOfTax": "None", "ebit": "4795000000", "ebitda": "5554000000", "netIncome": "3362000000"}, {"fiscalDateEnding": "2022-10-31", "reportedCurrency": "USD", "grossProfit": "13224000000", "totalRevenue": "38872000000", "costOfRevenue": "25648000000", "costofGoodsAndServicesSold": "25648000000", "operatingIncome": "6148000000", "sellingGeneralAndAdministrative": "6468000000", "researchAndDevelopment": "None", "operatingExpenses": "7076000000", "investmentIncomeNet": "None", "netInterestIncome": "-406000000", "interestIncome": "406000000", "interestExpense": "413000000", "nonInterestIncome": "None", "otherNonOperatingIncome": "7000000", "depreciation": "None", "depreciationAndAmortization": "743000000", "incomeBeforeTax": "5742000000", "incomeTaxExpense": "1403000000", "interestAndDebtExpense": "None", "netIncomeFromContinuingOperations": "4339000000", "comprehensiveIncomeNetOfTax": "None", "ebit": "6155000000", "ebitda": "6898000000", "netIncome": "4339000000"}, {"fiscalDateEnding": "2022-07-31", "reportedCurrency": "USD", "grossProfit": "14483000000", "totalRevenue": "43792000000", "costOfRevenue": "29309000000", "costofGoodsAndServicesSold": "29309000000", "operatingIncome": "7210000000", "sellingGeneralAndAdministrative": "6657000000", "researchAndDevelopment": "None", "operatingExpenses": "7273000000", "investmentIncomeNet": "None", "netInterestIncome": "-379000000", "interestIncome": "2000000", "interestExpense": "381000000", "nonInterestIncome": "None", "otherNonOperatingIncome": "2000000", "depreciation": "None", "depreciationAndAmortization": "746000000", "incomeBeforeTax": "6831000000", "incomeTaxExpense": "1658000000", "interestAndDebtExpense": "None", "netIncomeFromContinuingOperations": "5173000000", "comprehensiveIncomeNetOfTax": "None", "ebit": "7212000000", "ebitda": "7958000000", "netIncome": "5173000000"}, {"fiscalDateEnding": "2022-04-30", "reportedCurrency": "USD", "grossProfit": "13145000000", "totalRevenue": "38908000000", "costOfRevenue": "25763000000", "costofGoodsAndServicesSold": "25763000000", "operatingIncome": "5929000000", "sellingGeneralAndAdministrative": "6610000000", "researchAndDevelopment": "None", "operatingExpenses": "7216000000", "investmentIncomeNet": "None", "netInterestIncome": "-369000000", "interestIncome": "3000000", "interestExpense": "372000000", "nonInterestIncome": "None", "otherNonOperatingIncome": "3000000", "depreciation": "None", "depreciationAndAmortization": "727000000", "incomeBeforeTax": "5560000000", "incomeTaxExpense": "1329000000", "interestAndDebtExpense": "None", "netIncomeFromContinuingOperations": "4231000000", "comprehensiveIncomeNetOfTax": "None", "ebit": "5932000000", "ebitda": "6659000000", "netIncome": "4231000000"}, {"fiscalDateEnding": "2022-01-31", "reportedCurrency": "USD", "grossProfit": "11862000000", "totalRevenue": "35719000000", "costOfRevenue": "23857000000", "costofGoodsAndServicesSold": "23857000000", "operatingIncome": "4825000000", "sellingGeneralAndAdministrative": "5387000000", "researchAndDevelopment": "None", "operatingExpenses": "7037000000", "investmentIncomeNet": "None", "netInterestIncome": "-323000000", "interestIncome": "18000000", "interestExpense": "341000000", "nonInterestIncome": "None", "otherNonOperatingIncome": "None", "depreciation": "None", "depreciationAndAmortization": "734000000", "incomeBeforeTax": "4502000000", "incomeTaxExpense": "1150000000", "interestAndDebtExpense": "None", "netIncomeFromContinuingOperations": "3352000000", "comprehensiveIncomeNetOfTax": "None", "ebit": "4843000000", "ebitda": "5577000000", "netIncome": "3352000000"}, {"fiscalDateEnding": "2021-10-31", "reportedCurrency": "USD", "grossProfit": "12563000000", "totalRevenue": "36820000000", "costOfRevenue": "24257000000", "costofGoodsAndServicesSold": "24257000000", "operatingIncome": "5795000000", "sellingGeneralAndAdministrative": "6168000000", "researchAndDevelopment": "None", "operatingExpenses": "6768000000", "investmentIncomeNet": "None", "netInterestIncome": "-326000000", "interestIncome": "15000000", "interestExpense": "341000000", "nonInterestIncome": "None", "otherNonOperatingIncome": "None", "depreciation": "None", "depreciationAndAmortization": "714000000", "incomeBeforeTax": "5469000000", "incomeTaxExpense": "1340000000", "interestAndDebtExpense": "None", "netIncomeFromContinuingOperations": "4129000000", "comprehensiveIncomeNetOfTax": "None", "ebit": "5810000000", "ebitda": "6524000000", "netIncome": "4129000000"}, {"fiscalDateEnding": "2021-07-31", "reportedCurrency": "USD", "grossProfit": "13665000000", "totalRevenue": "41118000000", "costOfRevenue": "27453000000", "costofGoodsAndServicesSold": "27453000000", "operatingIncome": "6639000000", "sellingGeneralAndAdministrative": "6433000000", "researchAndDevelopment": "None", "operatingExpenses": "7026000000", "investmentIncomeNet": "None", "netInterestIncome": "-321000000", "interestIncome": "5000000", "interestExpense": "326000000", "nonInterestIncome": "None", "otherNonOperatingIncome": "None", "depreciation": "None", "depreciationAndAmortization": "711000000", "incomeBeforeTax": "6318000000", "incomeTaxExpense": "1511000000", "interestAndDebtExpense": "None", "netIncomeFromContinuingOperations": "4807000000", "comprehensiveIncomeNetOfTax": "None", "ebit": "6644000000", "ebitda": "7355000000", "netIncome": "4807000000"}, {"fiscalDateEnding": "2021-04-30", "reportedCurrency": "USD", "grossProfit": "12742000000", "totalRevenue": "37500000000", "costOfRevenue": "24758000000", "costofGoodsAndServicesSold": "24758000000", "operatingIncome": "5781000000", "sellingGeneralAndAdministrative": "6374000000", "researchAndDevelopment": "None", "operatingExpenses": "6961000000", "investmentIncomeNet": "None", "netInterestIncome": "-333000000", "interestIncome": "6000000", "interestExpense": "339000000", "nonInterestIncome": "None", "otherNonOperatingIncome": "None", "depreciation": "None", "depreciationAndAmortization": "703000000", "incomeBeforeTax": "5448000000", "incomeTaxExpense": "1303000000", "interestAndDebtExpense": "None", "netIncomeFromContinuingOperations": "4145000000", "comprehensiveIncomeNetOfTax": "None", "ebit": "5787000000", "ebitda": "6490000000", "netIncome": "4145000000"}, {"fiscalDateEnding": "2021-01-31", "reportedCurrency": "USD", "grossProfit": "10831000000", "totalRevenue": "32261000000", "costOfRevenue": "21430000000", "costofGoodsAndServicesSold": "21430000000", "operatingIncome": "4083000000", "sellingGeneralAndAdministrative": "5278000000", "researchAndDevelopment": "None", "operatingExpenses": "6748000000", "investmentIncomeNet": "None", "netInterestIncome": "-333000000", "interestIncome": "6000000", "interestExpense": "337000000", "nonInterestIncome": "None", "otherNonOperatingIncome": "None", "depreciation": "None", "depreciationAndAmortization": "666000000", "incomeBeforeTax": "3756000000", "incomeTaxExpense": "899000000", "interestAndDebtExpense": "None", "netIncomeFromContinuingOperations": "4145000000", "comprehensiveIncomeNetOfTax": "None", "ebit": "4093000000", "ebitda": "4759000000", "netIncome": "2857000000"}, {"fiscalDateEnding": "2020-10-31", "reportedCurrency": "USD", "grossProfit": "11456000000", "totalRevenue": "33536000000", "costOfRevenue": "22080000000", "costofGoodsAndServicesSold": "22080000000", "operatingIncome": "4852000000", "sellingGeneralAndAdministrative": "6076000000", "researchAndDevelopment": "None", "operatingExpenses": "6604000000", "investmentIncomeNet": "None", "netInterestIncome": "-327000000", "interestIncome": "329000000", "interestExpense": "340000000", "nonInterestIncome": "None", "otherNonOperatingIncome": "11000000", "depreciation": "None", "depreciationAndAmortization": "631000000", "incomeBeforeTax": "4523000000", "incomeTaxExpense": "1091000000", "interestAndDebtExpense": "None", "netIncomeFromContinuingOperations": "3432000000", "comprehensiveIncomeNetOfTax": "None", "ebit": "4863000000", "ebitda": "5494000000", "netIncome": "3432000000"}, {"fiscalDateEnding": "2020-07-31", "reportedCurrency": "USD", "grossProfit": "12941000000", "totalRevenue": "38053000000", "costOfRevenue": "25112000000", "costofGoodsAndServicesSold": "25112000000", "operatingIncome": "6067000000", "sellingGeneralAndAdministrative": "5876000000", "researchAndDevelopment": "None", "operatingExpenses": "6874000000", "investmentIncomeNet": "None", "netInterestIncome": "-307000000", "interestIncome": "17000000", "interestExpense": "346000000", "nonInterestIncome": "None", "otherNonOperatingIncome": "17000000", "depreciation": "None", "depreciationAndAmortization": "615000000", "incomeBeforeTax": "5730000000", "incomeTaxExpense": "1398000000", "interestAndDebtExpense": "None", "netIncomeFromContinuingOperations": "2245000000", "comprehensiveIncomeNetOfTax": "None", "ebit": "6076000000", "ebitda": "6691000000", "netIncome": "4332000000"}, {"fiscalDateEnding": "2020-04-30", "reportedCurrency": "USD", "grossProfit": "9625000000", "totalRevenue": "28260000000", "costOfRevenue": "18635000000", "costofGoodsAndServicesSold": "18635000000", "operatingIncome": "3276000000", "sellingGeneralAndAdministrative": "4981000000", "researchAndDevelopment": "None", "operatingExpenses": "6349000000", "investmentIncomeNet": "None", "netInterestIncome": "None", "interestIncome": "None", "interestExpense": "324000000", "nonInterestIncome": "None", "otherNonOperatingIncome": "None", "depreciation": "None", "depreciationAndAmortization": "607000000", "incomeBeforeTax": "2969000000", "incomeTaxExpense": "724000000", "interestAndDebtExpense": "None", "netIncomeFromContinuingOperations": "None", "comprehensiveIncomeNetOfTax": "None", "ebit": "3293000000", "ebitda": "3900000000", "netIncome": "2245000000"}, {"fiscalDateEnding": "2020-01-31", "reportedCurrency": "USD", "grossProfit": "8736000000", "totalRevenue": "25782000000", "costOfRevenue": "17046000000", "costofGoodsAndServicesSold": "17046000000", "operatingIncome": "3403000000", "sellingGeneralAndAdministrative": "3910000000", "researchAndDevelopment": "None", "operatingExpenses": "5333000000", "investmentIncomeNet": "None", "netInterestIncome": "-307000000", "interestIncome": "292000000", "interestExpense": "309000000", "nonInterestIncome": "None", "otherNonOperatingIncome": "None", "depreciation": "None", "depreciationAndAmortization": "595000000", "incomeBeforeTax": "3111000000", "incomeTaxExpense": "630000000", "interestAndDebtExpense": "None", "netIncomeFromContinuingOperations": "2245000000", "comprehensiveIncomeNetOfTax": "None", "ebit": "3420000000", "ebitda": "4015000000", "netIncome": "2481000000"}, {"fiscalDateEnding": "2019-10-31", "reportedCurrency": "USD", "grossProfit": "9387000000", "totalRevenue": "27223000000", "costOfRevenue": "17836000000", "costofGoodsAndServicesSold": "17836000000", "operatingIncome": "3947000000", "sellingGeneralAndAdministrative": "4942000000", "researchAndDevelopment": "None", "operatingExpenses": "5440000000", "investmentIncomeNet": "None", "netInterestIncome": "-292000000", "interestIncome": "280000000", "interestExpense": "302000000", "nonInterestIncome": "None", "otherNonOperatingIncome": "19000000", "depreciation": "None", "depreciationAndAmortization": "594000000", "incomeBeforeTax": "3667000000", "incomeTaxExpense": "898000000", "interestAndDebtExpense": "None", "netIncomeFromContinuingOperations": "2481000000", "comprehensiveIncomeNetOfTax": "None", "ebit": "3969000000", "ebitda": "4563000000", "netIncome": "2769000000"}, {"fiscalDateEnding": "2019-07-31", "reportedCurrency": "USD", "grossProfit": "10432000000", "totalRevenue": "30839000000", "costOfRevenue": "20407000000", "costofGoodsAndServicesSold": "20407000000", "operatingIncome": "4896000000", "sellingGeneralAndAdministrative": "5044000000", "researchAndDevelopment": "None", "operatingExpenses": "5536000000", "investmentIncomeNet": "None", "netInterestIncome": "-283000000", "interestIncome": "19000000", "interestExpense": "302000000", "nonInterestIncome": "None", "otherNonOperatingIncome": "15000000", "depreciation": "None", "depreciationAndAmortization": "560000000", "incomeBeforeTax": "4613000000", "incomeTaxExpense": "1134000000", "interestAndDebtExpense": "None", "netIncomeFromContinuingOperations": "2513000000", "comprehensiveIncomeNetOfTax": "None", "ebit": "4915000000", "ebitda": "5475000000", "netIncome": "3479000000"}, {"fiscalDateEnding": "2019-04-30", "reportedCurrency": "USD", "grossProfit": "9017000000", "totalRevenue": "26381000000", "costOfRevenue": "17364000000", "costofGoodsAndServicesSold": "17364000000", "operatingIncome": "3597000000", "sellingGeneralAndAdministrative": "4940000000", "researchAndDevelopment": "None", "operatingExpenses": "5420000000", "investmentIncomeNet": "None", "netInterestIncome": "None", "interestIncome": "None", "interestExpense": "288000000", "nonInterestIncome": "None", "otherNonOperatingIncome": "None", "depreciation": "None", "depreciationAndAmortization": "547000000", "incomeBeforeTax": "3324000000", "incomeTaxExpense": "811000000", "interestAndDebtExpense": "None", "netIncomeFromContinuingOperations": "None", "comprehensiveIncomeNetOfTax": "None", "ebit": "3612000000", "ebitda": "4159000000", "netIncome": "2513000000"}, {"fiscalDateEnding": "2019-01-31", "reportedCurrency": "USD", "grossProfit": "9027000000", "totalRevenue": "26491000000", "costOfRevenue": "17464000000", "costofGoodsAndServicesSold": "17464000000", "operatingIncome": "3378000000", "sellingGeneralAndAdministrative": "4922000000", "researchAndDevelopment": "None", "operatingExpenses": "5402000000", "investmentIncomeNet": "None", "netInterestIncome": "None", "interestIncome": "None", "interestExpense": "269000000", "nonInterestIncome": "None", "otherNonOperatingIncome": "4000000", "depreciation": "None", "depreciationAndAmortization": "549000000", "incomeBeforeTax": "3113000000", "incomeTaxExpense": "769000000", "interestAndDebtExpense": "None", "netIncomeFromContinuingOperations": "2344000000", "comprehensiveIncomeNetOfTax": "None", "ebit": "3625000000", "ebitda": "4174000000", "netIncome": "2344000000"}, {"fiscalDateEnding": "2018-10-31", "reportedCurrency": "USD", "grossProfit": "9151000000", "totalRevenue": "26302000000", "costOfRevenue": "17151000000", "costofGoodsAndServicesSold": "17151000000", "operatingIncome": "3870000000", "sellingGeneralAndAdministrative": "4808000000", "researchAndDevelopment": "0", "operatingExpenses": "5281000000", "investmentIncomeNet": "None", "netInterestIncome": "None", "interestIncome": "None", "interestExpense": "249000000", "nonInterestIncome": "None", "otherNonOperatingIncome": "4000000", "depreciation": "None", "depreciationAndAmortization": "541000000", "incomeBeforeTax": "3646000000", "incomeTaxExpense": "779000000", "interestAndDebtExpense": "None", "netIncomeFromContinuingOperations": "2344000000", "comprehensiveIncomeNetOfTax": "None", "ebit": "3895000000", "ebitda": "4436000000", "netIncome": "2867000000"}, {"fiscalDateEnding": "2018-07-31", "reportedCurrency": "USD", "grossProfit": "10365000000", "totalRevenue": "30463000000", "costOfRevenue": "20098000000", "costofGoodsAndServicesSold": "20098000000", "operatingIncome": "4901000000", "sellingGeneralAndAdministrative": "5004000000", "researchAndDevelopment": "0", "operatingExpenses": "5464000000", "investmentIncomeNet": "None", "netInterestIncome": "None", "interestIncome": "None", "interestExpense": "272000000", "nonInterestIncome": "None", "otherNonOperatingIncome": "26000000", "depreciation": "None", "depreciationAndAmortization": "530000000", "incomeBeforeTax": "4655000000", "incomeTaxExpense": "1149000000", "interestAndDebtExpense": "None", "netIncomeFromContinuingOperations": "3506000000", "comprehensiveIncomeNetOfTax": "None", "ebit": "4927000000", "ebitda": "5457000000", "netIncome": "3506000000"}, {"fiscalDateEnding": "2018-04-30", "reportedCurrency": "USD", "grossProfit": "8617000000", "totalRevenue": "24947000000", "costOfRevenue": "16330000000", "costofGoodsAndServicesSold": "16330000000", "operatingIncome": "3381000000", "sellingGeneralAndAdministrative": "4779000000", "researchAndDevelopment": "None", "operatingExpenses": "5236000000", "investmentIncomeNet": "None", "netInterestIncome": "None", "interestIncome": "None", "interestExpense": "261000000", "nonInterestIncome": "None", "otherNonOperatingIncome": "None", "depreciation": "None", "depreciationAndAmortization": "532000000", "incomeBeforeTax": "3142000000", "incomeTaxExpense": "738000000", "interestAndDebtExpense": "None", "netIncomeFromContinuingOperations": "None", "comprehensiveIncomeNetOfTax": "None", "ebit": "3403000000", "ebitda": "3935000000", "netIncome": "2404000000"}, {"fiscalDateEnding": "2018-01-31", "reportedCurrency": "USD", "grossProfit": "8093000000", "totalRevenue": "23883000000", "costOfRevenue": "15790000000", "costofGoodsAndServicesSold": "15790000000", "operatingIncome": "3189000000", "sellingGeneralAndAdministrative": "4440000000", "researchAndDevelopment": "0", "operatingExpenses": "4904000000", "investmentIncomeNet": "None", "netInterestIncome": "None", "interestIncome": "None", "interestExpense": "269000000", "nonInterestIncome": "None", "otherNonOperatingIncome": "22000000", "depreciation": "None", "depreciationAndAmortization": "529000000", "incomeBeforeTax": "2943000000", "incomeTaxExpense": "1164000000", "interestAndDebtExpense": "None", "netIncomeFromContinuingOperations": "2404000000", "comprehensiveIncomeNetOfTax": "None", "ebit": "3212000000", "ebitda": "3741000000", "netIncome": "1779000000"}, {"fiscalDateEnding": "2017-10-31", "reportedCurrency": "USD", "grossProfit": "8648000000", "totalRevenue": "25026000000", "costOfRevenue": "16378000000", "costofGoodsAndServicesSold": "16378000000", "operatingIncome": "3680000000", "sellingGeneralAndAdministrative": "4514000000", "researchAndDevelopment": "0", "operatingExpenses": "4968000000", "investmentIncomeNet": "None", "netInterestIncome": "None", "interestIncome": "None", "interestExpense": "269000000", "nonInterestIncome": "None", "otherNonOperatingIncome": "23000000", "depreciation": "None", "depreciationAndAmortization": "518000000", "incomeBeforeTax": "3433000000", "incomeTaxExpense": "1268000000", "interestAndDebtExpense": "None", "netIncomeFromContinuingOperations": "1779000000", "comprehensiveIncomeNetOfTax": "None", "ebit": "3702000000", "ebitda": "4220000000", "netIncome": "2165000000"}, {"fiscalDateEnding": "2017-07-31", "reportedCurrency": "USD", "grossProfit": "9461000000", "totalRevenue": "28108000000", "costOfRevenue": "18647000000", "costofGoodsAndServicesSold": "18647000000", "operatingIncome": "4463000000", "sellingGeneralAndAdministrative": "4549000000", "researchAndDevelopment": "0", "operatingExpenses": "4998000000", "investmentIncomeNet": "None", "netInterestIncome": "None", "interestIncome": "None", "interestExpense": "265000000", "nonInterestIncome": "None", "otherNonOperatingIncome": "16000000", "depreciation": "None", "depreciationAndAmortization": "510000000", "incomeBeforeTax": "4214000000", "incomeTaxExpense": "1542000000", "interestAndDebtExpense": "None", "netIncomeFromContinuingOperations": "2672000000", "comprehensiveIncomeNetOfTax": "None", "ebit": "4479000000", "ebitda": "4989000000", "netIncome": "2672000000"}, {"fiscalDateEnding": "2017-04-30", "reportedCurrency": "USD", "grossProfit": "8154000000", "totalRevenue": "23887000000", "costOfRevenue": "15733000000", "costofGoodsAndServicesSold": "15733000000", "operatingIncome": "3349000000", "sellingGeneralAndAdministrative": "None", "researchAndDevelopment": "None", "operatingExpenses": "4805000000", "investmentIncomeNet": "None", "netInterestIncome": "None", "interestIncome": "None", "interestExpense": "254000000", "nonInterestIncome": "None", "otherNonOperatingIncome": "None", "depreciation": "None", "depreciationAndAmortization": "505000000", "incomeBeforeTax": "3108000000", "incomeTaxExpense": "1094000000", "interestAndDebtExpense": "None", "netIncomeFromContinuingOperations": "None", "comprehensiveIncomeNetOfTax": "None", "ebit": "3362000000", "ebitda": "3867000000", "netIncome": "2014000000"}, {"fiscalDateEnding": "2017-01-31", "reportedCurrency": "USD", "grossProfit": "7553000000", "totalRevenue": "22207000000", "costOfRevenue": "14654000000", "costofGoodsAndServicesSold": "14654000000", "operatingIncome": "2927000000", "sellingGeneralAndAdministrative": "4183000000", "researchAndDevelopment": "0", "operatingExpenses": "4626000000", "investmentIncomeNet": "None", "netInterestIncome": "None", "interestIncome": "None", "interestExpense": "246000000", "nonInterestIncome": "None", "otherNonOperatingIncome": "13000000", "depreciation": "None", "depreciationAndAmortization": "499000000", "incomeBeforeTax": "2692000000", "incomeTaxExpense": "948000000", "interestAndDebtExpense": "None", "netIncomeFromContinuingOperations": "2014000000", "comprehensiveIncomeNetOfTax": "None", "ebit": "2938000000", "ebitda": "3437000000", "netIncome": "1744000000"}, {"fiscalDateEnding": "2016-10-31", "reportedCurrency": "USD", "grossProfit": "8042000000", "totalRevenue": "23154000000", "costOfRevenue": "15112000000", "costofGoodsAndServicesSold": "15112000000", "operatingIncome": "3320000000", "sellingGeneralAndAdministrative": "4280000000", "researchAndDevelopment": "0", "operatingExpenses": "4722000000", "investmentIncomeNet": "None", "netInterestIncome": "None", "interestIncome": "None", "interestExpense": "246000000", "nonInterestIncome": "None", "otherNonOperatingIncome": "11000000", "depreciation": "None", "depreciationAndAmortization": "496000000", "incomeBeforeTax": "3084000000", "incomeTaxExpense": "1115000000", "interestAndDebtExpense": "None", "netIncomeFromContinuingOperations": "1744000000", "comprehensiveIncomeNetOfTax": "None", "ebit": "3330000000", "ebitda": "3826000000", "netIncome": "1969000000"}, {"fiscalDateEnding": "2016-07-31", "reportedCurrency": "USD", "grossProfit": "8927000000", "totalRevenue": "26472000000", "costOfRevenue": "17545000000", "costofGoodsAndServicesSold": "17545000000", "operatingIncome": "4103000000", "sellingGeneralAndAdministrative": "4281000000", "researchAndDevelopment": "0", "operatingExpenses": "4824000000", "investmentIncomeNet": "None", "netInterestIncome": "None", "interestIncome": "None", "interestExpense": "236000000", "nonInterestIncome": "None", "otherNonOperatingIncome": "8000000", "depreciation": "None", "depreciationAndAmortization": "492000000", "incomeBeforeTax": "3875000000", "incomeTaxExpense": "1434000000", "interestAndDebtExpense": "None", "netIncomeFromContinuingOperations": "2441000000", "comprehensiveIncomeNetOfTax": "None", "ebit": "4103000000", "ebitda": "4595000000", "netIncome": "2441000000"}, {"fiscalDateEnding": "2016-04-30", "reportedCurrency": "USD", "grossProfit": "7791000000", "totalRevenue": "22762000000", "costOfRevenue": "14971000000", "costofGoodsAndServicesSold": "14971000000", "operatingIncome": "3077000000", "sellingGeneralAndAdministrative": "4281000000", "researchAndDevelopment": "None", "operatingExpenses": "4714000000", "investmentIncomeNet": "None", "netInterestIncome": "None", "interestIncome": "None", "interestExpense": "244000000", "nonInterestIncome": "None", "otherNonOperatingIncome": "None", "depreciation": "None", "depreciationAndAmortization": "486000000", "incomeBeforeTax": "2840000000", "incomeTaxExpense": "1037000000", "interestAndDebtExpense": "None", "netIncomeFromContinuingOperations": "None", "comprehensiveIncomeNetOfTax": "None", "ebit": "3077000000", "ebitda": "3563000000", "netIncome": "1803000000"}, {"fiscalDateEnding": "2016-01-31", "reportedCurrency": "USD", "grossProfit": "7156000000", "totalRevenue": "20980000000", "costOfRevenue": "13824000000", "costofGoodsAndServicesSold": "13824000000", "operatingIncome": "2549000000", "sellingGeneralAndAdministrative": "12623000000", "researchAndDevelopment": "0", "operatingExpenses": "4607000000", "investmentIncomeNet": "None", "netInterestIncome": "None", "interestIncome": "None", "interestExpense": "242000000", "nonInterestIncome": "None", "otherNonOperatingIncome": "6000000", "depreciation": "None", "depreciationAndAmortization": "479000000", "incomeBeforeTax": "2313000000", "incomeTaxExpense": "842000000", "interestAndDebtExpense": "None", "netIncomeFromContinuingOperations": "1471000000", "comprehensiveIncomeNetOfTax": "None", "ebit": "2479000000", "ebitda": "2958000000", "netIncome": "1471000000"}, {"fiscalDateEnding": "2015-10-31", "reportedCurrency": "USD", "grossProfit": "7565000000", "totalRevenue": "21819000000", "costOfRevenue": "14254000000", "costofGoodsAndServicesSold": "14254000000", "operatingIncome": "2981000000", "sellingGeneralAndAdministrative": "4161000000", "researchAndDevelopment": "0", "operatingExpenses": "4584000000", "investmentIncomeNet": "None", "netInterestIncome": "None", "interestIncome": "None", "interestExpense": "247000000", "nonInterestIncome": "None", "otherNonOperatingIncome": "7000000", "depreciation": "None", "depreciationAndAmortization": "469000000", "incomeBeforeTax": "2741000000", "incomeTaxExpense": "1016000000", "interestAndDebtExpense": "None", "netIncomeFromContinuingOperations": "1725000000", "comprehensiveIncomeNetOfTax": "None", "ebit": "2981000000", "ebitda": "3450000000", "netIncome": "1725000000"}, {"fiscalDateEnding": "2015-07-31", "reportedCurrency": "USD", "grossProfit": "8365000000", "totalRevenue": "24829000000", "costOfRevenue": "16464000000", "costofGoodsAndServicesSold": "16464000000", "operatingIncome": "3647000000", "sellingGeneralAndAdministrative": "4299000000", "researchAndDevelopment": "0", "operatingExpenses": "4718000000", "investmentIncomeNet": "None", "netInterestIncome": "None", "interestIncome": "None", "interestExpense": "233000000", "nonInterestIncome": "None", "otherNonOperatingIncome": "4000000", "depreciation": "None", "depreciationAndAmortization": "461000000", "incomeBeforeTax": "3563000000", "incomeTaxExpense": "1329000000", "interestAndDebtExpense": "None", "netIncomeFromContinuingOperations": "1579000000", "comprehensiveIncomeNetOfTax": "None", "ebit": "3647000000", "ebitda": "4108000000", "netIncome": "2234000000"}, {"fiscalDateEnding": "2015-04-30", "reportedCurrency": "USD", "grossProfit": "7179000000", "totalRevenue": "20891000000", "costOfRevenue": "13712000000", "costofGoodsAndServicesSold": "13712000000", "operatingIncome": "2597000000", "sellingGeneralAndAdministrative": "4163000000", "researchAndDevelopment": "None", "operatingExpenses": "4582000000", "investmentIncomeNet": "None", "netInterestIncome": "None", "interestIncome": "None", "interestExpense": "197000000", "nonInterestIncome": "None", "otherNonOperatingIncome": "None", "depreciation": "None", "depreciationAndAmortization": "454000000", "incomeBeforeTax": "2404000000", "incomeTaxExpense": "825000000", "interestAndDebtExpense": "None", "netIncomeFromContinuingOperations": "None", "comprehensiveIncomeNetOfTax": "None", "ebit": "2588000000", "ebitda": "3042000000", "netIncome": "1579000000"}, {"fiscalDateEnding": "2015-01-31", "reportedCurrency": "USD", "grossProfit": "6723000000", "totalRevenue": "19162000000", "costOfRevenue": "12439000000", "costofGoodsAndServicesSold": "12439000000", "operatingIncome": "2191000000", "sellingGeneralAndAdministrative": "3571000000", "researchAndDevelopment": "0", "operatingExpenses": "4532000000", "investmentIncomeNet": "None", "netInterestIncome": "None", "interestIncome": "None", "interestExpense": "213000000", "nonInterestIncome": "None", "otherNonOperatingIncome": "115000000", "depreciation": "None", "depreciationAndAmortization": "441000000", "incomeBeforeTax": "2093000000", "incomeTaxExpense": "714000000", "interestAndDebtExpense": "None", "netIncomeFromContinuingOperations": "1379000000", "comprehensiveIncomeNetOfTax": "None", "ebit": "2161000000", "ebitda": "2602000000", "netIncome": "1379000000"}, {"fiscalDateEnding": "2014-10-31", "reportedCurrency": "USD", "grossProfit": "7185000000", "totalRevenue": "20516000000", "costOfRevenue": "13331000000", "costofGoodsAndServicesSold": "13331000000", "operatingIncome": "2553000000", "sellingGeneralAndAdministrative": "4217000000", "researchAndDevelopment": "0", "operatingExpenses": "4632000000", "investmentIncomeNet": "None", "netInterestIncome": "None", "interestIncome": "None", "interestExpense": "218000000", "nonInterestIncome": "None", "otherNonOperatingIncome": "105000000", "depreciation": "None", "depreciationAndAmortization": "449000000", "incomeBeforeTax": "2440000000", "incomeTaxExpense": "903000000", "interestAndDebtExpense": "None", "netIncomeFromContinuingOperations": "1537000000", "comprehensiveIncomeNetOfTax": "None", "ebit": "2553000000", "ebitda": "3002000000", "netIncome": "1537000000"}, {"fiscalDateEnding": "2014-07-31", "reportedCurrency": "USD", "grossProfit": "8161000000", "totalRevenue": "23811000000", "costOfRevenue": "15650000000", "costofGoodsAndServicesSold": "15650000000", "operatingIncome": "3448000000", "sellingGeneralAndAdministrative": "4146000000", "researchAndDevelopment": "0", "operatingExpenses": "4713000000", "investmentIncomeNet": "None", "netInterestIncome": "None", "interestIncome": "None", "interestExpense": "208000000", "nonInterestIncome": "None", "otherNonOperatingIncome": "100000000", "depreciation": "None", "depreciationAndAmortization": "449000000", "incomeBeforeTax": "3257000000", "incomeTaxExpense": "1207000000", "interestAndDebtExpense": "None", "netIncomeFromContinuingOperations": "1379000000", "comprehensiveIncomeNetOfTax": "None", "ebit": "3448000000", "ebitda": "3897000000", "netIncome": "2050000000"}, {"fiscalDateEnding": "2014-04-30", "reportedCurrency": "USD", "grossProfit": "6885000000", "totalRevenue": "19687000000", "costOfRevenue": "12802000000", "costofGoodsAndServicesSold": "12802000000", "operatingIncome": "2277000000", "sellingGeneralAndAdministrative": "4067000000", "researchAndDevelopment": "None", "operatingExpenses": "4608000000", "investmentIncomeNet": "None", "netInterestIncome": "None", "interestIncome": "None", "interestExpense": "191000000", "nonInterestIncome": "None", "otherNonOperatingIncome": "None", "depreciation": "None", "depreciationAndAmortization": "447000000", "incomeBeforeTax": "2186000000", "incomeTaxExpense": "807000000", "interestAndDebtExpense": "None", "netIncomeFromContinuingOperations": "None", "comprehensiveIncomeNetOfTax": "None", "ebit": "2277000000", "ebitda": "2724000000", "netIncome": "1379000000"}, {"fiscalDateEnding": "2014-01-31", "reportedCurrency": "USD", "grossProfit": "6192000000", "totalRevenue": "17696000000", "costOfRevenue": "11504000000", "costofGoodsAndServicesSold": "11504000000", "operatingIncome": "1761000000", "sellingGeneralAndAdministrative": "4024000000", "researchAndDevelopment": "0", "operatingExpenses": "4431000000", "investmentIncomeNet": "None", "netInterestIncome": "None", "interestIncome": "None", "interestExpense": "182000000", "nonInterestIncome": "None", "otherNonOperatingIncome": "4000000", "depreciation": "None", "depreciationAndAmortization": "440000000", "incomeBeforeTax": "1583000000", "incomeTaxExpense": "570000000", "interestAndDebtExpense": "None", "netIncomeFromContinuingOperations": "1013000000", "comprehensiveIncomeNetOfTax": "None", "ebit": "1761000000", "ebitda": "2201000000", "netIncome": "1013000000"}, {"fiscalDateEnding": "2013-10-31", "reportedCurrency": "USD", "grossProfit": "6798000000", "totalRevenue": "19470000000", "costOfRevenue": "12672000000", "costofGoodsAndServicesSold": "12672000000", "operatingIncome": "2293000000", "sellingGeneralAndAdministrative": "4096000000", "researchAndDevelopment": "0", "operatingExpenses": "4505000000", "investmentIncomeNet": "None", "netInterestIncome": "None", "interestIncome": "None", "interestExpense": "191000000", "nonInterestIncome": "None", "otherNonOperatingIncome": "3000000", "depreciation": "None", "depreciationAndAmortization": "440000000", "incomeBeforeTax": "2105000000", "incomeTaxExpense": "754000000", "interestAndDebtExpense": "None", "netIncomeFromContinuingOperations": "1351000000", "comprehensiveIncomeNetOfTax": "None", "ebit": "2293000000", "ebitda": "2733000000", "netIncome": "1351000000"}, {"fiscalDateEnding": "2013-07-31", "reportedCurrency": "USD", "grossProfit": "7721000000", "totalRevenue": "22522000000", "costOfRevenue": "14801000000", "costofGoodsAndServicesSold": "14801000000", "operatingIncome": "3018000000", "sellingGeneralAndAdministrative": "4294000000", "researchAndDevelopment": "0", "operatingExpenses": "4703000000", "investmentIncomeNet": "None", "netInterestIncome": "None", "interestIncome": "None", "interestExpense": "174000000", "nonInterestIncome": "None", "otherNonOperatingIncome": "3000000", "depreciation": "None", "depreciationAndAmortization": "442000000", "incomeBeforeTax": "2846000000", "incomeTaxExpense": "1051000000", "interestAndDebtExpense": "None", "netIncomeFromContinuingOperations": "1226000000", "comprehensiveIncomeNetOfTax": "None", "ebit": "3020000000", "ebitda": "3462000000", "netIncome": "1795000000"}, {"fiscalDateEnding": "2013-04-30", "reportedCurrency": "USD", "grossProfit": "6679000000", "totalRevenue": "19124000000", "costOfRevenue": "12445000000", "costofGoodsAndServicesSold": "12445000000", "operatingIncome": "2094000000", "sellingGeneralAndAdministrative": "4183000000", "researchAndDevelopment": "None", "operatingExpenses": "4585000000", "investmentIncomeNet": "None", "netInterestIncome": "None", "interestIncome": "None", "interestExpense": "164000000", "nonInterestIncome": "None", "otherNonOperatingIncome": "None", "depreciation": "None", "depreciationAndAmortization": "435000000", "incomeBeforeTax": "1933000000", "incomeTaxExpense": "707000000", "interestAndDebtExpense": "None", "netIncomeFromContinuingOperations": "None", "comprehensiveIncomeNetOfTax": "None", "ebit": "2097000000", "ebitda": "2532000000", "netIncome": "1226000000"}, {"fiscalDateEnding": "2013-01-31", "reportedCurrency": "USD", "grossProfit": "6366000000", "totalRevenue": "18246000000", "costOfRevenue": "11880000000", "costofGoodsAndServicesSold": "11880000000", "operatingIncome": "1750000000", "sellingGeneralAndAdministrative": "4217000000", "researchAndDevelopment": "0", "operatingExpenses": "4616000000", "investmentIncomeNet": "None", "netInterestIncome": "None", "interestIncome": "None", "interestExpense": "166000000", "nonInterestIncome": "None", "otherNonOperatingIncome": "6000000", "depreciation": "None", "depreciationAndAmortization": "427000000", "incomeBeforeTax": "1590000000", "incomeTaxExpense": "569000000", "interestAndDebtExpense": "None", "netIncomeFromContinuingOperations": "1021000000", "comprehensiveIncomeNetOfTax": "None", "ebit": "1756000000", "ebitda": "2183000000", "netIncome": "1021000000"}, {"fiscalDateEnding": "2012-10-31", "reportedCurrency": "USD", "grossProfit": "6267000000", "totalRevenue": "18130000000", "costOfRevenue": "11863000000", "costofGoodsAndServicesSold": "11863000000", "operatingIncome": "1733000000", "sellingGeneralAndAdministrative": "4139000000", "researchAndDevelopment": "0", "operatingExpenses": "4534000000", "investmentIncomeNet": "None", "netInterestIncome": "None", "interestIncome": "None", "interestExpense": "155000000", "nonInterestIncome": "None", "otherNonOperatingIncome": "5000000", "depreciation": "None", "depreciationAndAmortization": "424000000", "incomeBeforeTax": "1583000000", "incomeTaxExpense": "636000000", "interestAndDebtExpense": "None", "netIncomeFromContinuingOperations": "947000000", "comprehensiveIncomeNetOfTax": "None", "ebit": "1738000000", "ebitda": "2162000000", "netIncome": "947000000"}, {"fiscalDateEnding": "2012-07-31", "reportedCurrency": "USD", "grossProfit": "7026000000", "totalRevenue": "20570000000", "costOfRevenue": "13544000000", "costofGoodsAndServicesSold": "13544000000", "operatingIncome": "2569000000", "sellingGeneralAndAdministrative": "4066000000", "researchAndDevelopment": "0", "operatingExpenses": "4457000000", "investmentIncomeNet": "None", "netInterestIncome": "None", "interestIncome": "None", "interestExpense": "155000000", "nonInterestIncome": "None", "otherNonOperatingIncome": "4000000", "depreciation": "None", "depreciationAndAmortization": "423000000", "incomeBeforeTax": "2418000000", "incomeTaxExpense": "886000000", "interestAndDebtExpense": "None", "netIncomeFromContinuingOperations": "1532000000", "comprehensiveIncomeNetOfTax": "None", "ebit": "2541000000", "ebitda": "2964000000", "netIncome": "1532000000"}, {"fiscalDateEnding": "2012-04-30", "reportedCurrency": "USD", "grossProfit": "6183000000", "totalRevenue": "17808000000", "costOfRevenue": "11625000000", "costofGoodsAndServicesSold": "11625000000", "operatingIncome": "1714000000", "sellingGeneralAndAdministrative": "4086000000", "researchAndDevelopment": "None", "operatingExpenses": "4469000000", "investmentIncomeNet": "None", "netInterestIncome": "None", "interestIncome": "None", "interestExpense": "156000000", "nonInterestIncome": "None", "otherNonOperatingIncome": "None", "depreciation": "None", "depreciationAndAmortization": "410000000", "incomeBeforeTax": "1630000000", "incomeTaxExpense": "595000000", "interestAndDebtExpense": "None", "netIncomeFromContinuingOperations": "None", "comprehensiveIncomeNetOfTax": "None", "ebit": "1759000000", "ebitda": "2169000000", "netIncome": "1035000000"}, {"fiscalDateEnding": "2012-01-31", "reportedCurrency": "USD", "grossProfit": "5597000000", "totalRevenue": "16014000000", "costOfRevenue": "10417000000", "costofGoodsAndServicesSold": "10417000000", "operatingIncome": "1330000000", "sellingGeneralAndAdministrative": "3877000000", "researchAndDevelopment": "0", "operatingExpenses": "4267000000", "investmentIncomeNet": "None", "netInterestIncome": "None", "interestIncome": "None", "interestExpense": "154000000", "nonInterestIncome": "None", "otherNonOperatingIncome": "72000000", "depreciation": "None", "depreciationAndAmortization": "417000000", "incomeBeforeTax": "1180000000", "incomeTaxExpense": "406000000", "interestAndDebtExpense": "None", "netIncomeFromContinuingOperations": "1035000000", "comprehensiveIncomeNetOfTax": "None", "ebit": "1334000000", "ebitda": "1751000000", "netIncome": "774000000"}, {"fiscalDateEnding": "2011-10-31", "reportedCurrency": "USD", "grossProfit": "5961000000", "totalRevenue": "17326000000", "costOfRevenue": "11365000000", "costofGoodsAndServicesSold": "11365000000", "operatingIncome": "1615000000", "sellingGeneralAndAdministrative": "3956000000", "researchAndDevelopment": "0", "operatingExpenses": "4346000000", "investmentIncomeNet": "None", "netInterestIncome": "None", "interestIncome": "None", "interestExpense": "162000000", "nonInterestIncome": "None", "otherNonOperatingIncome": "4000000", "depreciation": "None", "depreciationAndAmortization": "416000000", "incomeBeforeTax": "1457000000", "incomeTaxExpense": "523000000", "interestAndDebtExpense": "None", "netIncomeFromContinuingOperations": "774000000", "comprehensiveIncomeNetOfTax": "None", "ebit": "1593000000", "ebitda": "2009000000", "netIncome": "934000000"}, {"fiscalDateEnding": "2011-07-31", "reportedCurrency": "USD", "grossProfit": "6876000000", "totalRevenue": "20232000000", "costOfRevenue": "13356000000", "costofGoodsAndServicesSold": "13356000000", "operatingIncome": "2294000000", "sellingGeneralAndAdministrative": "3956000000", "researchAndDevelopment": "0", "operatingExpenses": "4582000000", "investmentIncomeNet": "None", "netInterestIncome": "None", "interestIncome": "None", "interestExpense": "149000000", "nonInterestIncome": "None", "otherNonOperatingIncome": "4000000", "depreciation": "None", "depreciationAndAmortization": "425000000", "incomeBeforeTax": "2148000000", "incomeTaxExpense": "785000000", "interestAndDebtExpense": "None", "netIncomeFromContinuingOperations": "934000000", "comprehensiveIncomeNetOfTax": "None", "ebit": "2268000000", "ebitda": "2693000000", "netIncome": "1363000000"}, {"fiscalDateEnding": "2011-04-30", "reportedCurrency": "USD", "grossProfit": "5828000000", "totalRevenue": "16823000000", "costOfRevenue": "10995000000", "costofGoodsAndServicesSold": "10995000000", "operatingIncome": "1422000000", "sellingGeneralAndAdministrative": "4009000000", "researchAndDevelopment": "0", "operatingExpenses": "4406000000", "investmentIncomeNet": "None", "netInterestIncome": "None", "interestIncome": "None", "interestExpense": "139000000", "nonInterestIncome": "None", "otherNonOperatingIncome": "3000000", "depreciation": "None", "depreciationAndAmortization": "424000000", "incomeBeforeTax": "1283000000", "incomeTaxExpense": "471000000", "interestAndDebtExpense": "None", "netIncomeFromContinuingOperations": "1363000000", "comprehensiveIncomeNetOfTax": "None", "ebit": "1397000000", "ebitda": "1821000000", "netIncome": "812000000"}, {"fiscalDateEnding": "2011-01-31", "reportedCurrency": "USD", "grossProfit": "5243000000", "totalRevenue": "15126000000", "costOfRevenue": "9883000000", "costofGoodsAndServicesSold": "9883000000", "operatingIncome": "1037000000", "sellingGeneralAndAdministrative": "3807000000", "researchAndDevelopment": "None", "operatingExpenses": "4206000000", "investmentIncomeNet": "None", "netInterestIncome": "None", "interestIncome": "None", "interestExpense": "91000000", "nonInterestIncome": "None", "otherNonOperatingIncome": "None", "depreciation": "None", "depreciationAndAmortization": "426000000", "incomeBeforeTax": "950000000", "incomeTaxExpense": "363000000", "interestAndDebtExpense": "None", "netIncomeFromContinuingOperations": "None", "comprehensiveIncomeNetOfTax": "None", "ebit": "979000000", "ebitda": "1405000000", "netIncome": "587000000"}, {"fiscalDateEnding": "2010-10-31", "reportedCurrency": "USD", "grossProfit": "5685000000", "totalRevenue": "16598000000", "costOfRevenue": "10913000000", "costofGoodsAndServicesSold": "10913000000", "operatingIncome": "1448000000", "sellingGeneralAndAdministrative": "3807000000", "researchAndDevelopment": "0", "operatingExpenses": "4237000000", "investmentIncomeNet": "None", "netInterestIncome": "None", "interestIncome": "None", "interestExpense": "146000000", "nonInterestIncome": "None", "otherNonOperatingIncome": "4000000", "depreciation": "None", "depreciationAndAmortization": "426000000", "incomeBeforeTax": "1306000000", "incomeTaxExpense": "472000000", "interestAndDebtExpense": "None", "netIncomeFromContinuingOperations": "587000000", "comprehensiveIncomeNetOfTax": "None", "ebit": "1426000000", "ebitda": "1852000000", "netIncome": "834000000"}, {"fiscalDateEnding": "2010-07-31", "reportedCurrency": "USD", "grossProfit": "6582000000", "totalRevenue": "19410000000", "costOfRevenue": "12828000000", "costofGoodsAndServicesSold": "12828000000", "operatingIncome": "2049000000", "sellingGeneralAndAdministrative": "4127000000", "researchAndDevelopment": "0", "operatingExpenses": "4533000000", "investmentIncomeNet": "None", "netInterestIncome": "None", "interestIncome": "None", "interestExpense": "151000000", "nonInterestIncome": "None", "otherNonOperatingIncome": "4000000", "depreciation": "None", "depreciationAndAmortization": "428000000", "incomeBeforeTax": "1901000000", "incomeTaxExpense": "709000000", "interestAndDebtExpense": "None", "netIncomeFromContinuingOperations": "834000000", "comprehensiveIncomeNetOfTax": "None", "ebit": "2030000000", "ebitda": "2458000000", "netIncome": "1192000000"}, {"fiscalDateEnding": "2010-04-30", "reportedCurrency": "USD", "grossProfit": "5794000000", "totalRevenue": "16863000000", "costOfRevenue": "11069000000", "costofGoodsAndServicesSold": "11069000000", "operatingIncome": "1305000000", "sellingGeneralAndAdministrative": "4078000000", "researchAndDevelopment": "0", "operatingExpenses": "4489000000", "investmentIncomeNet": "None", "netInterestIncome": "None", "interestIncome": "None", "interestExpense": "142000000", "nonInterestIncome": "None", "otherNonOperatingIncome": "-47000000", "depreciation": "None", "depreciationAndAmortization": "438000000", "incomeBeforeTax": "1116000000", "incomeTaxExpense": "391000000", "interestAndDebtExpense": "None", "netIncomeFromContinuingOperations": "725000000", "comprehensiveIncomeNetOfTax": "None", "ebit": "1231000000", "ebitda": "1669000000", "netIncome": "725000000"}, {"fiscalDateEnding": "2010-01-31", "reportedCurrency": "USD", "grossProfit": "5013000000", "totalRevenue": "14569000000", "costOfRevenue": "9556000000", "costofGoodsAndServicesSold": "9556000000", "operatingIncome": "727000000", "sellingGeneralAndAdministrative": "11896000000", "researchAndDevelopment": "0", "operatingExpenses": "4286000000", "investmentIncomeNet": "None", "netInterestIncome": "None", "interestIncome": "None", "interestExpense": "161000000", "nonInterestIncome": "None", "otherNonOperatingIncome": "None", "depreciation": "None", "depreciationAndAmortization": "442000000", "incomeBeforeTax": "406000000", "incomeTaxExpense": "105000000", "interestAndDebtExpense": "None", "netIncomeFromContinuingOperations": "0", "comprehensiveIncomeNetOfTax": "None", "ebit": "567000000", "ebitda": "1009000000", "netIncome": "342000000"}, {"fiscalDateEnding": "2009-10-31", "reportedCurrency": "USD", "grossProfit": "5561000000", "totalRevenue": "16361000000", "costOfRevenue": "10800000000", "costofGoodsAndServicesSold": "10800000000", "operatingIncome": "1263000000", "sellingGeneralAndAdministrative": "3870000000", "researchAndDevelopment": "0", "operatingExpenses": "4298000000", "investmentIncomeNet": "None", "netInterestIncome": "None", "interestIncome": "None", "interestExpense": "168000000", "nonInterestIncome": "None", "otherNonOperatingIncome": "4000000", "depreciation": "None", "depreciationAndAmortization": "428000000", "incomeBeforeTax": "1099000000", "incomeTaxExpense": "410000000", "interestAndDebtExpense": "None", "netIncomeFromContinuingOperations": "689000000", "comprehensiveIncomeNetOfTax": "None", "ebit": "1267000000", "ebitda": "1695000000", "netIncome": "689000000"}, {"fiscalDateEnding": "2009-07-31", "reportedCurrency": "USD", "grossProfit": "6388000000", "totalRevenue": "19071000000", "costOfRevenue": "12683000000", "costofGoodsAndServicesSold": "12683000000", "operatingIncome": "1833000000", "sellingGeneralAndAdministrative": "4101000000", "researchAndDevelopment": "0", "operatingExpenses": "4555000000", "investmentIncomeNet": "None", "netInterestIncome": "None", "interestIncome": "None", "interestExpense": "167000000", "nonInterestIncome": "None", "otherNonOperatingIncome": "6000000", "depreciation": "None", "depreciationAndAmortization": "434000000", "incomeBeforeTax": "1672000000", "incomeTaxExpense": "556000000", "interestAndDebtExpense": "None", "netIncomeFromContinuingOperations": "1116000000", "comprehensiveIncomeNetOfTax": "None", "ebit": "1839000000", "ebitda": "2273000000", "netIncome": "1116000000"}, {"fiscalDateEnding": "2009-04-30", "reportedCurrency": "USD", "grossProfit": "5450000000", "totalRevenue": "16175000000", "costOfRevenue": "10725000000", "costofGoodsAndServicesSold": "10725000000", "operatingIncome": "980000000", "sellingGeneralAndAdministrative": "3925000000", "researchAndDevelopment": "None", "operatingExpenses": "4470000000", "investmentIncomeNet": "None", "netInterestIncome": "None", "interestIncome": "None", "interestExpense": "180000000", "nonInterestIncome": "None", "otherNonOperatingIncome": "None", "depreciation": "None", "depreciationAndAmortization": "453000000", "incomeBeforeTax": "805000000", "incomeTaxExpense": "291000000", "interestAndDebtExpense": "None", "netIncomeFromContinuingOperations": "None", "comprehensiveIncomeNetOfTax": "None", "ebit": "985000000", "ebitda": "1438000000", "netIncome": "514000000"}, {"fiscalDateEnding": "2009-01-31", "reportedCurrency": "USD", "grossProfit": "4960000000", "totalRevenue": "14607000000", "costOfRevenue": "9647000000", "costofGoodsAndServicesSold": "9647000000", "operatingIncome": "266000000", "sellingGeneralAndAdministrative": "4251000000", "researchAndDevelopment": "0", "operatingExpenses": "4694000000", "investmentIncomeNet": "None", "netInterestIncome": "None", "interestIncome": "None", "interestExpense": "297000000", "nonInterestIncome": "None", "otherNonOperatingIncome": "None", "depreciation": "None", "depreciationAndAmortization": "470000000", "incomeBeforeTax": "-31000000", "incomeTaxExpense": "-29000000", "interestAndDebtExpense": "None", "netIncomeFromContinuingOperations": "0", "comprehensiveIncomeNetOfTax": "None", "ebit": "121000000", "ebitda": "591000000", "netIncome": "-54000000"}, {"fiscalDateEnding": "2008-10-31", "reportedCurrency": "USD", "grossProfit": "5994000000", "totalRevenue": "17784000000", "costOfRevenue": "11790000000", "costofGoodsAndServicesSold": "11790000000", "operatingIncome": "1323000000", "sellingGeneralAndAdministrative": "4225000000", "researchAndDevelopment": "0", "operatingExpenses": "4671000000", "investmentIncomeNet": "None", "netInterestIncome": "None", "interestIncome": "None", "interestExpense": "151000000", "nonInterestIncome": "None", "otherNonOperatingIncome": "None", "depreciation": "None", "depreciationAndAmortization": "476000000", "incomeBeforeTax": "1172000000", "incomeTaxExpense": "416000000", "interestAndDebtExpense": "None", "netIncomeFromContinuingOperations": "0", "comprehensiveIncomeNetOfTax": "None", "ebit": "1323000000", "ebitda": "1799000000", "netIncome": "756000000"}, {"fiscalDateEnding": "2008-07-31", "reportedCurrency": "USD", "grossProfit": "6964000000", "totalRevenue": "20990000000", "costOfRevenue": "14026000000", "costofGoodsAndServicesSold": "14026000000", "operatingIncome": "2042000000", "sellingGeneralAndAdministrative": "4470000000", "researchAndDevelopment": "0", "operatingExpenses": "4922000000", "investmentIncomeNet": "None", "netInterestIncome": "None", "interestIncome": "None", "interestExpense": "157000000", "nonInterestIncome": "None", "otherNonOperatingIncome": "None", "depreciation": "None", "depreciationAndAmortization": "482000000", "incomeBeforeTax": "1885000000", "incomeTaxExpense": "683000000", "interestAndDebtExpense": "None", "netIncomeFromContinuingOperations": "0", "comprehensiveIncomeNetOfTax": "None", "ebit": "2042000000", "ebitda": "2524000000", "netIncome": "1202000000"}, {"fiscalDateEnding": "2008-04-30", "reportedCurrency": "USD", "grossProfit": "6072000000", "totalRevenue": "17907000000", "costOfRevenue": "11835000000", "costofGoodsAndServicesSold": "11835000000", "operatingIncome": "728000000", "sellingGeneralAndAdministrative": "4900000000", "researchAndDevelopment": "0", "operatingExpenses": "5344000000", "investmentIncomeNet": "None", "netInterestIncome": "None", "interestIncome": "None", "interestExpense": "164000000", "nonInterestIncome": "None", "otherNonOperatingIncome": "None", "depreciation": "None", "depreciationAndAmortization": "474000000", "incomeBeforeTax": "564000000", "incomeTaxExpense": "208000000", "interestAndDebtExpense": "None", "netIncomeFromContinuingOperations": "0", "comprehensiveIncomeNetOfTax": "None", "ebit": "728000000", "ebitda": "1202000000", "netIncome": "356000000"}, {"fiscalDateEnding": "2008-01-31", "reportedCurrency": "USD", "grossProfit": "6054000000", "totalRevenue": "17659000000", "costOfRevenue": "11605000000", "costofGoodsAndServicesSold": "11605000000", "operatingIncome": "1249000000", "sellingGeneralAndAdministrative": "4353000000", "researchAndDevelopment": "0", "operatingExpenses": "4805000000", "investmentIncomeNet": "None", "netInterestIncome": "None", "interestIncome": "None", "interestExpense": "192000000", "nonInterestIncome": "None", "otherNonOperatingIncome": "None", "depreciation": "None", "depreciationAndAmortization": "481000000", "incomeBeforeTax": "1057000000", "incomeTaxExpense": "386000000", "interestAndDebtExpense": "None", "netIncomeFromContinuingOperations": "0", "comprehensiveIncomeNetOfTax": "None", "ebit": "1249000000", "ebitda": "1730000000", "netIncome": "671000000"}, {"fiscalDateEnding": "2007-10-31", "reportedCurrency": "USD", "grossProfit": "6339000000", "totalRevenue": "18961000000", "costOfRevenue": "12622000000", "costofGoodsAndServicesSold": "12622000000", "operatingIncome": "1764000000", "sellingGeneralAndAdministrative": "4144000000", "researchAndDevelopment": "0", "operatingExpenses": "4575000000", "investmentIncomeNet": "None", "netInterestIncome": "None", "interestIncome": "None", "interestExpense": "105000000", "nonInterestIncome": "None", "otherNonOperatingIncome": "None", "depreciation": "None", "depreciationAndAmortization": "462000000", "incomeBeforeTax": "1639000000", "incomeTaxExpense": "568000000", "interestAndDebtExpense": "None", "netIncomeFromContinuingOperations": "0", "comprehensiveIncomeNetOfTax": "None", "ebit": "1764000000", "ebitda": "2226000000", "netIncome": "1091000000"}, {"fiscalDateEnding": "2007-07-31", "reportedCurrency": "USD", "grossProfit": "7341000000", "totalRevenue": "22184000000", "costOfRevenue": "14843000000", "costofGoodsAndServicesSold": "14843000000", "operatingIncome": "2557000000", "sellingGeneralAndAdministrative": "4370000000", "researchAndDevelopment": "0", "operatingExpenses": "4784000000", "investmentIncomeNet": "None", "netInterestIncome": "None", "interestIncome": "None", "interestExpense": "79000000", "nonInterestIncome": "None", "otherNonOperatingIncome": "None", "depreciation": "None", "depreciationAndAmortization": "478000000", "incomeBeforeTax": "2412000000", "incomeTaxExpense": "891000000", "interestAndDebtExpense": "None", "netIncomeFromContinuingOperations": "0", "comprehensiveIncomeNetOfTax": "None", "ebit": "2557000000", "ebitda": "3035000000", "netIncome": "1587000000"}, {"fiscalDateEnding": "2007-04-30", "reportedCurrency": "USD", "grossProfit": "7097000000", "totalRevenue": "21585000000", "costOfRevenue": "14488000000", "costofGoodsAndServicesSold": "14488000000", "operatingIncome": "1835000000", "sellingGeneralAndAdministrative": "4186000000", "researchAndDevelopment": "0", "operatingExpenses": "5262000000", "investmentIncomeNet": "None", "netInterestIncome": "None", "interestIncome": "None", "interestExpense": "161000000", "nonInterestIncome": "None", "otherNonOperatingIncome": "None", "depreciation": "None", "depreciationAndAmortization": "485000000", "incomeBeforeTax": "1674000000", "incomeTaxExpense": "628000000", "interestAndDebtExpense": "None", "netIncomeFromContinuingOperations": "0", "comprehensiveIncomeNetOfTax": "None", "ebit": "1835000000", "ebitda": "2320000000", "netIncome": "1046000000"}, {"fiscalDateEnding": "2007-01-31", "reportedCurrency": "USD", "grossProfit": "6638000000", "totalRevenue": "20265000000", "costOfRevenue": "13627000000", "costofGoodsAndServicesSold": "13627000000", "operatingIncome": "1602000000", "sellingGeneralAndAdministrative": "4000000000", "researchAndDevelopment": "0", "operatingExpenses": "5036000000", "investmentIncomeNet": "None", "netInterestIncome": "None", "interestIncome": "None", "interestExpense": "123000000", "nonInterestIncome": "None", "otherNonOperatingIncome": "None", "depreciation": "None", "depreciationAndAmortization": "462000000", "incomeBeforeTax": "1479000000", "incomeTaxExpense": "554000000", "interestAndDebtExpense": "None", "netIncomeFromContinuingOperations": "0", "comprehensiveIncomeNetOfTax": "None", "ebit": "1602000000", "ebitda": "2064000000", "netIncome": "925000000"}, {"fiscalDateEnding": "2006-10-31", "reportedCurrency": "USD", "grossProfit": "7537000000", "totalRevenue": "23085000000", "costOfRevenue": "15548000000", "costofGoodsAndServicesSold": "15548000000", "operatingIncome": "2470000000", "sellingGeneralAndAdministrative": "3981000000", "researchAndDevelopment": "0", "operatingExpenses": "5067000000", "investmentIncomeNet": "None", "netInterestIncome": "None", "interestIncome": "None", "interestExpense": "92000000", "nonInterestIncome": "None", "otherNonOperatingIncome": "None", "depreciation": "None", "depreciationAndAmortization": "492000000", "incomeBeforeTax": "2378000000", "incomeTaxExpense": "888000000", "interestAndDebtExpense": "None", "netIncomeFromContinuingOperations": "0", "comprehensiveIncomeNetOfTax": "None", "ebit": "2470000000", "ebitda": "2962000000", "netIncome": "1490000000"}, {"fiscalDateEnding": "2006-07-31", "reportedCurrency": "USD", "grossProfit": "8380000000", "totalRevenue": "26026000000", "costOfRevenue": "17646000000", "costofGoodsAndServicesSold": "17646000000", "operatingIncome": "3179000000", "sellingGeneralAndAdministrative": "4146000000", "researchAndDevelopment": "0", "operatingExpenses": "5201000000", "investmentIncomeNet": "None", "netInterestIncome": "None", "interestIncome": "None", "interestExpense": "98000000", "nonInterestIncome": "None", "otherNonOperatingIncome": "None", "depreciation": "None", "depreciationAndAmortization": "482000000", "incomeBeforeTax": "3081000000", "incomeTaxExpense": "1219000000", "interestAndDebtExpense": "None", "netIncomeFromContinuingOperations": "0", "comprehensiveIncomeNetOfTax": "None", "ebit": "3179000000", "ebitda": "3661000000", "netIncome": "1862000000"}, {"fiscalDateEnding": "2006-04-30", "reportedCurrency": "USD", "grossProfit": "7228000000", "totalRevenue": "21461000000", "costOfRevenue": "14233000000", "costofGoodsAndServicesSold": "14233000000", "operatingIncome": "2422000000", "sellingGeneralAndAdministrative": "4146000000", "researchAndDevelopment": "0", "operatingExpenses": "4806000000", "investmentIncomeNet": "None", "netInterestIncome": "None", "interestIncome": "None", "interestExpense": "52000000", "nonInterestIncome": "None", "otherNonOperatingIncome": "None", "depreciation": "None", "depreciationAndAmortization": "450000000", "incomeBeforeTax": "2370000000", "incomeTaxExpense": "886000000", "interestAndDebtExpense": "None", "netIncomeFromContinuingOperations": "0", "comprehensiveIncomeNetOfTax": "None", "ebit": "2422000000", "ebitda": "2872000000", "netIncome": "1484000000"}, {"fiscalDateEnding": "2006-01-31", "reportedCurrency": "USD", "grossProfit": "6593000000", "totalRevenue": "19489000000", "costOfRevenue": "12896000000", "costofGoodsAndServicesSold": "12896000000", "operatingIncome": "2048000000", "sellingGeneralAndAdministrative": "4132000000", "researchAndDevelopment": "0", "operatingExpenses": "4545000000", "investmentIncomeNet": "None", "netInterestIncome": "None", "interestIncome": "None", "interestExpense": "27000000", "nonInterestIncome": "None", "otherNonOperatingIncome": "None", "depreciation": "None", "depreciationAndAmortization": "409000000", "incomeBeforeTax": "2021000000", "incomeTaxExpense": "736000000", "interestAndDebtExpense": "None", "netIncomeFromContinuingOperations": "0", "comprehensiveIncomeNetOfTax": "None", "ebit": "2061000000", "ebitda": "2470000000", "netIncome": "1285000000"}, {"fiscalDateEnding": "2005-10-31", "reportedCurrency": "USD", "grossProfit": "6963000000", "totalRevenue": "20744000000", "costOfRevenue": "13781000000", "costofGoodsAndServicesSold": "13781000000", "operatingIncome": "2473000000", "sellingGeneralAndAdministrative": "4119000000", "researchAndDevelopment": "0", "operatingExpenses": "4490000000", "investmentIncomeNet": "None", "netInterestIncome": "None", "interestIncome": "None", "interestExpense": "21000000", "nonInterestIncome": "None", "otherNonOperatingIncome": "None", "depreciation": "None", "depreciationAndAmortization": "441000000", "incomeBeforeTax": "2452000000", "incomeTaxExpense": "914000000", "interestAndDebtExpense": "None", "netIncomeFromContinuingOperations": "0", "comprehensiveIncomeNetOfTax": "None", "ebit": "2032000000", "ebitda": "2473000000", "netIncome": "1538000000"}, {"fiscalDateEnding": "2005-07-31", "reportedCurrency": "USD", "grossProfit": "7409000000", "totalRevenue": "22305000000", "costOfRevenue": "14896000000", "costofGoodsAndServicesSold": "14896000000", "operatingIncome": "2843000000", "sellingGeneralAndAdministrative": "4119000000", "researchAndDevelopment": "0", "operatingExpenses": "4566000000", "investmentIncomeNet": "None", "netInterestIncome": "None", "interestIncome": "None", "interestExpense": "20000000", "nonInterestIncome": "None", "otherNonOperatingIncome": "None", "depreciation": "None", "depreciationAndAmortization": "368000000", "incomeBeforeTax": "2823000000", "incomeTaxExpense": "1055000000", "interestAndDebtExpense": "None", "netIncomeFromContinuingOperations": "0", "comprehensiveIncomeNetOfTax": "None", "ebit": "2475000000", "ebitda": "2843000000", "netIncome": "1768000000"}, {"fiscalDateEnding": "2005-04-30", "reportedCurrency": "USD", "grossProfit": "6355000000", "totalRevenue": "18973000000", "costOfRevenue": "12618000000", "costofGoodsAndServicesSold": "12618000000", "operatingIncome": "1999000000", "sellingGeneralAndAdministrative": "4017000000", "researchAndDevelopment": "0", "operatingExpenses": "4356000000", "investmentIncomeNet": "None", "netInterestIncome": "None", "interestIncome": "None", "interestExpense": "13000000", "nonInterestIncome": "None", "otherNonOperatingIncome": "None", "depreciation": "None", "depreciationAndAmortization": "361000000", "incomeBeforeTax": "1986000000", "incomeTaxExpense": "739000000", "interestAndDebtExpense": "None", "netIncomeFromContinuingOperations": "0", "comprehensiveIncomeNetOfTax": "None", "ebit": "1638000000", "ebitda": "1999000000", "netIncome": "1247000000"}, {"fiscalDateEnding": "2005-01-31", "reportedCurrency": "USD", "grossProfit": "5749000000", "totalRevenue": "16812000000", "costOfRevenue": "11063000000", "costofGoodsAndServicesSold": "11063000000", "operatingIncome": "1667000000", "sellingGeneralAndAdministrative": "7845000000", "researchAndDevelopment": "0", "operatingExpenses": "4082000000", "investmentIncomeNet": "None", "netInterestIncome": "None", "interestIncome": "None", "interestExpense": "11000000", "nonInterestIncome": "None", "otherNonOperatingIncome": "None", "depreciation": "None", "depreciationAndAmortization": "348000000", "incomeBeforeTax": "1656000000", "incomeTaxExpense": "615000000", "interestAndDebtExpense": "None", "netIncomeFromContinuingOperations": "0", "comprehensiveIncomeNetOfTax": "None", "ebit": "1667000000", "ebitda": "2015000000", "netIncome": "1041000000"}]}