{"symbol": "WDAY", "annualReports": [{"fiscalDateEnding": "2025-01-31", "reportedCurrency": "USD", "grossProfit": "7180000000", "totalRevenue": "8446000000", "costOfRevenue": "1266000000", "costofGoodsAndServicesSold": "1266000000", "operatingIncome": "415000000", "sellingGeneralAndAdministrative": "820000000", "researchAndDevelopment": "2626000000", "operatingExpenses": "6765000000", "investmentIncomeNet": "None", "netInterestIncome": "236000000", "interestIncome": "350000000", "interestExpense": "114000000", "nonInterestIncome": "None", "otherNonOperatingIncome": "None", "depreciation": "None", "depreciationAndAmortization": "326000000", "incomeBeforeTax": "638000000", "incomeTaxExpense": "112000000", "interestAndDebtExpense": "None", "netIncomeFromContinuingOperations": "526000000", "comprehensiveIncomeNetOfTax": "None", "ebit": "752000000", "ebitda": "1078000000", "netIncome": "526000000"}, {"fiscalDateEnding": "2024-01-31", "reportedCurrency": "USD", "grossProfit": "5488000000", "totalRevenue": "7259000000", "costOfRevenue": "1771000000", "costofGoodsAndServicesSold": "1771000000", "operatingIncome": "183000000", "sellingGeneralAndAdministrative": "702000000", "researchAndDevelopment": "2464000000", "operatingExpenses": "5305000000", "investmentIncomeNet": "None", "netInterestIncome": "187000000", "interestIncome": "301000000", "interestExpense": "114000000", "nonInterestIncome": "None", "otherNonOperatingIncome": "None", "depreciation": "None", "depreciationAndAmortization": "282000000", "incomeBeforeTax": "356000000", "incomeTaxExpense": "-1025000000", "interestAndDebtExpense": "None", "netIncomeFromContinuingOperations": "1381000000", "comprehensiveIncomeNetOfTax": "None", "ebit": "183000000", "ebitda": "465000000", "netIncome": "1381000000"}, {"fiscalDateEnding": "2023-01-31", "reportedCurrency": "USD", "grossProfit": "4500640000", "totalRevenue": "6215818000", "costOfRevenue": "1715178000", "costofGoodsAndServicesSold": "1715178000", "operatingIncome": "-222200000", "sellingGeneralAndAdministrative": "604087000", "researchAndDevelopment": "2270660000", "operatingExpenses": "4722840000", "investmentIncomeNet": "None", "netInterestIncome": "-4644000", "interestIncome": "97709000", "interestExpense": "102353000", "nonInterestIncome": "None", "otherNonOperatingIncome": "None", "depreciation": "None", "depreciationAndAmortization": "364357000", "incomeBeforeTax": "-259950000", "incomeTaxExpense": "106799000", "interestAndDebtExpense": "None", "netIncomeFromContinuingOperations": "-366749000", "comprehensiveIncomeNetOfTax": "None", "ebit": "-158357000", "ebitda": "206000000", "netIncome": "-366749000"}, {"fiscalDateEnding": "2022-01-31", "reportedCurrency": "USD", "grossProfit": "3710703000", "totalRevenue": "5138798000", "costOfRevenue": "1428095000", "costofGoodsAndServicesSold": "1428095000", "operatingIncome": "-116450000", "sellingGeneralAndAdministrative": "486012000", "researchAndDevelopment": "1879220000", "operatingExpenses": "3827153000", "investmentIncomeNet": "None", "netInterestIncome": "-11027000", "interestIncome": "5575000", "interestExpense": "16602000", "nonInterestIncome": "None", "otherNonOperatingIncome": "132632000", "depreciation": "None", "depreciationAndAmortization": "343723000", "incomeBeforeTax": "16182000", "incomeTaxExpense": "-13191000", "interestAndDebtExpense": "None", "netIncomeFromContinuingOperations": "29373000", "comprehensiveIncomeNetOfTax": "None", "ebit": "-116450000", "ebitda": "227273000", "netIncome": "29000000"}, {"fiscalDateEnding": "2021-01-31", "reportedCurrency": "USD", "grossProfit": "3119864000", "totalRevenue": "4317996000", "costOfRevenue": "1198132000", "costofGoodsAndServicesSold": "1198132000", "operatingIncome": "-248599000", "sellingGeneralAndAdministrative": "414068000", "researchAndDevelopment": "1721222000", "operatingExpenses": "3368463000", "investmentIncomeNet": "None", "netInterestIncome": "-50018000", "interestIncome": "18788000", "interestExpense": "68806000", "nonInterestIncome": "None", "otherNonOperatingIncome": "-26535000", "depreciation": "None", "depreciationAndAmortization": "293657000", "incomeBeforeTax": "-275134000", "incomeTaxExpense": "7297000", "interestAndDebtExpense": "None", "netIncomeFromContinuingOperations": "-282431000", "comprehensiveIncomeNetOfTax": "None", "ebit": "-206328000", "ebitda": "87329000", "netIncome": "-282431000"}, {"fiscalDateEnding": "2020-01-31", "reportedCurrency": "USD", "grossProfit": "2561948000", "totalRevenue": "3627206000", "costOfRevenue": "1065258000", "costofGoodsAndServicesSold": "1065258000", "operatingIncome": "-502230000", "sellingGeneralAndAdministrative": "367724000", "researchAndDevelopment": "1549906000", "operatingExpenses": "3064178000", "investmentIncomeNet": "None", "netInterestIncome": "-17417000", "interestIncome": "41268000", "interestExpense": "58685000", "nonInterestIncome": "None", "otherNonOperatingIncome": "19783000", "depreciation": "None", "depreciationAndAmortization": "276278000", "incomeBeforeTax": "-482447000", "incomeTaxExpense": "-1773000", "interestAndDebtExpense": "None", "netIncomeFromContinuingOperations": "-480674000", "comprehensiveIncomeNetOfTax": "None", "ebit": "-502230000", "ebitda": "-225952000", "netIncome": "-480674000"}, {"fiscalDateEnding": "2019-01-31", "reportedCurrency": "USD", "grossProfit": "1987230000", "totalRevenue": "2822180000", "costOfRevenue": "834950000", "costofGoodsAndServicesSold": "834950000", "operatingIncome": "-463284000", "sellingGeneralAndAdministrative": "347337000", "researchAndDevelopment": "1211832000", "operatingExpenses": "2450514000", "investmentIncomeNet": "None", "netInterestIncome": "-17748000", "interestIncome": "42461000", "interestExpense": "60209000", "nonInterestIncome": "None", "otherNonOperatingIncome": "39532000", "depreciation": "None", "depreciationAndAmortization": "198111000", "incomeBeforeTax": "-423752000", "incomeTaxExpense": "-5494000", "interestAndDebtExpense": "None", "netIncomeFromContinuingOperations": "-418258000", "comprehensiveIncomeNetOfTax": "None", "ebit": "-463284000", "ebitda": "-265173000", "netIncome": "-418258000"}, {"fiscalDateEnding": "2018-01-31", "reportedCurrency": "USD", "grossProfit": "1513637000", "totalRevenue": "2143050000", "costOfRevenue": "629413000", "costofGoodsAndServicesSold": "629413000", "operatingIncome": "-303223000", "sellingGeneralAndAdministrative": "222909000", "researchAndDevelopment": "910584000", "operatingExpenses": "1816860000", "investmentIncomeNet": "None", "netInterestIncome": "-19297000", "interestIncome": "25252000", "interestExpense": "44549000", "nonInterestIncome": "None", "otherNonOperatingIncome": "-11563000", "depreciation": "None", "depreciationAndAmortization": "136974000", "incomeBeforeTax": "-314786000", "incomeTaxExpense": "6436000", "interestAndDebtExpense": "None", "netIncomeFromContinuingOperations": "-321222000", "comprehensiveIncomeNetOfTax": "None", "ebit": "-303223000", "ebitda": "-166249000", "netIncome": "-321222000"}, {"fiscalDateEnding": "2017-01-31", "reportedCurrency": "USD", "grossProfit": "1085862000", "totalRevenue": "1569407000", "costOfRevenue": "483545000", "costofGoodsAndServicesSold": "483545000", "operatingIncome": "-376665000", "sellingGeneralAndAdministrative": "198122000", "researchAndDevelopment": "680531000", "operatingExpenses": "1462527000", "investmentIncomeNet": "None", "netInterestIncome": "-18800000", "interestIncome": "11303000", "interestExpense": "30103000", "nonInterestIncome": "None", "otherNonOperatingIncome": "-32427000", "depreciation": "None", "depreciationAndAmortization": "115885000", "incomeBeforeTax": "-409092000", "incomeTaxExpense": "-814000", "interestAndDebtExpense": "None", "netIncomeFromContinuingOperations": "-408278000", "comprehensiveIncomeNetOfTax": "None", "ebit": "-376665000", "ebitda": "-260780000", "netIncome": "-408278000"}, {"fiscalDateEnding": "2016-01-31", "reportedCurrency": "USD", "grossProfit": "787919000", "totalRevenue": "1162346000", "costOfRevenue": "374427000", "costofGoodsAndServicesSold": "374427000", "operatingIncome": "-264659000", "sellingGeneralAndAdministrative": "148578000", "researchAndDevelopment": "469944000", "operatingExpenses": "1052578000", "investmentIncomeNet": "None", "netInterestIncome": "None", "interestIncome": "22981000", "interestExpense": "31932000", "nonInterestIncome": "None", "otherNonOperatingIncome": "-24242000", "depreciation": "None", "depreciationAndAmortization": "85939000", "incomeBeforeTax": "-288901000", "incomeTaxExpense": "1017000", "interestAndDebtExpense": "None", "netIncomeFromContinuingOperations": "-289918000", "comprehensiveIncomeNetOfTax": "None", "ebit": "-264659000", "ebitda": "-178720000", "netIncome": "-289918000"}, {"fiscalDateEnding": "2015-01-31", "reportedCurrency": "USD", "grossProfit": "523057000", "totalRevenue": "787860000", "costOfRevenue": "264803000", "costofGoodsAndServicesSold": "264803000", "operatingIncome": "-215702000", "sellingGeneralAndAdministrative": "106051000", "researchAndDevelopment": "316868000", "operatingExpenses": "738759000", "investmentIncomeNet": "None", "netInterestIncome": "None", "interestIncome": "None", "interestExpense": "31060000", "nonInterestIncome": "None", "otherNonOperatingIncome": "-30270000", "depreciation": "None", "depreciationAndAmortization": "59205000", "incomeBeforeTax": "-245972000", "incomeTaxExpense": "2010000", "interestAndDebtExpense": "None", "netIncomeFromContinuingOperations": "-247982000", "comprehensiveIncomeNetOfTax": "None", "ebit": "-215702000", "ebitda": "-156497000", "netIncome": "-247982000"}, {"fiscalDateEnding": "2014-01-31", "reportedCurrency": "USD", "grossProfit": "292128000", "totalRevenue": "468938000", "costOfRevenue": "176810000", "costofGoodsAndServicesSold": "176810000", "operatingIncome": "-153282000", "sellingGeneralAndAdministrative": "65921000", "researchAndDevelopment": "182116000", "operatingExpenses": "445410000", "investmentIncomeNet": "None", "netInterestIncome": "None", "interestIncome": "None", "interestExpense": "19618000", "nonInterestIncome": "None", "otherNonOperatingIncome": "-17549000", "depreciation": "None", "depreciationAndAmortization": "34695000", "incomeBeforeTax": "-170831000", "incomeTaxExpense": "1678000", "interestAndDebtExpense": "None", "netIncomeFromContinuingOperations": "-172509000", "comprehensiveIncomeNetOfTax": "None", "ebit": "-153282000", "ebitda": "-118587000", "netIncome": "-172509000"}, {"fiscalDateEnding": "2013-01-31", "reportedCurrency": "USD", "grossProfit": "157122000", "totalRevenue": "273657000", "costOfRevenue": "116535000", "costofGoodsAndServicesSold": "116535000", "operatingIncome": "-117863000", "sellingGeneralAndAdministrative": "48880000", "researchAndDevelopment": "102665000", "operatingExpenses": "274985000", "investmentIncomeNet": "None", "netInterestIncome": "None", "interestIncome": "None", "interestExpense": "1363000", "nonInterestIncome": "None", "otherNonOperatingIncome": "-1203000", "depreciation": "None", "depreciationAndAmortization": "17722000", "incomeBeforeTax": "-119066000", "incomeTaxExpense": "124000", "interestAndDebtExpense": "None", "netIncomeFromContinuingOperations": "-119190000", "comprehensiveIncomeNetOfTax": "None", "ebit": "-117863000", "ebitda": "-100141000", "netIncome": "-119190000"}, {"fiscalDateEnding": "2012-01-31", "reportedCurrency": "USD", "grossProfit": "69059000", "totalRevenue": "134427000", "costOfRevenue": "65368000", "costofGoodsAndServicesSold": "65368000", "operatingIncome": "-78444000", "sellingGeneralAndAdministrative": "15133000", "researchAndDevelopment": "62014000", "operatingExpenses": "147503000", "investmentIncomeNet": "None", "netInterestIncome": "None", "interestIncome": "None", "interestExpense": "976000", "nonInterestIncome": "None", "otherNonOperatingIncome": "None", "depreciation": "None", "depreciationAndAmortization": "9319000", "incomeBeforeTax": "-79462000", "incomeTaxExpense": "167000", "interestAndDebtExpense": "None", "netIncomeFromContinuingOperations": "None", "comprehensiveIncomeNetOfTax": "None", "ebit": "-78486000", "ebitda": "-69167000", "netIncome": "-79629000"}, {"fiscalDateEnding": "2011-01-31", "reportedCurrency": "USD", "grossProfit": "28191000", "totalRevenue": "68055000", "costOfRevenue": "39864000", "costofGoodsAndServicesSold": "39864000", "operatingIncome": "-56061000", "sellingGeneralAndAdministrative": "8553000", "researchAndDevelopment": "39175000", "operatingExpenses": "84252000", "investmentIncomeNet": "None", "netInterestIncome": "None", "interestIncome": "None", "interestExpense": "221000", "nonInterestIncome": "None", "otherNonOperatingIncome": "None", "depreciation": "None", "depreciationAndAmortization": "5313000", "incomeBeforeTax": "-56118000", "incomeTaxExpense": "97000", "interestAndDebtExpense": "None", "netIncomeFromContinuingOperations": "None", "comprehensiveIncomeNetOfTax": "None", "ebit": "-55897000", "ebitda": "-50584000", "netIncome": "-56215000"}, {"fiscalDateEnding": "2010-01-31", "reportedCurrency": "USD", "grossProfit": "4740000", "totalRevenue": "25245000", "costOfRevenue": "20505000", "costofGoodsAndServicesSold": "20505000", "operatingIncome": "-51395000", "sellingGeneralAndAdministrative": "5215000", "researchAndDevelopment": "30045000", "operatingExpenses": "56135000", "investmentIncomeNet": "None", "netInterestIncome": "None", "interestIncome": "None", "interestExpense": "0", "nonInterestIncome": "None", "otherNonOperatingIncome": "None", "depreciation": "None", "depreciationAndAmortization": "3262000", "incomeBeforeTax": "-49851000", "incomeTaxExpense": "91000", "interestAndDebtExpense": "None", "netIncomeFromContinuingOperations": "None", "comprehensiveIncomeNetOfTax": "None", "ebit": "-50878000", "ebitda": "-47616000", "netIncome": "-49942000"}], "quarterlyReports": [{"fiscalDateEnding": "2025-01-31", "reportedCurrency": "USD", "grossProfit": "1868000000", "totalRevenue": "2211000000", "costOfRevenue": "343000000", "costofGoodsAndServicesSold": "343000000", "operatingIncome": "75000000", "sellingGeneralAndAdministrative": "219000000", "researchAndDevelopment": "673000000", "operatingExpenses": "1793000000", "investmentIncomeNet": "None", "netInterestIncome": "55000000", "interestIncome": "83000000", "interestExpense": "28000000", "nonInterestIncome": "None", "otherNonOperatingIncome": "None", "depreciation": "None", "depreciationAndAmortization": "91000000", "incomeBeforeTax": "120000000", "incomeTaxExpense": "26000000", "interestAndDebtExpense": "None", "netIncomeFromContinuingOperations": "94000000", "comprehensiveIncomeNetOfTax": "None", "ebit": "148000000", "ebitda": "239000000", "netIncome": "94000000"}, {"fiscalDateEnding": "2024-10-31", "reportedCurrency": "USD", "grossProfit": "1831000000", "totalRevenue": "2160000000", "costOfRevenue": "329000000", "costofGoodsAndServicesSold": "329000000", "operatingIncome": "165000000", "sellingGeneralAndAdministrative": "198000000", "researchAndDevelopment": "647000000", "operatingExpenses": "1666000000", "investmentIncomeNet": "None", "netInterestIncome": "57000000", "interestIncome": "86000000", "interestExpense": "29000000", "nonInterestIncome": "None", "otherNonOperatingIncome": "None", "depreciation": "None", "depreciationAndAmortization": "-154000000", "incomeBeforeTax": "227000000", "incomeTaxExpense": "34000000", "interestAndDebtExpense": "None", "netIncomeFromContinuingOperations": "193000000", "comprehensiveIncomeNetOfTax": "None", "ebit": "170000000", "ebitda": "16000000", "netIncome": "193000000"}, {"fiscalDateEnding": "2024-07-31", "reportedCurrency": "USD", "grossProfit": "1574000000", "totalRevenue": "2085000000", "costOfRevenue": "511000000", "costofGoodsAndServicesSold": "511000000", "operatingIncome": "111000000", "sellingGeneralAndAdministrative": "203000000", "researchAndDevelopment": "649000000", "operatingExpenses": "1463000000", "investmentIncomeNet": "None", "netInterestIncome": "60000000", "interestIncome": "88000000", "interestExpense": "28000000", "nonInterestIncome": "None", "otherNonOperatingIncome": "None", "depreciation": "None", "depreciationAndAmortization": "79000000", "incomeBeforeTax": "168000000", "incomeTaxExpense": "36000000", "interestAndDebtExpense": "None", "netIncomeFromContinuingOperations": "132000000", "comprehensiveIncomeNetOfTax": "None", "ebit": "111000000", "ebitda": "190000000", "netIncome": "132000000"}, {"fiscalDateEnding": "2024-04-30", "reportedCurrency": "USD", "grossProfit": "1495000000", "totalRevenue": "1982000000", "costOfRevenue": "487000000", "costofGoodsAndServicesSold": "487000000", "operatingIncome": "58000000", "sellingGeneralAndAdministrative": "208000000", "researchAndDevelopment": "656000000", "operatingExpenses": "1437000000", "investmentIncomeNet": "None", "netInterestIncome": "64000000", "interestIncome": "93000000", "interestExpense": "29000000", "nonInterestIncome": "None", "otherNonOperatingIncome": "None", "depreciation": "None", "depreciationAndAmortization": "75000000", "incomeBeforeTax": "123000000", "incomeTaxExpense": "16000000", "interestAndDebtExpense": "None", "netIncomeFromContinuingOperations": "107000000", "comprehensiveIncomeNetOfTax": "None", "ebit": "64000000", "ebitda": "139000000", "netIncome": "107000000"}, {"fiscalDateEnding": "2024-01-31", "reportedCurrency": "USD", "grossProfit": "1448217000", "totalRevenue": "1909217000", "costOfRevenue": "461000000", "costofGoodsAndServicesSold": "461000000", "operatingIncome": "66217000", "sellingGeneralAndAdministrative": "189852000", "researchAndDevelopment": "635000000", "operatingExpenses": "1382000000", "investmentIncomeNet": "None", "netInterestIncome": "58349000", "interestIncome": "86732000", "interestExpense": "28383000", "nonInterestIncome": "None", "otherNonOperatingIncome": "None", "depreciation": "None", "depreciationAndAmortization": "72000000", "incomeBeforeTax": "138000000", "incomeTaxExpense": "-1050000000", "interestAndDebtExpense": "None", "netIncomeFromContinuingOperations": "1188495000", "comprehensiveIncomeNetOfTax": "None", "ebit": "166383000", "ebitda": "238383000", "netIncome": "1188495000"}, {"fiscalDateEnding": "2023-10-31", "reportedCurrency": "USD", "grossProfit": "1420435000", "totalRevenue": "1865675000", "costOfRevenue": "445240000", "costofGoodsAndServicesSold": "445240000", "operatingIncome": "87855000", "sellingGeneralAndAdministrative": "176028000", "researchAndDevelopment": "618736000", "operatingExpenses": "1332580000", "investmentIncomeNet": "None", "netInterestIncome": "51469000", "interestIncome": "80004000", "interestExpense": "28535000", "nonInterestIncome": "None", "otherNonOperatingIncome": "None", "depreciation": "None", "depreciationAndAmortization": "68614000", "incomeBeforeTax": "129243000", "incomeTaxExpense": "15534000", "interestAndDebtExpense": "None", "netIncomeFromContinuingOperations": "113709000", "comprehensiveIncomeNetOfTax": "None", "ebit": "87855000", "ebitda": "156469000", "netIncome": "113709000"}, {"fiscalDateEnding": "2023-07-31", "reportedCurrency": "USD", "grossProfit": "1338666000", "totalRevenue": "1786766000", "costOfRevenue": "448100000", "costofGoodsAndServicesSold": "448100000", "operatingIncome": "36257000", "sellingGeneralAndAdministrative": "168546000", "researchAndDevelopment": "609677000", "operatingExpenses": "1302409000", "investmentIncomeNet": "None", "netInterestIncome": "43033000", "interestIncome": "71569000", "interestExpense": "28536000", "nonInterestIncome": "None", "otherNonOperatingIncome": "45555000", "depreciation": "None", "depreciationAndAmortization": "71415000", "incomeBeforeTax": "81812000", "incomeTaxExpense": "3152000", "interestAndDebtExpense": "None", "netIncomeFromContinuingOperations": "78660000", "comprehensiveIncomeNetOfTax": "None", "ebit": "36257000", "ebitda": "107672000", "netIncome": "78660000"}, {"fiscalDateEnding": "2023-04-30", "reportedCurrency": "USD", "grossProfit": "1266868000", "totalRevenue": "1684312000", "costOfRevenue": "417444000", "costofGoodsAndServicesSold": "417444000", "operatingIncome": "-19800000", "sellingGeneralAndAdministrative": "167574000", "researchAndDevelopment": "600457000", "operatingExpenses": "1286668000", "investmentIncomeNet": "None", "netInterestIncome": "34149000", "interestIncome": "62695000", "interestExpense": "28546000", "nonInterestIncome": "None", "otherNonOperatingIncome": "26709000", "depreciation": "None", "depreciationAndAmortization": "70441000", "incomeBeforeTax": "6909000", "incomeTaxExpense": "6773000", "interestAndDebtExpense": "None", "netIncomeFromContinuingOperations": "136000", "comprehensiveIncomeNetOfTax": "None", "ebit": "35455000", "ebitda": "105896000", "netIncome": "136000"}, {"fiscalDateEnding": "2023-01-31", "reportedCurrency": "USD", "grossProfit": "1192781000", "totalRevenue": "1646260000", "costOfRevenue": "453479000", "costofGoodsAndServicesSold": "453479000", "operatingIncome": "-88958000", "sellingGeneralAndAdministrative": "176255000", "researchAndDevelopment": "615589000", "operatingExpenses": "1281739000", "investmentIncomeNet": "None", "netInterestIncome": "18687000", "interestIncome": "47236000", "interestExpense": "28549000", "nonInterestIncome": "None", "otherNonOperatingIncome": "None", "depreciation": "None", "depreciationAndAmortization": "89962000", "incomeBeforeTax": "-77919000", "incomeTaxExpense": "47778000", "interestAndDebtExpense": "None", "netIncomeFromContinuingOperations": "-125697000", "comprehensiveIncomeNetOfTax": "None", "ebit": "-88958000", "ebitda": "1004000", "netIncome": "-125697000"}, {"fiscalDateEnding": "2022-10-31", "reportedCurrency": "USD", "grossProfit": "1163310000", "totalRevenue": "1599103000", "costOfRevenue": "435793000", "costofGoodsAndServicesSold": "435793000", "operatingIncome": "-26321000", "sellingGeneralAndAdministrative": "153708000", "researchAndDevelopment": "565727000", "operatingExpenses": "1189631000", "investmentIncomeNet": "None", "netInterestIncome": "1626000", "interestIncome": "31252000", "interestExpense": "29626000", "nonInterestIncome": "None", "otherNonOperatingIncome": "None", "depreciation": "None", "depreciationAndAmortization": "91854000", "incomeBeforeTax": "-22158000", "incomeTaxExpense": "52563000", "interestAndDebtExpense": "None", "netIncomeFromContinuingOperations": "-74721000", "comprehensiveIncomeNetOfTax": "None", "ebit": "7468000", "ebitda": "99322000", "netIncome": "-74721000"}, {"fiscalDateEnding": "2022-07-31", "reportedCurrency": "USD", "grossProfit": "1112713000", "totalRevenue": "1535798000", "costOfRevenue": "423085000", "costofGoodsAndServicesSold": "423085000", "operatingIncome": "-34078000", "sellingGeneralAndAdministrative": "140255000", "researchAndDevelopment": "547835000", "operatingExpenses": "1146791000", "investmentIncomeNet": "None", "netInterestIncome": "-14946000", "interestIncome": "15214000", "interestExpense": "30160000", "nonInterestIncome": "None", "otherNonOperatingIncome": "-32789000", "depreciation": "None", "depreciationAndAmortization": "92695000", "incomeBeforeTax": "-66867000", "incomeTaxExpense": "-2709000", "interestAndDebtExpense": "None", "netIncomeFromContinuingOperations": "-64158000", "comprehensiveIncomeNetOfTax": "None", "ebit": "-36707000", "ebitda": "55988000", "netIncome": "-64158000"}, {"fiscalDateEnding": "2022-04-30", "reportedCurrency": "USD", "grossProfit": "1031836000", "totalRevenue": "1434657000", "costOfRevenue": "402821000", "costofGoodsAndServicesSold": "402821000", "operatingIncome": "-72843000", "sellingGeneralAndAdministrative": "133869000", "researchAndDevelopment": "541509000", "operatingExpenses": "1104679000", "investmentIncomeNet": "None", "netInterestIncome": "-10011000", "interestIncome": "4007000", "interestExpense": "14018000", "nonInterestIncome": "None", "otherNonOperatingIncome": "-20163000", "depreciation": "None", "depreciationAndAmortization": "89846000", "incomeBeforeTax": "-93006000", "incomeTaxExpense": "9167000", "interestAndDebtExpense": "None", "netIncomeFromContinuingOperations": "-102173000", "comprehensiveIncomeNetOfTax": "None", "ebit": "-72843000", "ebitda": "17003000", "netIncome": "-102173000"}, {"fiscalDateEnding": "2022-01-31", "reportedCurrency": "USD", "grossProfit": "986344000", "totalRevenue": "1376141000", "costOfRevenue": "389797000", "costofGoodsAndServicesSold": "389797000", "operatingIncome": "-100962000", "sellingGeneralAndAdministrative": "138621000", "researchAndDevelopment": "537738000", "operatingExpenses": "1087306000", "investmentIncomeNet": "None", "netInterestIncome": "-3031000", "interestIncome": "1044000", "interestExpense": "4075000", "nonInterestIncome": "None", "otherNonOperatingIncome": "17141000", "depreciation": "None", "depreciationAndAmortization": "88750000", "incomeBeforeTax": "-83821000", "incomeTaxExpense": "-10568000", "interestAndDebtExpense": "None", "netIncomeFromContinuingOperations": "-73253000", "comprehensiveIncomeNetOfTax": "None", "ebit": "-100962000", "ebitda": "-12212000", "netIncome": "-73253000"}, {"fiscalDateEnding": "2021-10-31", "reportedCurrency": "USD", "grossProfit": "967539000", "totalRevenue": "1327263000", "costOfRevenue": "359724000", "costofGoodsAndServicesSold": "359724000", "operatingIncome": "23945000", "sellingGeneralAndAdministrative": "121656000", "researchAndDevelopment": "455615000", "operatingExpenses": "943594000", "investmentIncomeNet": "None", "netInterestIncome": "-2965000", "interestIncome": "1195000", "interestExpense": "4160000", "nonInterestIncome": "None", "otherNonOperatingIncome": "21557000", "depreciation": "None", "depreciationAndAmortization": "87127000", "incomeBeforeTax": "45502000", "incomeTaxExpense": "2090000", "interestAndDebtExpense": "None", "netIncomeFromContinuingOperations": "43412000", "comprehensiveIncomeNetOfTax": "None", "ebit": "49662000", "ebitda": "136789000", "netIncome": "43412000"}, {"fiscalDateEnding": "2021-07-31", "reportedCurrency": "USD", "grossProfit": "914840000", "totalRevenue": "1260361000", "costOfRevenue": "345521000", "costofGoodsAndServicesSold": "345521000", "operatingIncome": "-1120000", "sellingGeneralAndAdministrative": "113552000", "researchAndDevelopment": "444251000", "operatingExpenses": "915960000", "investmentIncomeNet": "None", "netInterestIncome": "-2857000", "interestIncome": "1333000", "interestExpense": "4190000", "nonInterestIncome": "None", "otherNonOperatingIncome": "102985000", "depreciation": "None", "depreciationAndAmortization": "85383000", "incomeBeforeTax": "101865000", "incomeTaxExpense": "-3871000", "interestAndDebtExpense": "None", "netIncomeFromContinuingOperations": "105736000", "comprehensiveIncomeNetOfTax": "None", "ebit": "106055000", "ebitda": "191438000", "netIncome": "105736000"}, {"fiscalDateEnding": "2021-04-30", "reportedCurrency": "USD", "grossProfit": "841980000", "totalRevenue": "1175033000", "costOfRevenue": "333053000", "costofGoodsAndServicesSold": "333053000", "operatingIncome": "-38313000", "sellingGeneralAndAdministrative": "112183000", "researchAndDevelopment": "441616000", "operatingExpenses": "880293000", "investmentIncomeNet": "None", "netInterestIncome": "-2174000", "interestIncome": "2003000", "interestExpense": "4177000", "nonInterestIncome": "None", "otherNonOperatingIncome": "-9051000", "depreciation": "None", "depreciationAndAmortization": "82463000", "incomeBeforeTax": "-47364000", "incomeTaxExpense": "-842000", "interestAndDebtExpense": "None", "netIncomeFromContinuingOperations": "-46522000", "comprehensiveIncomeNetOfTax": "None", "ebit": "-43187000", "ebitda": "39276000", "netIncome": "-46522000"}, {"fiscalDateEnding": "2021-01-31", "reportedCurrency": "USD", "grossProfit": "818640000", "totalRevenue": "1131684000", "costOfRevenue": "313044000", "costofGoodsAndServicesSold": "313044000", "operatingIncome": "-73311000", "sellingGeneralAndAdministrative": "117607000", "researchAndDevelopment": "439095000", "operatingExpenses": "891951000", "investmentIncomeNet": "None", "netInterestIncome": "-13262000", "interestIncome": "2333000", "interestExpense": "15595000", "nonInterestIncome": "None", "otherNonOperatingIncome": "4737000", "depreciation": "None", "depreciationAndAmortization": "75101000", "incomeBeforeTax": "-68574000", "incomeTaxExpense": "3133000", "interestAndDebtExpense": "None", "netIncomeFromContinuingOperations": "-71707000", "comprehensiveIncomeNetOfTax": "None", "ebit": "-73311000", "ebitda": "1790000", "netIncome": "-71707000"}, {"fiscalDateEnding": "2020-10-31", "reportedCurrency": "USD", "grossProfit": "810779000", "totalRevenue": "1105960000", "costOfRevenue": "295181000", "costofGoodsAndServicesSold": "295181000", "operatingIncome": "-14077000", "sellingGeneralAndAdministrative": "102024000", "researchAndDevelopment": "419962000", "operatingExpenses": "824856000", "investmentIncomeNet": "None", "netInterestIncome": "-12760000", "interestIncome": "3610000", "interestExpense": "16370000", "nonInterestIncome": "None", "otherNonOperatingIncome": "-8846000", "depreciation": "None", "depreciationAndAmortization": "73864000", "incomeBeforeTax": "-22923000", "incomeTaxExpense": "1417000", "interestAndDebtExpense": "None", "netIncomeFromContinuingOperations": "-24340000", "comprehensiveIncomeNetOfTax": "None", "ebit": "-14077000", "ebitda": "59787000", "netIncome": "-24340000"}, {"fiscalDateEnding": "2020-07-31", "reportedCurrency": "USD", "grossProfit": "777690000", "totalRevenue": "1061967000", "costOfRevenue": "284277000", "costofGoodsAndServicesSold": "284277000", "operatingIncome": "-16754000", "sellingGeneralAndAdministrative": "99266000", "researchAndDevelopment": "418681000", "operatingExpenses": "794444000", "investmentIncomeNet": "None", "netInterestIncome": "-14324000", "interestIncome": "4978000", "interestExpense": "19302000", "nonInterestIncome": "None", "otherNonOperatingIncome": "-11453000", "depreciation": "None", "depreciationAndAmortization": "73178000", "incomeBeforeTax": "-28207000", "incomeTaxExpense": "-191000", "interestAndDebtExpense": "None", "netIncomeFromContinuingOperations": "-28016000", "comprehensiveIncomeNetOfTax": "None", "ebit": "-16754000", "ebitda": "56424000", "netIncome": "-28016000"}, {"fiscalDateEnding": "2020-04-30", "reportedCurrency": "USD", "grossProfit": "712755000", "totalRevenue": "1018385000", "costOfRevenue": "305630000", "costofGoodsAndServicesSold": "305630000", "operatingIncome": "-144457000", "sellingGeneralAndAdministrative": "95171000", "researchAndDevelopment": "443484000", "operatingExpenses": "857212000", "investmentIncomeNet": "None", "netInterestIncome": "-9672000", "interestIncome": "7867000", "interestExpense": "17539000", "nonInterestIncome": "None", "otherNonOperatingIncome": "-10973000", "depreciation": "None", "depreciationAndAmortization": "71514000", "incomeBeforeTax": "-155430000", "incomeTaxExpense": "2938000", "interestAndDebtExpense": "None", "netIncomeFromContinuingOperations": "-158368000", "comprehensiveIncomeNetOfTax": "None", "ebit": "-144457000", "ebitda": "-72943000", "netIncome": "-158368000"}, {"fiscalDateEnding": "2020-01-31", "reportedCurrency": "USD", "grossProfit": "691524000", "totalRevenue": "976299000", "costOfRevenue": "284775000", "costofGoodsAndServicesSold": "284775000", "operatingIncome": "-146097000", "sellingGeneralAndAdministrative": "108792000", "researchAndDevelopment": "422211000", "operatingExpenses": "837621000", "investmentIncomeNet": "None", "netInterestIncome": "-7530000", "interestIncome": "8876000", "interestExpense": "16406000", "nonInterestIncome": "None", "otherNonOperatingIncome": "16884000", "depreciation": "None", "depreciationAndAmortization": "75126000", "incomeBeforeTax": "-129213000", "incomeTaxExpense": "-1255000", "interestAndDebtExpense": "None", "netIncomeFromContinuingOperations": "-127958000", "comprehensiveIncomeNetOfTax": "None", "ebit": "-146097000", "ebitda": "-70971000", "netIncome": "-127958000"}, {"fiscalDateEnding": "2019-10-31", "reportedCurrency": "USD", "grossProfit": "667170000", "totalRevenue": "938100000", "costOfRevenue": "270930000", "costofGoodsAndServicesSold": "270930000", "operatingIncome": "-110250000", "sellingGeneralAndAdministrative": "88884000", "researchAndDevelopment": "401742000", "operatingExpenses": "777420000", "investmentIncomeNet": "None", "netInterestIncome": "-5402000", "interestIncome": "10803000", "interestExpense": "16205000", "nonInterestIncome": "None", "otherNonOperatingIncome": "-4136000", "depreciation": "None", "depreciationAndAmortization": "72233000", "incomeBeforeTax": "-114386000", "incomeTaxExpense": "1343000", "interestAndDebtExpense": "None", "netIncomeFromContinuingOperations": "-115729000", "comprehensiveIncomeNetOfTax": "None", "ebit": "-110250000", "ebitda": "-38017000", "netIncome": "-115729000"}, {"fiscalDateEnding": "2019-07-31", "reportedCurrency": "USD", "grossProfit": "621418000", "totalRevenue": "887752000", "costOfRevenue": "266334000", "costofGoodsAndServicesSold": "266334000", "operatingIncome": "-122497000", "sellingGeneralAndAdministrative": "85593000", "researchAndDevelopment": "378122000", "operatingExpenses": "743915000", "investmentIncomeNet": "None", "netInterestIncome": "-3234000", "interestIncome": "11239000", "interestExpense": "14473000", "nonInterestIncome": "None", "otherNonOperatingIncome": "-106000", "depreciation": "None", "depreciationAndAmortization": "67754000", "incomeBeforeTax": "-122603000", "incomeTaxExpense": "-1891000", "interestAndDebtExpense": "None", "netIncomeFromContinuingOperations": "-120712000", "comprehensiveIncomeNetOfTax": "None", "ebit": "-122497000", "ebitda": "-54743000", "netIncome": "-120712000"}, {"fiscalDateEnding": "2019-04-30", "reportedCurrency": "USD", "grossProfit": "581836000", "totalRevenue": "825055000", "costOfRevenue": "243219000", "costofGoodsAndServicesSold": "243219000", "operatingIncome": "-123386000", "sellingGeneralAndAdministrative": "84455000", "researchAndDevelopment": "347831000", "operatingExpenses": "705222000", "investmentIncomeNet": "None", "netInterestIncome": "-1251000", "interestIncome": "1147000", "interestExpense": "11601000", "nonInterestIncome": "None", "otherNonOperatingIncome": "7141000", "depreciation": "None", "depreciationAndAmortization": "61165000", "incomeBeforeTax": "-116245000", "incomeTaxExpense": "30000", "interestAndDebtExpense": "None", "netIncomeFromContinuingOperations": "-116275000", "comprehensiveIncomeNetOfTax": "None", "ebit": "-123386000", "ebitda": "-62221000", "netIncome": "-116275000"}, {"fiscalDateEnding": "2019-01-31", "reportedCurrency": "USD", "grossProfit": "554880000", "totalRevenue": "788628000", "costOfRevenue": "233748000", "costofGoodsAndServicesSold": "233748000", "operatingIncome": "-120283000", "sellingGeneralAndAdministrative": "87804000", "researchAndDevelopment": "337405000", "operatingExpenses": "675163000", "investmentIncomeNet": "None", "netInterestIncome": "None", "interestIncome": "None", "interestExpense": "12044000", "nonInterestIncome": "None", "otherNonOperatingIncome": "15150000", "depreciation": "None", "depreciationAndAmortization": "59619000", "incomeBeforeTax": "-105133000", "incomeTaxExpense": "-772000", "interestAndDebtExpense": "None", "netIncomeFromContinuingOperations": "-104361000", "comprehensiveIncomeNetOfTax": "None", "ebit": "-120283000", "ebitda": "-60664000", "netIncome": "-104361000"}, {"fiscalDateEnding": "2018-10-31", "reportedCurrency": "USD", "grossProfit": "520188000", "totalRevenue": "743189000", "costOfRevenue": "223001000", "costofGoodsAndServicesSold": "223001000", "operatingIncome": "-182755000", "sellingGeneralAndAdministrative": "138784000", "researchAndDevelopment": "318003000", "operatingExpenses": "702943000", "investmentIncomeNet": "None", "netInterestIncome": "None", "interestIncome": "None", "interestExpense": "12348000", "nonInterestIncome": "None", "otherNonOperatingIncome": "26617000", "depreciation": "None", "depreciationAndAmortization": "57602000", "incomeBeforeTax": "-156138000", "incomeTaxExpense": "-2807000", "interestAndDebtExpense": "None", "netIncomeFromContinuingOperations": "-153331000", "comprehensiveIncomeNetOfTax": "None", "ebit": "-182755000", "ebitda": "-125153000", "netIncome": "-153331000"}, {"fiscalDateEnding": "2018-07-31", "reportedCurrency": "USD", "grossProfit": "471490000", "totalRevenue": "671720000", "costOfRevenue": "200230000", "costofGoodsAndServicesSold": "200230000", "operatingIncome": "-88982000", "sellingGeneralAndAdministrative": "65168000", "researchAndDevelopment": "292840000", "operatingExpenses": "560472000", "investmentIncomeNet": "None", "netInterestIncome": "None", "interestIncome": "None", "interestExpense": "17515000", "nonInterestIncome": "None", "otherNonOperatingIncome": "1613000", "depreciation": "None", "depreciationAndAmortization": "42226000", "incomeBeforeTax": "-87369000", "incomeTaxExpense": "-1213000", "interestAndDebtExpense": "None", "netIncomeFromContinuingOperations": "-86156000", "comprehensiveIncomeNetOfTax": "None", "ebit": "-88982000", "ebitda": "-46756000", "netIncome": "-86156000"}, {"fiscalDateEnding": "2018-04-30", "reportedCurrency": "USD", "grossProfit": "440672000", "totalRevenue": "618643000", "costOfRevenue": "177971000", "costofGoodsAndServicesSold": "177971000", "operatingIncome": "-71264000", "sellingGeneralAndAdministrative": "55581000", "researchAndDevelopment": "263584000", "operatingExpenses": "511936000", "investmentIncomeNet": "None", "netInterestIncome": "None", "interestIncome": "None", "interestExpense": "18302000", "nonInterestIncome": "None", "otherNonOperatingIncome": "-3848000", "depreciation": "None", "depreciationAndAmortization": "38664000", "incomeBeforeTax": "-75112000", "incomeTaxExpense": "-702000", "interestAndDebtExpense": "None", "netIncomeFromContinuingOperations": "-74410000", "comprehensiveIncomeNetOfTax": "None", "ebit": "-71264000", "ebitda": "-32600000", "netIncome": "-74410000"}, {"fiscalDateEnding": "2018-01-31", "reportedCurrency": "USD", "grossProfit": "411528000", "totalRevenue": "582480000", "costOfRevenue": "170952000", "costofGoodsAndServicesSold": "170952000", "operatingIncome": "-81335000", "sellingGeneralAndAdministrative": "59824000", "researchAndDevelopment": "253454000", "operatingExpenses": "492863000", "investmentIncomeNet": "None", "netInterestIncome": "None", "interestIncome": "None", "interestExpense": "18438000", "nonInterestIncome": "None", "otherNonOperatingIncome": "-7096000", "depreciation": "None", "depreciationAndAmortization": "34594000", "incomeBeforeTax": "-88431000", "incomeTaxExpense": "669000", "interestAndDebtExpense": "None", "netIncomeFromContinuingOperations": "-89100000", "comprehensiveIncomeNetOfTax": "None", "ebit": "-81335000", "ebitda": "-46741000", "netIncome": "-89100000"}, {"fiscalDateEnding": "2017-10-31", "reportedCurrency": "USD", "grossProfit": "391834000", "totalRevenue": "555389000", "costOfRevenue": "163555000", "costofGoodsAndServicesSold": "163555000", "operatingIncome": "-80059000", "sellingGeneralAndAdministrative": "56184000", "researchAndDevelopment": "239588000", "operatingExpenses": "471893000", "investmentIncomeNet": "None", "netInterestIncome": "None", "interestIncome": "None", "interestExpense": "12285000", "nonInterestIncome": "None", "otherNonOperatingIncome": "-3742000", "depreciation": "None", "depreciationAndAmortization": "34982000", "incomeBeforeTax": "-83801000", "incomeTaxExpense": "1745000", "interestAndDebtExpense": "None", "netIncomeFromContinuingOperations": "-85546000", "comprehensiveIncomeNetOfTax": "None", "ebit": "-80059000", "ebitda": "-45077000", "netIncome": "-85546000"}, {"fiscalDateEnding": "2017-07-31", "reportedCurrency": "USD", "grossProfit": "367125000", "totalRevenue": "525320000", "costOfRevenue": "158195000", "costofGoodsAndServicesSold": "158195000", "operatingIncome": "-81629000", "sellingGeneralAndAdministrative": "55699000", "researchAndDevelopment": "221103000", "operatingExpenses": "448754000", "investmentIncomeNet": "None", "netInterestIncome": "None", "interestIncome": "None", "interestExpense": "6840000", "nonInterestIncome": "None", "otherNonOperatingIncome": "938000", "depreciation": "None", "depreciationAndAmortization": "34021000", "incomeBeforeTax": "-80691000", "incomeTaxExpense": "1841000", "interestAndDebtExpense": "None", "netIncomeFromContinuingOperations": "-82532000", "comprehensiveIncomeNetOfTax": "None", "ebit": "-81629000", "ebitda": "-47608000", "netIncome": "-82532000"}, {"fiscalDateEnding": "2017-04-30", "reportedCurrency": "USD", "grossProfit": "343150000", "totalRevenue": "479861000", "costOfRevenue": "136711000", "costofGoodsAndServicesSold": "136711000", "operatingIncome": "-60200000", "sellingGeneralAndAdministrative": "51202000", "researchAndDevelopment": "196439000", "operatingExpenses": "403350000", "investmentIncomeNet": "None", "netInterestIncome": "None", "interestIncome": "None", "interestExpense": "6986000", "nonInterestIncome": "None", "otherNonOperatingIncome": "-1663000", "depreciation": "None", "depreciationAndAmortization": "33377000", "incomeBeforeTax": "-61863000", "incomeTaxExpense": "2181000", "interestAndDebtExpense": "None", "netIncomeFromContinuingOperations": "-64044000", "comprehensiveIncomeNetOfTax": "None", "ebit": "-60200000", "ebitda": "-26823000", "netIncome": "-64044000"}, {"fiscalDateEnding": "2017-01-31", "reportedCurrency": "USD", "grossProfit": "306491000", "totalRevenue": "436672000", "costOfRevenue": "130181000", "costofGoodsAndServicesSold": "130181000", "operatingIncome": "-106235000", "sellingGeneralAndAdministrative": "53513000", "researchAndDevelopment": "191556000", "operatingExpenses": "412726000", "investmentIncomeNet": "None", "netInterestIncome": "None", "interestIncome": "None", "interestExpense": "6952000", "nonInterestIncome": "None", "otherNonOperatingIncome": "-2291000", "depreciation": "None", "depreciationAndAmortization": "32646000", "incomeBeforeTax": "-108526000", "incomeTaxExpense": "-2961000", "interestAndDebtExpense": "None", "netIncomeFromContinuingOperations": "-105565000", "comprehensiveIncomeNetOfTax": "None", "ebit": "-106235000", "ebitda": "-73589000", "netIncome": "-105565000"}, {"fiscalDateEnding": "2016-10-31", "reportedCurrency": "USD", "grossProfit": "282697000", "totalRevenue": "409582000", "costOfRevenue": "126885000", "costofGoodsAndServicesSold": "126885000", "operatingIncome": "-109884000", "sellingGeneralAndAdministrative": "57721000", "researchAndDevelopment": "185311000", "operatingExpenses": "392581000", "investmentIncomeNet": "None", "netInterestIncome": "None", "interestIncome": "None", "interestExpense": "7206000", "nonInterestIncome": "None", "otherNonOperatingIncome": "-3105000", "depreciation": "None", "depreciationAndAmortization": "30453000", "incomeBeforeTax": "-112989000", "incomeTaxExpense": "1077000", "interestAndDebtExpense": "None", "netIncomeFromContinuingOperations": "-114066000", "comprehensiveIncomeNetOfTax": "None", "ebit": "-109884000", "ebitda": "-79431000", "netIncome": "-114066000"}, {"fiscalDateEnding": "2016-07-31", "reportedCurrency": "USD", "grossProfit": "259871000", "totalRevenue": "377723000", "costOfRevenue": "117852000", "costofGoodsAndServicesSold": "117852000", "operatingIncome": "-86897000", "sellingGeneralAndAdministrative": "45705000", "researchAndDevelopment": "161886000", "operatingExpenses": "346768000", "investmentIncomeNet": "None", "netInterestIncome": "None", "interestIncome": "None", "interestExpense": "7914000", "nonInterestIncome": "None", "otherNonOperatingIncome": "-21193000", "depreciation": "None", "depreciationAndAmortization": "26662000", "incomeBeforeTax": "-108090000", "incomeTaxExpense": "-65000", "interestAndDebtExpense": "None", "netIncomeFromContinuingOperations": "-108025000", "comprehensiveIncomeNetOfTax": "None", "ebit": "-86897000", "ebitda": "-60235000", "netIncome": "-108025000"}, {"fiscalDateEnding": "2016-04-30", "reportedCurrency": "USD", "grossProfit": "236803000", "totalRevenue": "345430000", "costOfRevenue": "108627000", "costofGoodsAndServicesSold": "108627000", "operatingIncome": "-73649000", "sellingGeneralAndAdministrative": "41183000", "researchAndDevelopment": "141778000", "operatingExpenses": "310452000", "investmentIncomeNet": "None", "netInterestIncome": "None", "interestIncome": "None", "interestExpense": "8031000", "nonInterestIncome": "None", "otherNonOperatingIncome": "-5838000", "depreciation": "None", "depreciationAndAmortization": "26124000", "incomeBeforeTax": "-79487000", "incomeTaxExpense": "1135000", "interestAndDebtExpense": "None", "netIncomeFromContinuingOperations": "-80622000", "comprehensiveIncomeNetOfTax": "None", "ebit": "-71456000", "ebitda": "-45332000", "netIncome": "-80622000"}, {"fiscalDateEnding": "2016-01-31", "reportedCurrency": "USD", "grossProfit": "220747000", "totalRevenue": "323427000", "costOfRevenue": "102680000", "costofGoodsAndServicesSold": "102680000", "operatingIncome": "-73441000", "sellingGeneralAndAdministrative": "41871000", "researchAndDevelopment": "131244000", "operatingExpenses": "294188000", "investmentIncomeNet": "None", "netInterestIncome": "None", "interestIncome": "None", "interestExpense": "8094000", "nonInterestIncome": "None", "otherNonOperatingIncome": "-6505000", "depreciation": "None", "depreciationAndAmortization": "25222000", "incomeBeforeTax": "-79946000", "incomeTaxExpense": "1182000", "interestAndDebtExpense": "None", "netIncomeFromContinuingOperations": "-81128000", "comprehensiveIncomeNetOfTax": "None", "ebit": "-73441000", "ebitda": "-48219000", "netIncome": "-81128000"}, {"fiscalDateEnding": "2015-10-31", "reportedCurrency": "USD", "grossProfit": "203512000", "totalRevenue": "305266000", "costOfRevenue": "101754000", "costofGoodsAndServicesSold": "101754000", "operatingIncome": "-70174000", "sellingGeneralAndAdministrative": "38008000", "researchAndDevelopment": "124020000", "operatingExpenses": "273686000", "investmentIncomeNet": "None", "netInterestIncome": "None", "interestIncome": "None", "interestExpense": "8001000", "nonInterestIncome": "None", "otherNonOperatingIncome": "-6722000", "depreciation": "None", "depreciationAndAmortization": "22260000", "incomeBeforeTax": "-76896000", "incomeTaxExpense": "915000", "interestAndDebtExpense": "None", "netIncomeFromContinuingOperations": "-77811000", "comprehensiveIncomeNetOfTax": "None", "ebit": "-70174000", "ebitda": "-47914000", "netIncome": "-77811000"}, {"fiscalDateEnding": "2015-07-31", "reportedCurrency": "USD", "grossProfit": "190617000", "totalRevenue": "282696000", "costOfRevenue": "92079000", "costofGoodsAndServicesSold": "92079000", "operatingIncome": "-67640000", "sellingGeneralAndAdministrative": "36482000", "researchAndDevelopment": "115345000", "operatingExpenses": "258257000", "investmentIncomeNet": "None", "netInterestIncome": "None", "interestIncome": "None", "interestExpense": "7952000", "nonInterestIncome": "None", "otherNonOperatingIncome": "-3779000", "depreciation": "None", "depreciationAndAmortization": "19888000", "incomeBeforeTax": "-71419000", "incomeTaxExpense": "-1998000", "interestAndDebtExpense": "None", "netIncomeFromContinuingOperations": "-69421000", "comprehensiveIncomeNetOfTax": "None", "ebit": "-67640000", "ebitda": "-47752000", "netIncome": "-69421000"}, {"fiscalDateEnding": "2015-04-30", "reportedCurrency": "USD", "grossProfit": "173043000", "totalRevenue": "250957000", "costOfRevenue": "77914000", "costofGoodsAndServicesSold": "77914000", "operatingIncome": "-53404000", "sellingGeneralAndAdministrative": "32217000", "researchAndDevelopment": "99335000", "operatingExpenses": "226447000", "investmentIncomeNet": "None", "netInterestIncome": "None", "interestIncome": "None", "interestExpense": "7885000", "nonInterestIncome": "None", "otherNonOperatingIncome": "-7236000", "depreciation": "None", "depreciationAndAmortization": "18569000", "incomeBeforeTax": "-60640000", "incomeTaxExpense": "918000", "interestAndDebtExpense": "None", "netIncomeFromContinuingOperations": "-61558000", "comprehensiveIncomeNetOfTax": "None", "ebit": "-53404000", "ebitda": "-34835000", "netIncome": "-61558000"}, {"fiscalDateEnding": "2015-01-31", "reportedCurrency": "USD", "grossProfit": "156318000", "totalRevenue": "226273000", "costOfRevenue": "69955000", "costofGoodsAndServicesSold": "69955000", "operatingIncome": "-50384000", "sellingGeneralAndAdministrative": "29270000", "researchAndDevelopment": "88963000", "operatingExpenses": "206702000", "investmentIncomeNet": "None", "netInterestIncome": "None", "interestIncome": "None", "interestExpense": "7809000", "nonInterestIncome": "None", "otherNonOperatingIncome": "-8271000", "depreciation": "None", "depreciationAndAmortization": "16526000", "incomeBeforeTax": "-58655000", "incomeTaxExpense": "811000", "interestAndDebtExpense": "None", "netIncomeFromContinuingOperations": "-59466000", "comprehensiveIncomeNetOfTax": "None", "ebit": "-50384000", "ebitda": "-33858000", "netIncome": "-59466000"}, {"fiscalDateEnding": "2014-10-31", "reportedCurrency": "USD", "grossProfit": "143281000", "totalRevenue": "215070000", "costOfRevenue": "71789000", "costofGoodsAndServicesSold": "71789000", "operatingIncome": "-51466000", "sellingGeneralAndAdministrative": "28796000", "researchAndDevelopment": "85270000", "operatingExpenses": "194747000", "investmentIncomeNet": "None", "netInterestIncome": "None", "interestIncome": "None", "interestExpense": "7778000", "nonInterestIncome": "None", "otherNonOperatingIncome": "-8047000", "depreciation": "None", "depreciationAndAmortization": "15682000", "incomeBeforeTax": "-59513000", "incomeTaxExpense": "399000", "interestAndDebtExpense": "None", "netIncomeFromContinuingOperations": "-59912000", "comprehensiveIncomeNetOfTax": "None", "ebit": "-51466000", "ebitda": "-35784000", "netIncome": "-59912000"}, {"fiscalDateEnding": "2014-07-31", "reportedCurrency": "USD", "grossProfit": "121140000", "totalRevenue": "186780000", "costOfRevenue": "65640000", "costofGoodsAndServicesSold": "65640000", "operatingIncome": "-61769000", "sellingGeneralAndAdministrative": "26922000", "researchAndDevelopment": "77464000", "operatingExpenses": "182909000", "investmentIncomeNet": "None", "netInterestIncome": "None", "interestIncome": "None", "interestExpense": "7765000", "nonInterestIncome": "None", "otherNonOperatingIncome": "-6953000", "depreciation": "None", "depreciationAndAmortization": "14474000", "incomeBeforeTax": "-68722000", "incomeTaxExpense": "493000", "interestAndDebtExpense": "None", "netIncomeFromContinuingOperations": "-69215000", "comprehensiveIncomeNetOfTax": "None", "ebit": "-61769000", "ebitda": "-47295000", "netIncome": "-69215000"}, {"fiscalDateEnding": "2014-04-30", "reportedCurrency": "USD", "grossProfit": "102318000", "totalRevenue": "159737000", "costOfRevenue": "57419000", "costofGoodsAndServicesSold": "57419000", "operatingIncome": "-52083000", "sellingGeneralAndAdministrative": "21063000", "researchAndDevelopment": "65171000", "operatingExpenses": "154401000", "investmentIncomeNet": "None", "netInterestIncome": "None", "interestIncome": "None", "interestExpense": "7708000", "nonInterestIncome": "None", "otherNonOperatingIncome": "-6999000", "depreciation": "None", "depreciationAndAmortization": "12523000", "incomeBeforeTax": "-59082000", "incomeTaxExpense": "307000", "interestAndDebtExpense": "None", "netIncomeFromContinuingOperations": "-59389000", "comprehensiveIncomeNetOfTax": "None", "ebit": "-52083000", "ebitda": "-39560000", "netIncome": "-59389000"}, {"fiscalDateEnding": "2014-01-31", "reportedCurrency": "USD", "grossProfit": "91100000", "totalRevenue": "141866000", "costOfRevenue": "50766000", "costofGoodsAndServicesSold": "50766000", "operatingIncome": "-47976000", "sellingGeneralAndAdministrative": "22951000", "researchAndDevelopment": "55317000", "operatingExpenses": "139076000", "investmentIncomeNet": "None", "netInterestIncome": "None", "interestIncome": "None", "interestExpense": "7654000", "nonInterestIncome": "None", "otherNonOperatingIncome": "-6921000", "depreciation": "None", "depreciationAndAmortization": "10714000", "incomeBeforeTax": "-54897000", "incomeTaxExpense": "1085000", "interestAndDebtExpense": "None", "netIncomeFromContinuingOperations": "-55982000", "comprehensiveIncomeNetOfTax": "None", "ebit": "-47976000", "ebitda": "-37262000", "netIncome": "-55982000"}, {"fiscalDateEnding": "2013-10-31", "reportedCurrency": "USD", "grossProfit": "79281000", "totalRevenue": "127872000", "costOfRevenue": "48591000", "costofGoodsAndServicesSold": "48591000", "operatingIncome": "-40399000", "sellingGeneralAndAdministrative": "16280000", "researchAndDevelopment": "49349000", "operatingExpenses": "119680000", "investmentIncomeNet": "None", "netInterestIncome": "None", "interestIncome": "None", "interestExpense": "7663000", "nonInterestIncome": "None", "otherNonOperatingIncome": "-6893000", "depreciation": "None", "depreciationAndAmortization": "9361000", "incomeBeforeTax": "-47292000", "incomeTaxExpense": "242000", "interestAndDebtExpense": "None", "netIncomeFromContinuingOperations": "-47534000", "comprehensiveIncomeNetOfTax": "None", "ebit": "-40399000", "ebitda": "-31038000", "netIncome": "-47534000"}, {"fiscalDateEnding": "2013-07-31", "reportedCurrency": "USD", "grossProfit": "66801000", "totalRevenue": "107555000", "costOfRevenue": "40754000", "costofGoodsAndServicesSold": "40754000", "operatingIncome": "-32283000", "sellingGeneralAndAdministrative": "13766000", "researchAndDevelopment": "41168000", "operatingExpenses": "99084000", "investmentIncomeNet": "None", "netInterestIncome": "None", "interestIncome": "None", "interestExpense": "3879000", "nonInterestIncome": "None", "otherNonOperatingIncome": "-3479000", "depreciation": "None", "depreciationAndAmortization": "8051000", "incomeBeforeTax": "-35762000", "incomeTaxExpense": "216000", "interestAndDebtExpense": "None", "netIncomeFromContinuingOperations": "-35978000", "comprehensiveIncomeNetOfTax": "None", "ebit": "-32283000", "ebitda": "-24232000", "netIncome": "-35978000"}, {"fiscalDateEnding": "2013-04-30", "reportedCurrency": "USD", "grossProfit": "54946000", "totalRevenue": "91645000", "costOfRevenue": "36699000", "costofGoodsAndServicesSold": "36699000", "operatingIncome": "-32624000", "sellingGeneralAndAdministrative": "12924000", "researchAndDevelopment": "36282000", "operatingExpenses": "87570000", "investmentIncomeNet": "None", "netInterestIncome": "None", "interestIncome": "None", "interestExpense": "422000", "nonInterestIncome": "None", "otherNonOperatingIncome": "-256000", "depreciation": "None", "depreciationAndAmortization": "6569000", "incomeBeforeTax": "-32880000", "incomeTaxExpense": "135000", "interestAndDebtExpense": "None", "netIncomeFromContinuingOperations": "-33015000", "comprehensiveIncomeNetOfTax": "None", "ebit": "-32624000", "ebitda": "-26055000", "netIncome": "-33015000"}, {"fiscalDateEnding": "2013-01-31", "reportedCurrency": "USD", "grossProfit": "48533000", "totalRevenue": "81519000", "costOfRevenue": "32986000", "costofGoodsAndServicesSold": "32986000", "operatingIncome": "-30678000", "sellingGeneralAndAdministrative": "12570000", "researchAndDevelopment": "30252000", "operatingExpenses": "79211000", "investmentIncomeNet": "None", "netInterestIncome": "None", "interestIncome": "None", "interestExpense": "369000", "nonInterestIncome": "None", "otherNonOperatingIncome": "None", "depreciation": "None", "depreciationAndAmortization": "5784000", "incomeBeforeTax": "-30845000", "incomeTaxExpense": "99000", "interestAndDebtExpense": "None", "netIncomeFromContinuingOperations": "0", "comprehensiveIncomeNetOfTax": "None", "ebit": "-30678000", "ebitda": "-24894000", "netIncome": "-30944000"}, {"fiscalDateEnding": "2012-10-31", "reportedCurrency": "USD", "grossProfit": "42424000", "totalRevenue": "72618000", "costOfRevenue": "30194000", "costofGoodsAndServicesSold": "30194000", "operatingIncome": "-40868000", "sellingGeneralAndAdministrative": "22633000", "researchAndDevelopment": "28075000", "operatingExpenses": "83292000", "investmentIncomeNet": "None", "netInterestIncome": "None", "interestIncome": "None", "interestExpense": "431000", "nonInterestIncome": "None", "otherNonOperatingIncome": "-364000", "depreciation": "None", "depreciationAndAmortization": "4461000", "incomeBeforeTax": "-41232000", "incomeTaxExpense": "78000", "interestAndDebtExpense": "None", "netIncomeFromContinuingOperations": "-41310000", "comprehensiveIncomeNetOfTax": "None", "ebit": "-40504000", "ebitda": "-36043000", "netIncome": "-41310000"}, {"fiscalDateEnding": "2012-07-31", "reportedCurrency": "USD", "grossProfit": "34437000", "totalRevenue": "62702000", "costOfRevenue": "28265000", "costofGoodsAndServicesSold": "28265000", "operatingIncome": "-26360000", "sellingGeneralAndAdministrative": "7616000", "researchAndDevelopment": "23552000", "operatingExpenses": "60797000", "investmentIncomeNet": "None", "netInterestIncome": "None", "interestIncome": "None", "interestExpense": "306000", "nonInterestIncome": "None", "otherNonOperatingIncome": "None", "depreciation": "None", "depreciationAndAmortization": "3943000", "incomeBeforeTax": "-26997000", "incomeTaxExpense": "-116000", "interestAndDebtExpense": "None", "netIncomeFromContinuingOperations": "0", "comprehensiveIncomeNetOfTax": "None", "ebit": "-26691000", "ebitda": "-22748000", "netIncome": "-26881000"}, {"fiscalDateEnding": "2012-04-30", "reportedCurrency": "USD", "grossProfit": "31728000", "totalRevenue": "56818000", "costOfRevenue": "25090000", "costofGoodsAndServicesSold": "25090000", "operatingIncome": "-19957000", "sellingGeneralAndAdministrative": "6061000", "researchAndDevelopment": "20786000", "operatingExpenses": "51685000", "investmentIncomeNet": "None", "netInterestIncome": "None", "interestIncome": "None", "interestExpense": "257000", "nonInterestIncome": "None", "otherNonOperatingIncome": "None", "depreciation": "None", "depreciationAndAmortization": "3534000", "incomeBeforeTax": "-19992000", "incomeTaxExpense": "63000", "interestAndDebtExpense": "None", "netIncomeFromContinuingOperations": "0", "comprehensiveIncomeNetOfTax": "None", "ebit": "-19957000", "ebitda": "-16423000", "netIncome": "-20055000"}, {"fiscalDateEnding": "2012-01-31", "reportedCurrency": "USD", "grossProfit": "22828000", "totalRevenue": "43158000", "costOfRevenue": "20330000", "costofGoodsAndServicesSold": "20330000", "operatingIncome": "-23091000", "sellingGeneralAndAdministrative": "5050000", "researchAndDevelopment": "18287000", "operatingExpenses": "45919000", "investmentIncomeNet": "None", "netInterestIncome": "None", "interestIncome": "None", "interestExpense": "976000", "nonInterestIncome": "None", "otherNonOperatingIncome": "None", "depreciation": "None", "depreciationAndAmortization": "3069000", "incomeBeforeTax": "-23535000", "incomeTaxExpense": "51000", "interestAndDebtExpense": "None", "netIncomeFromContinuingOperations": "0", "comprehensiveIncomeNetOfTax": "None", "ebit": "-23133000", "ebitda": "-20064000", "netIncome": "-23586000"}, {"fiscalDateEnding": "2011-10-31", "reportedCurrency": "USD", "grossProfit": "18771000", "totalRevenue": "36450000", "costOfRevenue": "17679000", "costofGoodsAndServicesSold": "17679000", "operatingIncome": "-19442000", "sellingGeneralAndAdministrative": "3594000", "researchAndDevelopment": "16404000", "operatingExpenses": "38213000", "investmentIncomeNet": "None", "netInterestIncome": "None", "interestIncome": "None", "interestExpense": "0", "nonInterestIncome": "None", "otherNonOperatingIncome": "None", "depreciation": "None", "depreciationAndAmortization": "2522000", "incomeBeforeTax": "-19685000", "incomeTaxExpense": "46000", "interestAndDebtExpense": "None", "netIncomeFromContinuingOperations": "0", "comprehensiveIncomeNetOfTax": "None", "ebit": "-19199000", "ebitda": "-16677000", "netIncome": "-19731000"}, {"fiscalDateEnding": "2011-07-31", "reportedCurrency": "USD", "grossProfit": "0", "totalRevenue": "30126000", "costOfRevenue": "23631000", "costofGoodsAndServicesSold": "23631000", "operatingIncome": "0", "sellingGeneralAndAdministrative": "35336000", "researchAndDevelopment": "14840000", "operatingExpenses": "0", "investmentIncomeNet": "None", "netInterestIncome": "None", "interestIncome": "None", "interestExpense": "0", "nonInterestIncome": "None", "otherNonOperatingIncome": "None", "depreciation": "None", "depreciationAndAmortization": "None", "incomeBeforeTax": "0", "incomeTaxExpense": "35000", "interestAndDebtExpense": "None", "netIncomeFromContinuingOperations": "0", "comprehensiveIncomeNetOfTax": "None", "ebit": "0", "ebitda": "None", "netIncome": "0"}, {"fiscalDateEnding": "2011-04-30", "reportedCurrency": "USD", "grossProfit": "0", "totalRevenue": "24693000", "costOfRevenue": "0", "costofGoodsAndServicesSold": "0", "operatingIncome": "0", "sellingGeneralAndAdministrative": "28035000", "researchAndDevelopment": "12483000", "operatingExpenses": "0", "investmentIncomeNet": "None", "netInterestIncome": "None", "interestIncome": "None", "interestExpense": "0", "nonInterestIncome": "None", "otherNonOperatingIncome": "None", "depreciation": "None", "depreciationAndAmortization": "None", "incomeBeforeTax": "0", "incomeTaxExpense": "35000", "interestAndDebtExpense": "None", "netIncomeFromContinuingOperations": "0", "comprehensiveIncomeNetOfTax": "None", "ebit": "0", "ebitda": "None", "netIncome": "0"}, {"fiscalDateEnding": "2010-10-31", "reportedCurrency": "USD", "grossProfit": "33504000", "totalRevenue": "68055000", "costOfRevenue": "34551000", "costofGoodsAndServicesSold": "34551000", "operatingIncome": "0", "sellingGeneralAndAdministrative": "84252000", "researchAndDevelopment": "39175000", "operatingExpenses": "0", "investmentIncomeNet": "None", "netInterestIncome": "None", "interestIncome": "None", "interestExpense": "221000", "nonInterestIncome": "None", "otherNonOperatingIncome": "None", "depreciation": "None", "depreciationAndAmortization": "None", "incomeBeforeTax": "0", "incomeTaxExpense": "97000", "interestAndDebtExpense": "None", "netIncomeFromContinuingOperations": "0", "comprehensiveIncomeNetOfTax": "None", "ebit": "0", "ebitda": "None", "netIncome": "0"}]}