{"symbol": "GEHC", "annualReports": [{"fiscalDateEnding": "2024-12-31", "reportedCurrency": "USD", "grossProfit": "8205000000", "totalRevenue": "19672000000", "costOfRevenue": "11467000000", "costofGoodsAndServicesSold": "11467000000", "operatingIncome": "2625000000", "sellingGeneralAndAdministrative": "4269000000", "researchAndDevelopment": "1311000000", "operatingExpenses": "5580000000", "investmentIncomeNet": "None", "netInterestIncome": "-505000000", "interestIncome": "None", "interestExpense": "505000000", "nonInterestIncome": "None", "otherNonOperatingIncome": "None", "depreciation": "None", "depreciationAndAmortization": "580000000", "incomeBeforeTax": "2581000000", "incomeTaxExpense": "531000000", "interestAndDebtExpense": "None", "netIncomeFromContinuingOperations": "2050000000", "comprehensiveIncomeNetOfTax": "None", "ebit": "3086000000", "ebitda": "3666000000", "netIncome": "1993000000"}, {"fiscalDateEnding": "2023-12-31", "reportedCurrency": "USD", "grossProfit": "7922000000", "totalRevenue": "19552000000", "costOfRevenue": "11630000000", "costofGoodsAndServicesSold": "11630000000", "operatingIncome": "2435000000", "sellingGeneralAndAdministrative": "4282000000", "researchAndDevelopment": "1205000000", "operatingExpenses": "5487000000", "investmentIncomeNet": "None", "netInterestIncome": "-516000000", "interestIncome": "26000000", "interestExpense": "542000000", "nonInterestIncome": "None", "otherNonOperatingIncome": "None", "depreciation": "None", "depreciationAndAmortization": "610000000", "incomeBeforeTax": "2361000000", "incomeTaxExpense": "-743000000", "interestAndDebtExpense": "None", "netIncomeFromContinuingOperations": "1618000000", "comprehensiveIncomeNetOfTax": "None", "ebit": "2435000000", "ebitda": "2435000000", "netIncome": "3104000000"}, {"fiscalDateEnding": "2022-12-31", "reportedCurrency": "USD", "grossProfit": "7179000000", "totalRevenue": "18341000000", "costOfRevenue": "11162000000", "costofGoodsAndServicesSold": "11162000000", "operatingIncome": "2522000000", "sellingGeneralAndAdministrative": "3631000000", "researchAndDevelopment": "1026000000", "operatingExpenses": "4657000000", "investmentIncomeNet": "None", "netInterestIncome": "-77000000", "interestIncome": "None", "interestExpense": "77000000", "nonInterestIncome": "None", "otherNonOperatingIncome": "None", "depreciation": "None", "depreciationAndAmortization": "633000000", "incomeBeforeTax": "2512000000", "incomeTaxExpense": "563000000", "interestAndDebtExpense": "None", "netIncomeFromContinuingOperations": "1949000000", "comprehensiveIncomeNetOfTax": "None", "ebit": "2532000000", "ebitda": "3165000000", "netIncome": "1916000000"}, {"fiscalDateEnding": "2021-12-31", "reportedCurrency": "USD", "grossProfit": "7174000000", "totalRevenue": "17585000000", "costOfRevenue": "10411000000", "costofGoodsAndServicesSold": "10411000000", "operatingIncome": "2795000000", "sellingGeneralAndAdministrative": "3563000000", "researchAndDevelopment": "816000000", "operatingExpenses": "4379000000", "investmentIncomeNet": "None", "netInterestIncome": "-6000000", "interestIncome": "34000000", "interestExpense": "40000000", "nonInterestIncome": "None", "otherNonOperatingIncome": "None", "depreciation": "None", "depreciationAndAmortization": "625000000", "incomeBeforeTax": "2875000000", "incomeTaxExpense": "600000000", "interestAndDebtExpense": "None", "netIncomeFromContinuingOperations": "2275000000", "comprehensiveIncomeNetOfTax": "None", "ebit": "2915000000", "ebitda": "3540000000", "netIncome": "2247000000"}, {"fiscalDateEnding": "2020-12-31", "reportedCurrency": "USD", "grossProfit": "6767000000", "totalRevenue": "17164000000", "costOfRevenue": "10397000000", "costofGoodsAndServicesSold": "10397000000", "operatingIncome": "2720000000", "sellingGeneralAndAdministrative": "3237000000", "researchAndDevelopment": "810000000", "operatingExpenses": "4047000000", "investmentIncomeNet": "None", "netInterestIncome": "-17000000", "interestIncome": "49000000", "interestExpense": "66000000", "nonInterestIncome": "None", "otherNonOperatingIncome": "None", "depreciation": "None", "depreciationAndAmortization": "630000000", "incomeBeforeTax": "2710000000", "incomeTaxExpense": "652000000", "interestAndDebtExpense": "None", "netIncomeFromContinuingOperations": "2058000000", "comprehensiveIncomeNetOfTax": "None", "ebit": "2776000000", "ebitda": "3406000000", "netIncome": "2058000000"}, {"fiscalDateEnding": "2019-12-31", "reportedCurrency": "USD", "grossProfit": "6548000000", "totalRevenue": "16633000000", "costOfRevenue": "10085000000", "costofGoodsAndServicesSold": "10085000000", "operatingIncome": "2124000000", "sellingGeneralAndAdministrative": "3591000000", "researchAndDevelopment": "833000000", "operatingExpenses": "4424000000", "investmentIncomeNet": "None", "netInterestIncome": "-52000000", "interestIncome": "36000000", "interestExpense": "88000000", "nonInterestIncome": "None", "otherNonOperatingIncome": "None", "depreciation": "None", "depreciationAndAmortization": "659000000", "incomeBeforeTax": "2091000000", "incomeTaxExpense": "410000000", "interestAndDebtExpense": "None", "netIncomeFromContinuingOperations": "1681000000", "comprehensiveIncomeNetOfTax": "None", "ebit": "2179000000", "ebitda": "2838000000", "netIncome": "1524000000"}], "quarterlyReports": [{"fiscalDateEnding": "2024-12-31", "reportedCurrency": "USD", "grossProfit": "2275000000", "totalRevenue": "5319000000", "costOfRevenue": "3044000000", "costofGoodsAndServicesSold": "3044000000", "operatingIncome": "801000000", "sellingGeneralAndAdministrative": "1130000000", "researchAndDevelopment": "344000000", "operatingExpenses": "1474000000", "investmentIncomeNet": "None", "netInterestIncome": "-111000000", "interestIncome": "None", "interestExpense": "111000000", "nonInterestIncome": "None", "otherNonOperatingIncome": "None", "depreciation": "None", "depreciationAndAmortization": "140000000", "incomeBeforeTax": "834000000", "incomeTaxExpense": "96000000", "interestAndDebtExpense": "None", "netIncomeFromContinuingOperations": "738000000", "comprehensiveIncomeNetOfTax": "None", "ebit": "945000000", "ebitda": "1085000000", "netIncome": "720000000"}, {"fiscalDateEnding": "2024-09-30", "reportedCurrency": "USD", "grossProfit": "2025000000", "totalRevenue": "4863000000", "costOfRevenue": "2838000000", "costofGoodsAndServicesSold": "2838000000", "operatingIncome": "676000000", "sellingGeneralAndAdministrative": "1034000000", "researchAndDevelopment": "316000000", "operatingExpenses": "1349000000", "investmentIncomeNet": "None", "netInterestIncome": "-125000000", "interestIncome": "5000000", "interestExpense": "130000000", "nonInterestIncome": "None", "otherNonOperatingIncome": "None", "depreciation": "None", "depreciationAndAmortization": "143000000", "incomeBeforeTax": "658000000", "incomeTaxExpense": "168000000", "interestAndDebtExpense": "None", "netIncomeFromContinuingOperations": "490000000", "comprehensiveIncomeNetOfTax": "None", "ebit": "790000000", "ebitda": "933000000", "netIncome": "471000000"}, {"fiscalDateEnding": "2024-06-30", "reportedCurrency": "USD", "grossProfit": "1995000000", "totalRevenue": "4839000000", "costOfRevenue": "2844000000", "costofGoodsAndServicesSold": "2844000000", "operatingIncome": "664000000", "sellingGeneralAndAdministrative": "1067000000", "researchAndDevelopment": "327000000", "operatingExpenses": "1331000000", "investmentIncomeNet": "None", "netInterestIncome": "-131000000", "interestIncome": "0", "interestExpense": "131000000", "nonInterestIncome": "None", "otherNonOperatingIncome": "None", "depreciation": "None", "depreciationAndAmortization": "150000000", "incomeBeforeTax": "578000000", "incomeTaxExpense": "143000000", "interestAndDebtExpense": "None", "netIncomeFromContinuingOperations": "435000000", "comprehensiveIncomeNetOfTax": "None", "ebit": "712000000", "ebitda": "862000000", "netIncome": "428000000"}, {"fiscalDateEnding": "2024-03-31", "reportedCurrency": "USD", "grossProfit": "1901000000", "totalRevenue": "4650000000", "costOfRevenue": "2749000000", "costofGoodsAndServicesSold": "2749000000", "operatingIncome": "540000000", "sellingGeneralAndAdministrative": "1038000000", "researchAndDevelopment": "324000000", "operatingExpenses": "1362000000", "investmentIncomeNet": "None", "netInterestIncome": "-138000000", "interestIncome": "None", "interestExpense": "138000000", "nonInterestIncome": "None", "otherNonOperatingIncome": "None", "depreciation": "None", "depreciationAndAmortization": "148000000", "incomeBeforeTax": "512000000", "incomeTaxExpense": "124000000", "interestAndDebtExpense": "None", "netIncomeFromContinuingOperations": "388000000", "comprehensiveIncomeNetOfTax": "None", "ebit": "644000000", "ebitda": "792000000", "netIncome": "374000000"}, {"fiscalDateEnding": "2023-12-31", "reportedCurrency": "USD", "grossProfit": "2156000000", "totalRevenue": "5206000000", "costOfRevenue": "3050000000", "costofGoodsAndServicesSold": "3050000000", "operatingIncome": "689000000", "sellingGeneralAndAdministrative": "1152000000", "researchAndDevelopment": "315000000", "operatingExpenses": "1467000000", "investmentIncomeNet": "None", "netInterestIncome": "-124000000", "interestIncome": "7000000", "interestExpense": "131000000", "nonInterestIncome": "None", "otherNonOperatingIncome": "None", "depreciation": "None", "depreciationAndAmortization": "144000000", "incomeBeforeTax": "609000000", "incomeTaxExpense": "193000000", "interestAndDebtExpense": "None", "netIncomeFromContinuingOperations": "416000000", "comprehensiveIncomeNetOfTax": "None", "ebit": "847000000", "ebitda": "991000000", "netIncome": "403000000"}, {"fiscalDateEnding": "2023-09-30", "reportedCurrency": "USD", "grossProfit": "1935000000", "totalRevenue": "4822000000", "costOfRevenue": "2887000000", "costofGoodsAndServicesSold": "2887000000", "operatingIncome": "617000000", "sellingGeneralAndAdministrative": "996000000", "researchAndDevelopment": "322000000", "operatingExpenses": "1318000000", "investmentIncomeNet": "None", "netInterestIncome": "-138000000", "interestIncome": "6000000", "interestExpense": "138000000", "nonInterestIncome": "None", "otherNonOperatingIncome": "None", "depreciation": "None", "depreciationAndAmortization": "153000000", "incomeBeforeTax": "636000000", "incomeTaxExpense": "250000000", "interestAndDebtExpense": "None", "netIncomeFromContinuingOperations": "386000000", "comprehensiveIncomeNetOfTax": "None", "ebit": "774000000", "ebitda": "927000000", "netIncome": "375000000"}, {"fiscalDateEnding": "2023-06-30", "reportedCurrency": "USD", "grossProfit": "1940000000", "totalRevenue": "4817000000", "costOfRevenue": "2877000000", "costofGoodsAndServicesSold": "2877000000", "operatingIncome": "570000000", "sellingGeneralAndAdministrative": "1072000000", "researchAndDevelopment": "298000000", "operatingExpenses": "1370000000", "investmentIncomeNet": "None", "netInterestIncome": "-137000000", "interestIncome": "0", "interestExpense": "137000000", "nonInterestIncome": "None", "otherNonOperatingIncome": "14000000", "depreciation": "None", "depreciationAndAmortization": "156000000", "incomeBeforeTax": "570000000", "incomeTaxExpense": "137000000", "interestAndDebtExpense": "None", "netIncomeFromContinuingOperations": "433000000", "comprehensiveIncomeNetOfTax": "None", "ebit": "692000000", "ebitda": "848000000", "netIncome": "418000000"}, {"fiscalDateEnding": "2023-03-31", "reportedCurrency": "USD", "grossProfit": "1891000000", "totalRevenue": "4707000000", "costOfRevenue": "2816000000", "costofGoodsAndServicesSold": "2816000000", "operatingIncome": "559000000", "sellingGeneralAndAdministrative": "1062000000", "researchAndDevelopment": "270000000", "operatingExpenses": "1332000000", "investmentIncomeNet": "None", "netInterestIncome": "-123000000", "interestIncome": "13000000", "interestExpense": "136000000", "nonInterestIncome": "None", "otherNonOperatingIncome": "8000000", "depreciation": "None", "depreciationAndAmortization": "157000000", "incomeBeforeTax": "546000000", "incomeTaxExpense": "163000000", "interestAndDebtExpense": "None", "netIncomeFromContinuingOperations": "383000000", "comprehensiveIncomeNetOfTax": "None", "ebit": "682000000", "ebitda": "839000000", "netIncome": "372000000"}, {"fiscalDateEnding": "2022-12-31", "reportedCurrency": "USD", "grossProfit": "1932000000", "totalRevenue": "4938000000", "costOfRevenue": "3006000000", "costofGoodsAndServicesSold": "3006000000", "operatingIncome": "620000000", "sellingGeneralAndAdministrative": "884000000", "researchAndDevelopment": "271000000", "operatingExpenses": "1155000000", "investmentIncomeNet": "None", "netInterestIncome": "-59000000", "interestIncome": "None", "interestExpense": "59000000", "nonInterestIncome": "None", "otherNonOperatingIncome": "None", "depreciation": "None", "depreciationAndAmortization": "157000000", "incomeBeforeTax": "718000000", "incomeTaxExpense": "151000000", "interestAndDebtExpense": "None", "netIncomeFromContinuingOperations": "567000000", "comprehensiveIncomeNetOfTax": "None", "ebit": "781000000", "ebitda": "938000000", "netIncome": "554000000"}, {"fiscalDateEnding": "2022-09-30", "reportedCurrency": "USD", "grossProfit": "1773000000", "totalRevenue": "4576000000", "costOfRevenue": "2803000000", "costofGoodsAndServicesSold": "2803000000", "operatingIncome": "605000000", "sellingGeneralAndAdministrative": "908000000", "researchAndDevelopment": "260000000", "operatingExpenses": "1168000000", "investmentIncomeNet": "None", "netInterestIncome": "2000000", "interestIncome": "4000000", "interestExpense": "2000000", "nonInterestIncome": "None", "otherNonOperatingIncome": "None", "depreciation": "None", "depreciationAndAmortization": "160000000", "incomeBeforeTax": "622000000", "incomeTaxExpense": "128000000", "interestAndDebtExpense": "None", "netIncomeFromContinuingOperations": "494000000", "comprehensiveIncomeNetOfTax": "None", "ebit": "607000000", "ebitda": "767000000", "netIncome": "488000000"}, {"fiscalDateEnding": "2022-06-30", "reportedCurrency": "USD", "grossProfit": "1796000000", "totalRevenue": "4484000000", "costOfRevenue": "2688000000", "costofGoodsAndServicesSold": "2688000000", "operatingIncome": "631000000", "sellingGeneralAndAdministrative": "908000000", "researchAndDevelopment": "257000000", "operatingExpenses": "1165000000", "investmentIncomeNet": "None", "netInterestIncome": "-22000000", "interestIncome": "None", "interestExpense": "22000000", "nonInterestIncome": "None", "otherNonOperatingIncome": "None", "depreciation": "None", "depreciationAndAmortization": "157000000", "incomeBeforeTax": "639000000", "incomeTaxExpense": "153000000", "interestAndDebtExpense": "None", "netIncomeFromContinuingOperations": "486000000", "comprehensiveIncomeNetOfTax": "None", "ebit": "633000000", "ebitda": "790000000", "netIncome": "485000000"}, {"fiscalDateEnding": "2022-03-31", "reportedCurrency": "USD", "grossProfit": "1678000000", "totalRevenue": "4343000000", "costOfRevenue": "2665000000", "costofGoodsAndServicesSold": "2665000000", "operatingIncome": "509000000", "sellingGeneralAndAdministrative": "931000000", "researchAndDevelopment": "238000000", "operatingExpenses": "1169000000", "investmentIncomeNet": "None", "netInterestIncome": "-6000000", "interestIncome": "None", "interestExpense": "6000000", "nonInterestIncome": "None", "otherNonOperatingIncome": "None", "depreciation": "None", "depreciationAndAmortization": "159000000", "incomeBeforeTax": "533000000", "incomeTaxExpense": "131000000", "interestAndDebtExpense": "None", "netIncomeFromContinuingOperations": "402000000", "comprehensiveIncomeNetOfTax": "None", "ebit": "511000000", "ebitda": "670000000", "netIncome": "389000000"}, {"fiscalDateEnding": "2021-12-31", "reportedCurrency": "USD", "grossProfit": "1862000000", "totalRevenue": "4589000000", "costOfRevenue": "2727000000", "costofGoodsAndServicesSold": "2727000000", "operatingIncome": "727000000", "sellingGeneralAndAdministrative": "910000000", "researchAndDevelopment": "225000000", "operatingExpenses": "1135000000", "investmentIncomeNet": "None", "netInterestIncome": "0", "interestIncome": "6000000", "interestExpense": "6000000", "nonInterestIncome": "None", "otherNonOperatingIncome": "None", "depreciation": "None", "depreciationAndAmortization": "154000000", "incomeBeforeTax": "755000000", "incomeTaxExpense": "179000000", "interestAndDebtExpense": "None", "netIncomeFromContinuingOperations": "576000000", "comprehensiveIncomeNetOfTax": "None", "ebit": "761000000", "ebitda": "915000000", "netIncome": "564000000"}, {"fiscalDateEnding": "2021-09-30", "reportedCurrency": "None", "grossProfit": "1767000000", "totalRevenue": "4305000000", "costOfRevenue": "2538000000", "costofGoodsAndServicesSold": "2538000000", "operatingIncome": "653000000", "sellingGeneralAndAdministrative": "None", "researchAndDevelopment": "200000000", "operatingExpenses": "1080000000", "investmentIncomeNet": "None", "netInterestIncome": "None", "interestIncome": "None", "interestExpense": "None", "nonInterestIncome": "None", "otherNonOperatingIncome": "None", "depreciation": "None", "depreciationAndAmortization": "155000000", "incomeBeforeTax": "677000000", "incomeTaxExpense": "160000000", "interestAndDebtExpense": "None", "netIncomeFromContinuingOperations": "None", "comprehensiveIncomeNetOfTax": "None", "ebit": "653000000", "ebitda": "808000000", "netIncome": "504000000"}, {"fiscalDateEnding": "2021-06-30", "reportedCurrency": "None", "grossProfit": "1773000000", "totalRevenue": "4346000000", "costOfRevenue": "2573000000", "costofGoodsAndServicesSold": "2573000000", "operatingIncome": "708000000", "sellingGeneralAndAdministrative": "None", "researchAndDevelopment": "195500000", "operatingExpenses": "1049000000", "investmentIncomeNet": "None", "netInterestIncome": "None", "interestIncome": "None", "interestExpense": "None", "nonInterestIncome": "None", "otherNonOperatingIncome": "None", "depreciation": "None", "depreciationAndAmortization": "158000000", "incomeBeforeTax": "722000000", "incomeTaxExpense": "130500000", "interestAndDebtExpense": "None", "netIncomeFromContinuingOperations": "None", "comprehensiveIncomeNetOfTax": "None", "ebit": "708000000", "ebitda": "866000000", "netIncome": "581000000"}, {"fiscalDateEnding": "2021-03-31", "reportedCurrency": "None", "grossProfit": "1773000000", "totalRevenue": "4346000000", "costOfRevenue": "2573000000", "costofGoodsAndServicesSold": "2573000000", "operatingIncome": "708000000", "sellingGeneralAndAdministrative": "None", "researchAndDevelopment": "195500000", "operatingExpenses": "1049000000", "investmentIncomeNet": "None", "netInterestIncome": "None", "interestIncome": "None", "interestExpense": "None", "nonInterestIncome": "None", "otherNonOperatingIncome": "None", "depreciation": "None", "depreciationAndAmortization": "158000000", "incomeBeforeTax": "722000000", "incomeTaxExpense": "130500000", "interestAndDebtExpense": "None", "netIncomeFromContinuingOperations": "None", "comprehensiveIncomeNetOfTax": "None", "ebit": "708000000", "ebitda": "866000000", "netIncome": "581000000"}]}