{"symbol": "RJF", "annualReports": [{"fiscalDateEnding": "2024-09-30", "reportedCurrency": "USD", "grossProfit": "14741000000", "totalRevenue": "14923000000", "costOfRevenue": "182000000", "costofGoodsAndServicesSold": "182000000", "operatingIncome": "4745000000", "sellingGeneralAndAdministrative": "8213000000", "researchAndDevelopment": "None", "operatingExpenses": "6346000000", "investmentIncomeNet": "None", "netInterestIncome": "2130000000", "interestIncome": "4232000000", "interestExpense": "2102000000", "nonInterestIncome": "None", "otherNonOperatingIncome": "None", "depreciation": "None", "depreciationAndAmortization": "179000000", "incomeBeforeTax": "2643000000", "incomeTaxExpense": "575000000", "interestAndDebtExpense": "None", "netIncomeFromContinuingOperations": "2068000000", "comprehensiveIncomeNetOfTax": "None", "ebit": "4566000000", "ebitda": "4745000000", "netIncome": "2068000000"}, {"fiscalDateEnding": "2023-09-30", "reportedCurrency": "USD", "grossProfit": "11197000000", "totalRevenue": "11468000000", "costOfRevenue": "271000000", "costofGoodsAndServicesSold": "271000000", "operatingIncome": "7213000000", "sellingGeneralAndAdministrative": "7299000000", "researchAndDevelopment": "0.18", "operatingExpenses": "5508000000", "investmentIncomeNet": "None", "netInterestIncome": "2375000000", "interestIncome": "3748000000", "interestExpense": "1373000000", "nonInterestIncome": "None", "otherNonOperatingIncome": "None", "depreciation": "None", "depreciationAndAmortization": "165000000", "incomeBeforeTax": "2280000000", "incomeTaxExpense": "541000000", "interestAndDebtExpense": "None", "netIncomeFromContinuingOperations": "1739000000", "comprehensiveIncomeNetOfTax": "None", "ebit": "7213000000", "ebitda": "7378000000", "netIncome": "1739000000"}, {"fiscalDateEnding": "2022-09-30", "reportedCurrency": "USD", "grossProfit": "10232000000", "totalRevenue": "10851000000", "costOfRevenue": "619000000", "costofGoodsAndServicesSold": "619000000", "operatingIncome": "2346000000", "sellingGeneralAndAdministrative": "7329000000", "researchAndDevelopment": "0.18", "operatingExpenses": "5694000000", "investmentIncomeNet": "None", "netInterestIncome": "1203000000", "interestIncome": "1508000000", "interestExpense": "305000000", "nonInterestIncome": "None", "otherNonOperatingIncome": "None", "depreciation": "None", "depreciationAndAmortization": "145000000", "incomeBeforeTax": "2022000000", "incomeTaxExpense": "513000000", "interestAndDebtExpense": "None", "netIncomeFromContinuingOperations": "1509000000", "comprehensiveIncomeNetOfTax": "None", "ebit": "2136000000", "ebitda": "2281000000", "netIncome": "1509000000"}, {"fiscalDateEnding": "2021-09-30", "reportedCurrency": "USD", "grossProfit": "9398000000", "totalRevenue": "9630000000", "costOfRevenue": "232000000", "costofGoodsAndServicesSold": "232000000", "operatingIncome": "1971000000", "sellingGeneralAndAdministrative": "6584000000", "researchAndDevelopment": "0.18", "operatingExpenses": "7427000000", "investmentIncomeNet": "None", "netInterestIncome": "673000000", "interestIncome": "823000000", "interestExpense": "150000000", "nonInterestIncome": "None", "otherNonOperatingIncome": "None", "depreciation": "None", "depreciationAndAmortization": "134000000", "incomeBeforeTax": "1791000000", "incomeTaxExpense": "388000000", "interestAndDebtExpense": "None", "netIncomeFromContinuingOperations": "1403000000", "comprehensiveIncomeNetOfTax": "None", "ebit": "2004000000", "ebitda": "2138000000", "netIncome": "1403000000"}, {"fiscalDateEnding": "2020-09-30", "reportedCurrency": "USD", "grossProfit": "7664000000", "totalRevenue": "7889000000", "costOfRevenue": "225000000", "costofGoodsAndServicesSold": "225000000", "operatingIncome": "1052000000", "sellingGeneralAndAdministrative": "5992000000", "researchAndDevelopment": "0.13", "operatingExpenses": "-6837000000", "investmentIncomeNet": "None", "netInterestIncome": "822000000", "interestIncome": "1000000000", "interestExpense": "178000000", "nonInterestIncome": "None", "otherNonOperatingIncome": "1000000000", "depreciation": "None", "depreciationAndAmortization": "6995000000", "incomeBeforeTax": "1052000000", "incomeTaxExpense": "234000000", "interestAndDebtExpense": "None", "netIncomeFromContinuingOperations": "8986000000", "comprehensiveIncomeNetOfTax": "None", "ebit": "-5824000000", "ebitda": "1171000000", "netIncome": "818000000"}, {"fiscalDateEnding": "2019-09-30", "reportedCurrency": "USD", "grossProfit": "7428000000", "totalRevenue": "7646000000", "costOfRevenue": "218000000", "costofGoodsAndServicesSold": "218000000", "operatingIncome": "1375000000", "sellingGeneralAndAdministrative": "5654000000", "researchAndDevelopment": "0.17", "operatingExpenses": "-6271000000", "investmentIncomeNet": "None", "netInterestIncome": "998000000", "interestIncome": "1281000000", "interestExpense": "283000000", "nonInterestIncome": "None", "otherNonOperatingIncome": "None", "depreciation": "None", "depreciationAndAmortization": "6517000000", "incomeBeforeTax": "1375000000", "incomeTaxExpense": "341000000", "interestAndDebtExpense": "None", "netIncomeFromContinuingOperations": "1034000000", "comprehensiveIncomeNetOfTax": "None", "ebit": "-4936000000", "ebitda": "1581000000", "netIncome": "1034000000"}, {"fiscalDateEnding": "2018-09-30", "reportedCurrency": "USD", "grossProfit": "6883361000", "totalRevenue": "7181930000", "costOfRevenue": "298569000", "costofGoodsAndServicesSold": "298569000", "operatingIncome": "1310655000", "sellingGeneralAndAdministrative": "5342724000", "researchAndDevelopment": "0.17", "operatingExpenses": "-5871275000", "investmentIncomeNet": "None", "netInterestIncome": "842490000", "interestIncome": "1043993000", "interestExpense": "201503000", "nonInterestIncome": "None", "otherNonOperatingIncome": "1043993000", "depreciation": "None", "depreciationAndAmortization": "6058992000", "incomeBeforeTax": "1304877000", "incomeTaxExpense": "453960000", "interestAndDebtExpense": "None", "netIncomeFromContinuingOperations": "850917000", "comprehensiveIncomeNetOfTax": "None", "ebit": "1310655000", "ebitda": "1409390000", "netIncome": "856695000"}, {"fiscalDateEnding": "2017-09-30", "reportedCurrency": "USD", "grossProfit": "5984299001", "totalRevenue": "6243855000", "costOfRevenue": "259555999", "costofGoodsAndServicesSold": "259555999", "operatingIncome": "925346000", "sellingGeneralAndAdministrative": "4694274000", "researchAndDevelopment": "0.14", "operatingExpenses": "-5318509000", "investmentIncomeNet": "None", "netInterestIncome": "648348000", "interestIncome": "802126000", "interestExpense": "153778000", "nonInterestIncome": "None", "otherNonOperatingIncome": "None", "depreciation": "None", "depreciationAndAmortization": "5463678000", "incomeBeforeTax": "927978000", "incomeTaxExpense": "289111000", "interestAndDebtExpense": "None", "netIncomeFromContinuingOperations": "638867000", "comprehensiveIncomeNetOfTax": "None", "ebit": "925346000", "ebitda": "1009478000", "netIncome": "636235000"}, {"fiscalDateEnding": "2016-09-30", "reportedCurrency": "USD", "grossProfit": "5094544000", "totalRevenue": "5300605000", "costOfRevenue": "206061000", "costofGoodsAndServicesSold": "206061000", "operatingIncome": "800643000", "sellingGeneralAndAdministrative": "4052906000", "researchAndDevelopment": "0.15", "operatingExpenses": "-4499962000", "investmentIncomeNet": "None", "netInterestIncome": "523248000", "interestIncome": "640325000", "interestExpense": "117077000", "nonInterestIncome": "None", "otherNonOperatingIncome": "None", "depreciation": "None", "depreciationAndAmortization": "4615187000", "incomeBeforeTax": "777371000", "incomeTaxExpense": "271293000", "interestAndDebtExpense": "None", "netIncomeFromContinuingOperations": "506078000", "comprehensiveIncomeNetOfTax": "None", "ebit": "-3639370000", "ebitda": "975817000", "netIncome": "529350000"}, {"fiscalDateEnding": "2015-09-30", "reportedCurrency": "USD", "grossProfit": "4911094000", "totalRevenue": "5074323000", "costOfRevenue": "163229000", "costofGoodsAndServicesSold": "163229000", "operatingIncome": "798174000", "sellingGeneralAndAdministrative": "3950740000", "researchAndDevelopment": "0", "operatingExpenses": "-4276149000", "investmentIncomeNet": "None", "netInterestIncome": "None", "interestIncome": "None", "interestExpense": "107954000", "nonInterestIncome": "None", "otherNonOperatingIncome": "None", "depreciation": "None", "depreciationAndAmortization": "68315000", "incomeBeforeTax": "776712000", "incomeTaxExpense": "296034000", "interestAndDebtExpense": "None", "netIncomeFromContinuingOperations": "480678000", "comprehensiveIncomeNetOfTax": "None", "ebit": "858879000", "ebitda": "927194000", "netIncome": "502140000"}, {"fiscalDateEnding": "2014-09-30", "reportedCurrency": "USD", "grossProfit": "4607399000", "totalRevenue": "4769082000", "costOfRevenue": "161683000", "costofGoodsAndServicesSold": "161683000", "operatingIncome": "748045000", "sellingGeneralAndAdministrative": "3705001000", "researchAndDevelopment": "0", "operatingExpenses": "-4021037000", "investmentIncomeNet": "None", "netInterestIncome": "None", "interestIncome": "None", "interestExpense": "104091000", "nonInterestIncome": "None", "otherNonOperatingIncome": "None", "depreciation": "None", "depreciationAndAmortization": "64163000", "incomeBeforeTax": "715948000", "incomeTaxExpense": "267797000", "interestAndDebtExpense": "None", "netIncomeFromContinuingOperations": "448151000", "comprehensiveIncomeNetOfTax": "None", "ebit": "795952000", "ebitda": "860115000", "netIncome": "480248000"}, {"fiscalDateEnding": "2013-09-30", "reportedCurrency": "USD", "grossProfit": "4248048000", "totalRevenue": "4405497000", "costOfRevenue": "157449000", "costofGoodsAndServicesSold": "157449000", "operatingIncome": "564187000", "sellingGeneralAndAdministrative": "3435780000", "researchAndDevelopment": "0", "operatingExpenses": "-3841310000", "investmentIncomeNet": "None", "netInterestIncome": "None", "interestIncome": "None", "interestExpense": "110371000", "nonInterestIncome": "None", "otherNonOperatingIncome": "None", "depreciation": "None", "depreciationAndAmortization": "66359000", "incomeBeforeTax": "593910000", "incomeTaxExpense": "197033000", "interestAndDebtExpense": "None", "netIncomeFromContinuingOperations": "396877000", "comprehensiveIncomeNetOfTax": "None", "ebit": "682283000", "ebitda": "748642000", "netIncome": "367154000"}, {"fiscalDateEnding": "2012-09-30", "reportedCurrency": "USD", "grossProfit": "3672332000", "totalRevenue": "3806531000", "costOfRevenue": "134199000", "costofGoodsAndServicesSold": "134199000", "operatingIncome": "471525000", "sellingGeneralAndAdministrative": "2767980000", "researchAndDevelopment": "0", "operatingExpenses": "-3335006000", "investmentIncomeNet": "None", "netInterestIncome": "None", "interestIncome": "None", "interestExpense": "91369000", "nonInterestIncome": "None", "otherNonOperatingIncome": "None", "depreciation": "None", "depreciationAndAmortization": "51445000", "incomeBeforeTax": "467921000", "incomeTaxExpense": "175656000", "interestAndDebtExpense": "None", "netIncomeFromContinuingOperations": "None", "comprehensiveIncomeNetOfTax": "None", "ebit": "537634000", "ebitda": "589079000", "netIncome": "295869000"}, {"fiscalDateEnding": "2011-09-30", "reportedCurrency": "USD", "grossProfit": "3225456000", "totalRevenue": "3334056000", "costOfRevenue": "108600000", "costofGoodsAndServicesSold": "108600000", "operatingIncome": "461247000", "sellingGeneralAndAdministrative": "2300835000", "researchAndDevelopment": "0", "operatingExpenses": "-2872809000", "investmentIncomeNet": "None", "netInterestIncome": "None", "interestIncome": "None", "interestExpense": "65830000", "nonInterestIncome": "None", "otherNonOperatingIncome": "None", "depreciation": "None", "depreciationAndAmortization": "40337000", "incomeBeforeTax": "450745000", "incomeTaxExpense": "182894000", "interestAndDebtExpense": "None", "netIncomeFromContinuingOperations": "267851000", "comprehensiveIncomeNetOfTax": "None", "ebit": "568200000", "ebitda": "608537000", "netIncome": "278353000"}, {"fiscalDateEnding": "2010-09-30", "reportedCurrency": "USD", "grossProfit": "2916560055", "totalRevenue": "2916665000", "costOfRevenue": "104945", "costofGoodsAndServicesSold": "104945", "operatingIncome": "361908000", "sellingGeneralAndAdministrative": "2055384000", "researchAndDevelopment": "0", "operatingExpenses": "-2554757000", "investmentIncomeNet": "None", "netInterestIncome": "None", "interestIncome": "None", "interestExpense": "62851000", "nonInterestIncome": "None", "otherNonOperatingIncome": "None", "depreciation": "None", "depreciationAndAmortization": "39527000", "incomeBeforeTax": "356144000", "incomeTaxExpense": "133625000", "interestAndDebtExpense": "None", "netIncomeFromContinuingOperations": "None", "comprehensiveIncomeNetOfTax": "None", "ebit": "431025000", "ebitda": "470552000", "netIncome": "228283000"}, {"fiscalDateEnding": "2009-09-30", "reportedCurrency": "USD", "grossProfit": "2441381000", "totalRevenue": "2545566000", "costOfRevenue": "104185000", "costofGoodsAndServicesSold": "104185000", "operatingIncome": "248774000", "sellingGeneralAndAdministrative": "1705254000", "researchAndDevelopment": "None", "operatingExpenses": "-2296792000", "investmentIncomeNet": "None", "netInterestIncome": "None", "interestIncome": "None", "interestExpense": "56953000", "nonInterestIncome": "None", "otherNonOperatingIncome": "None", "depreciation": "None", "depreciationAndAmortization": "34563000", "incomeBeforeTax": "248774000", "incomeTaxExpense": "96024000", "interestAndDebtExpense": "None", "netIncomeFromContinuingOperations": "None", "comprehensiveIncomeNetOfTax": "None", "ebit": "306247000", "ebitda": "340810000", "netIncome": "152750000"}, {"fiscalDateEnding": "2008-09-30", "reportedCurrency": "USD", "grossProfit": "2812605387", "totalRevenue": "2812703000", "costOfRevenue": "97613", "costofGoodsAndServicesSold": "97613", "operatingIncome": "386854000", "sellingGeneralAndAdministrative": "1906366000", "researchAndDevelopment": "None", "operatingExpenses": "-2425849000", "investmentIncomeNet": "None", "netInterestIncome": "None", "interestIncome": "None", "interestExpense": "392229000", "nonInterestIncome": "None", "otherNonOperatingIncome": "None", "depreciation": "None", "depreciationAndAmortization": "27982000", "incomeBeforeTax": "386854000", "incomeTaxExpense": "151776000", "interestAndDebtExpense": "None", "netIncomeFromContinuingOperations": "None", "comprehensiveIncomeNetOfTax": "None", "ebit": "386854000", "ebitda": "414836000", "netIncome": "235078000"}, {"fiscalDateEnding": "2007-09-30", "reportedCurrency": "USD", "grossProfit": "2609835119", "totalRevenue": "2609915000", "costOfRevenue": "79881", "costofGoodsAndServicesSold": "79881", "operatingIncome": "392224000", "sellingGeneralAndAdministrative": "1766690000", "researchAndDevelopment": "None", "operatingExpenses": "-2217691000", "investmentIncomeNet": "None", "netInterestIncome": "None", "interestIncome": "None", "interestExpense": "499664000", "nonInterestIncome": "None", "otherNonOperatingIncome": "None", "depreciation": "None", "depreciationAndAmortization": "22631000", "incomeBeforeTax": "392224000", "incomeTaxExpense": "141794000", "interestAndDebtExpense": "None", "netIncomeFromContinuingOperations": "None", "comprehensiveIncomeNetOfTax": "None", "ebit": "392224000", "ebitda": "414855000", "netIncome": "250430000"}, {"fiscalDateEnding": "2006-09-30", "reportedCurrency": "USD", "grossProfit": "2263494000", "totalRevenue": "2336087000", "costOfRevenue": "72593000", "costofGoodsAndServicesSold": "72593000", "operatingIncome": "342066000", "sellingGeneralAndAdministrative": "1601037000", "researchAndDevelopment": "None", "operatingExpenses": "-1994021000", "investmentIncomeNet": "None", "netInterestIncome": "None", "interestIncome": "None", "interestExpense": "296670000", "nonInterestIncome": "None", "otherNonOperatingIncome": "None", "depreciation": "None", "depreciationAndAmortization": "19173000", "incomeBeforeTax": "342066000", "incomeTaxExpense": "127724000", "interestAndDebtExpense": "None", "netIncomeFromContinuingOperations": "None", "comprehensiveIncomeNetOfTax": "None", "ebit": "342066000", "ebitda": "361239000", "netIncome": "214342000"}, {"fiscalDateEnding": "2005-09-30", "reportedCurrency": "USD", "grossProfit": "1972260000", "totalRevenue": "2039208000", "costOfRevenue": "66948000", "costofGoodsAndServicesSold": "66948000", "operatingIncome": "247971000", "sellingGeneralAndAdministrative": "1429104000", "researchAndDevelopment": "None", "operatingExpenses": "-1791237000", "investmentIncomeNet": "None", "netInterestIncome": "None", "interestIncome": "None", "interestExpense": "117789000", "nonInterestIncome": "None", "otherNonOperatingIncome": "None", "depreciation": "None", "depreciationAndAmortization": "17781000", "incomeBeforeTax": "247971000", "incomeTaxExpense": "96925000", "interestAndDebtExpense": "None", "netIncomeFromContinuingOperations": "None", "comprehensiveIncomeNetOfTax": "None", "ebit": "363242000", "ebitda": "381023000", "netIncome": "151046000"}], "quarterlyReports": [{"fiscalDateEnding": "2024-12-31", "reportedCurrency": "USD", "grossProfit": "4035000000", "totalRevenue": "4035000000", "costOfRevenue": "None", "costofGoodsAndServicesSold": "None", "operatingIncome": "2258000000", "sellingGeneralAndAdministrative": "1777000000", "researchAndDevelopment": "None", "operatingExpenses": "1777000000", "investmentIncomeNet": "None", "netInterestIncome": "529000000", "interestIncome": "1027000000", "interestExpense": "498000000", "nonInterestIncome": "None", "otherNonOperatingIncome": "None", "depreciation": "None", "depreciationAndAmortization": "47000000", "incomeBeforeTax": "749000000", "incomeTaxExpense": "149000000", "interestAndDebtExpense": "None", "netIncomeFromContinuingOperations": "600000000", "comprehensiveIncomeNetOfTax": "None", "ebit": "None", "ebitda": "None", "netIncome": "600000000"}, {"fiscalDateEnding": "2024-09-30", "reportedCurrency": "USD", "grossProfit": "3927000000", "totalRevenue": "4003000000", "costOfRevenue": "76000000", "costofGoodsAndServicesSold": "76000000", "operatingIncome": "1301000000", "sellingGeneralAndAdministrative": "1709000000", "researchAndDevelopment": "None", "operatingExpenses": "1709000000", "investmentIncomeNet": "None", "netInterestIncome": "532000000", "interestIncome": "1073000000", "interestExpense": "541000000", "nonInterestIncome": "None", "otherNonOperatingIncome": "None", "depreciation": "None", "depreciationAndAmortization": "47000000", "incomeBeforeTax": "760000000", "incomeTaxExpense": "158000000", "interestAndDebtExpense": "None", "netIncomeFromContinuingOperations": "602000000", "comprehensiveIncomeNetOfTax": "None", "ebit": "1254000000", "ebitda": "1301000000", "netIncome": "602000000"}, {"fiscalDateEnding": "2024-06-30", "reportedCurrency": "USD", "grossProfit": "2583000000", "totalRevenue": "3180000000", "costOfRevenue": "597000000", "costofGoodsAndServicesSold": "597000000", "operatingIncome": "645000000", "sellingGeneralAndAdministrative": "2090000000", "researchAndDevelopment": "None", "operatingExpenses": "2583000000", "investmentIncomeNet": "None", "netInterestIncome": "523000000", "interestIncome": "1057000000", "interestExpense": "534000000", "nonInterestIncome": "None", "otherNonOperatingIncome": "None", "depreciation": "None", "depreciationAndAmortization": "45000000", "incomeBeforeTax": "644000000", "incomeTaxExpense": "152000000", "interestAndDebtExpense": "None", "netIncomeFromContinuingOperations": "492000000", "comprehensiveIncomeNetOfTax": "None", "ebit": "674000000", "ebitda": "719000000", "netIncome": "492000000"}, {"fiscalDateEnding": "2024-03-31", "reportedCurrency": "USD", "grossProfit": "2496000000", "totalRevenue": "3074000000", "costOfRevenue": "578000000", "costofGoodsAndServicesSold": "578000000", "operatingIncome": "599000000", "sellingGeneralAndAdministrative": "2043000000", "researchAndDevelopment": "None", "operatingExpenses": "2463000000", "investmentIncomeNet": "None", "netInterestIncome": "529000000", "interestIncome": "1049000000", "interestExpense": "520000000", "nonInterestIncome": "None", "otherNonOperatingIncome": "None", "depreciation": "None", "depreciationAndAmortization": "45000000", "incomeBeforeTax": "609000000", "incomeTaxExpense": "133000000", "interestAndDebtExpense": "None", "netIncomeFromContinuingOperations": "476000000", "comprehensiveIncomeNetOfTax": "None", "ebit": "640000000", "ebitda": "685000000", "netIncome": "476000000"}, {"fiscalDateEnding": "2023-12-31", "reportedCurrency": "USD", "grossProfit": "2901000000", "totalRevenue": "2973000000", "costOfRevenue": "72000000", "costofGoodsAndServicesSold": "72000000", "operatingIncome": "2009000000", "sellingGeneralAndAdministrative": "1921000000", "researchAndDevelopment": "None", "operatingExpenses": "1439000000", "investmentIncomeNet": "None", "netInterestIncome": "546000000", "interestIncome": "1053000000", "interestExpense": "507000000", "nonInterestIncome": "None", "otherNonOperatingIncome": "None", "depreciation": "None", "depreciationAndAmortization": "42000000", "incomeBeforeTax": "630000000", "incomeTaxExpense": "132000000", "interestAndDebtExpense": "None", "netIncomeFromContinuingOperations": "498000000", "comprehensiveIncomeNetOfTax": "None", "ebit": "1967000000", "ebitda": "2009000000", "netIncome": "498000000"}, {"fiscalDateEnding": "2023-09-30", "reportedCurrency": "USD", "grossProfit": "2943000000", "totalRevenue": "3012000000", "costOfRevenue": "69000000", "costofGoodsAndServicesSold": "69000000", "operatingIncome": "1960000000", "sellingGeneralAndAdministrative": "1892000000", "researchAndDevelopment": "None", "operatingExpenses": "1486000000", "investmentIncomeNet": "None", "netInterestIncome": "557000000", "interestIncome": "1019000000", "interestExpense": "462000000", "nonInterestIncome": "None", "otherNonOperatingIncome": "None", "depreciation": "None", "depreciationAndAmortization": "42000000", "incomeBeforeTax": "585000000", "incomeTaxExpense": "151000000", "interestAndDebtExpense": "None", "netIncomeFromContinuingOperations": "434000000", "comprehensiveIncomeNetOfTax": "None", "ebit": "1918000000", "ebitda": "1960000000", "netIncome": "434000000"}, {"fiscalDateEnding": "2023-06-30", "reportedCurrency": "USD", "grossProfit": "2799000000", "totalRevenue": "2867000000", "costOfRevenue": "68000000", "costofGoodsAndServicesSold": "68000000", "operatingIncome": "1817000000", "sellingGeneralAndAdministrative": "1851000000", "researchAndDevelopment": "None", "operatingExpenses": "1408000000", "investmentIncomeNet": "None", "netInterestIncome": "601000000", "interestIncome": "987000000", "interestExpense": "386000000", "nonInterestIncome": "None", "otherNonOperatingIncome": "None", "depreciation": "None", "depreciationAndAmortization": "42000000", "incomeBeforeTax": "486000000", "incomeTaxExpense": "117000000", "interestAndDebtExpense": "None", "netIncomeFromContinuingOperations": "369000000", "comprehensiveIncomeNetOfTax": "None", "ebit": "1775000000", "ebitda": "1817000000", "netIncome": "369000000"}, {"fiscalDateEnding": "2023-03-31", "reportedCurrency": "USD", "grossProfit": "232800000", "totalRevenue": "3157000000", "costOfRevenue": "68000000", "costofGoodsAndServicesSold": "68000000", "operatingIncome": "841000000", "sellingGeneralAndAdministrative": "162600000", "researchAndDevelopment": "None", "operatingExpenses": "1340000000", "investmentIncomeNet": "None", "netInterestIncome": "631000000", "interestIncome": "915000000", "interestExpense": "31800000", "nonInterestIncome": "None", "otherNonOperatingIncome": "None", "depreciation": "None", "depreciationAndAmortization": "4900000", "incomeBeforeTax": "28400000", "incomeTaxExpense": "130000000", "interestAndDebtExpense": "None", "netIncomeFromContinuingOperations": "427000000", "comprehensiveIncomeNetOfTax": "None", "ebit": "60200000", "ebitda": "65100000", "netIncome": "17500000"}, {"fiscalDateEnding": "2022-12-31", "reportedCurrency": "USD", "grossProfit": "2686000000", "totalRevenue": "2752000000", "costOfRevenue": "66000000", "costofGoodsAndServicesSold": "66000000", "operatingIncome": "880000000", "sellingGeneralAndAdministrative": "1736000000", "researchAndDevelopment": "None", "operatingExpenses": "1274000000", "investmentIncomeNet": "None", "netInterestIncome": "586000000", "interestIncome": "827000000", "interestExpense": "241000000", "nonInterestIncome": "None", "otherNonOperatingIncome": "None", "depreciation": "None", "depreciationAndAmortization": "40000000", "incomeBeforeTax": "652000000", "incomeTaxExpense": "143000000", "interestAndDebtExpense": "None", "netIncomeFromContinuingOperations": "509000000", "comprehensiveIncomeNetOfTax": "None", "ebit": "684000000", "ebitda": "724000000", "netIncome": "509000000"}, {"fiscalDateEnding": "2022-09-30", "reportedCurrency": "USD", "grossProfit": "2729000000", "totalRevenue": "2795000000", "costOfRevenue": "66000000", "costofGoodsAndServicesSold": "66000000", "operatingIncome": "805000000", "sellingGeneralAndAdministrative": "1956000000", "researchAndDevelopment": "None", "operatingExpenses": "5694000000", "investmentIncomeNet": "None", "netInterestIncome": "497000000", "interestIncome": "667000000", "interestExpense": "170000000", "nonInterestIncome": "None", "otherNonOperatingIncome": "None", "depreciation": "None", "depreciationAndAmortization": "40000000", "incomeBeforeTax": "616000000", "incomeTaxExpense": "177000000", "interestAndDebtExpense": "None", "netIncomeFromContinuingOperations": "439000000", "comprehensiveIncomeNetOfTax": "None", "ebit": "593000000", "ebitda": "633000000", "netIncome": "439000000"}, {"fiscalDateEnding": "2022-06-30", "reportedCurrency": "USD", "grossProfit": "2575000000", "totalRevenue": "2680000000", "costOfRevenue": "105000000", "costofGoodsAndServicesSold": "105000000", "operatingIncome": "441000000", "sellingGeneralAndAdministrative": "2021000000", "researchAndDevelopment": "None", "operatingExpenses": "2247000000", "investmentIncomeNet": "None", "netInterestIncome": "314000000", "interestIncome": "374000000", "interestExpense": "60000000", "nonInterestIncome": "None", "otherNonOperatingIncome": "None", "depreciation": "None", "depreciationAndAmortization": "36000000", "incomeBeforeTax": "415000000", "incomeTaxExpense": "114000000", "interestAndDebtExpense": "None", "netIncomeFromContinuingOperations": "301000000", "comprehensiveIncomeNetOfTax": "None", "ebit": "466000000", "ebitda": "502000000", "netIncome": "301000000"}, {"fiscalDateEnding": "2022-03-31", "reportedCurrency": "USD", "grossProfit": "2633000000", "totalRevenue": "2711000000", "costOfRevenue": "100000000", "costofGoodsAndServicesSold": "100000000", "operatingIncome": "471000000", "sellingGeneralAndAdministrative": "2013000000", "researchAndDevelopment": "None", "operatingExpenses": "1486000000", "investmentIncomeNet": "None", "netInterestIncome": "204000000", "interestIncome": "242000000", "interestExpense": "38000000", "nonInterestIncome": "None", "otherNonOperatingIncome": "None", "depreciation": "None", "depreciationAndAmortization": "34000000", "incomeBeforeTax": "433000000", "incomeTaxExpense": "110000000", "interestAndDebtExpense": "None", "netIncomeFromContinuingOperations": "323000000", "comprehensiveIncomeNetOfTax": "None", "ebit": "471000000", "ebitda": "505000000", "netIncome": "323000000"}, {"fiscalDateEnding": "2021-12-31", "reportedCurrency": "USD", "grossProfit": "2684000000", "totalRevenue": "2743000000", "costOfRevenue": "59000000", "costofGoodsAndServicesSold": "59000000", "operatingIncome": "595000000", "sellingGeneralAndAdministrative": "2031000000", "researchAndDevelopment": "None", "operatingExpenses": "1408000000", "investmentIncomeNet": "None", "netInterestIncome": "188000000", "interestIncome": "225000000", "interestExpense": "37000000", "nonInterestIncome": "None", "otherNonOperatingIncome": "None", "depreciation": "None", "depreciationAndAmortization": "35000000", "incomeBeforeTax": "558000000", "incomeTaxExpense": "112000000", "interestAndDebtExpense": "None", "netIncomeFromContinuingOperations": "446000000", "comprehensiveIncomeNetOfTax": "None", "ebit": "592000000", "ebitda": "627000000", "netIncome": "446000000"}, {"fiscalDateEnding": "2021-09-30", "reportedCurrency": "USD", "grossProfit": "2545000000", "totalRevenue": "2658000000", "costOfRevenue": "113000000", "costofGoodsAndServicesSold": "113000000", "operatingIncome": "4698000000", "sellingGeneralAndAdministrative": "1924000000", "researchAndDevelopment": "None", "operatingExpenses": "4980000000", "investmentIncomeNet": "None", "netInterestIncome": "180000000", "interestIncome": "215000000", "interestExpense": "35000000", "nonInterestIncome": "None", "otherNonOperatingIncome": "None", "depreciation": "None", "depreciationAndAmortization": "37000000", "incomeBeforeTax": "560000000", "incomeTaxExpense": "131000000", "interestAndDebtExpense": "None", "netIncomeFromContinuingOperations": "429000000", "comprehensiveIncomeNetOfTax": "None", "ebit": "595000000", "ebitda": "632000000", "netIncome": "429000000"}, {"fiscalDateEnding": "2021-06-30", "reportedCurrency": "USD", "grossProfit": "2379000000", "totalRevenue": "2437000000", "costOfRevenue": "58000000", "costofGoodsAndServicesSold": "58000000", "operatingIncome": "1165000000", "sellingGeneralAndAdministrative": "1801000000", "researchAndDevelopment": "None", "operatingExpenses": "1288000000", "investmentIncomeNet": "None", "netInterestIncome": "165000000", "interestIncome": "205000000", "interestExpense": "40000000", "nonInterestIncome": "None", "otherNonOperatingIncome": "None", "depreciation": "None", "depreciationAndAmortization": "33000000", "incomeBeforeTax": "385000000", "incomeTaxExpense": "78000000", "interestAndDebtExpense": "None", "netIncomeFromContinuingOperations": "307000000", "comprehensiveIncomeNetOfTax": "None", "ebit": "512000000", "ebitda": "545000000", "netIncome": "307000000"}, {"fiscalDateEnding": "2021-03-31", "reportedCurrency": "USD", "grossProfit": "2341000000", "totalRevenue": "2341000000", "costOfRevenue": "92000000", "costofGoodsAndServicesSold": "92000000", "operatingIncome": "484000000", "sellingGeneralAndAdministrative": "1776000000", "researchAndDevelopment": "None", "operatingExpenses": "-1857000000", "investmentIncomeNet": "None", "netInterestIncome": "163000000", "interestIncome": "200000000", "interestExpense": "37000000", "nonInterestIncome": "None", "otherNonOperatingIncome": "None", "depreciation": "None", "depreciationAndAmortization": "32000000", "incomeBeforeTax": "447000000", "incomeTaxExpense": "92000000", "interestAndDebtExpense": "None", "netIncomeFromContinuingOperations": "355000000", "comprehensiveIncomeNetOfTax": "None", "ebit": "476000000", "ebitda": "508000000", "netIncome": "355000000"}, {"fiscalDateEnding": "2020-12-31", "reportedCurrency": "USD", "grossProfit": "2137000000", "totalRevenue": "2194000000", "costOfRevenue": "57000000", "costofGoodsAndServicesSold": "57000000", "operatingIncome": "1106000000", "sellingGeneralAndAdministrative": "1622000000", "researchAndDevelopment": "None", "operatingExpenses": "1097000000", "investmentIncomeNet": "None", "netInterestIncome": "165000000", "interestIncome": "203000000", "interestExpense": "38000000", "nonInterestIncome": "None", "otherNonOperatingIncome": "None", "depreciation": "None", "depreciationAndAmortization": "32000000", "incomeBeforeTax": "399000000", "incomeTaxExpense": "87000000", "interestAndDebtExpense": "None", "netIncomeFromContinuingOperations": "3958000000", "comprehensiveIncomeNetOfTax": "None", "ebit": "428000000", "ebitda": "460000000", "netIncome": "312000000"}, {"fiscalDateEnding": "2020-09-30", "reportedCurrency": "USD", "grossProfit": "7664000000", "totalRevenue": "2053000000", "costOfRevenue": "-5611000000", "costofGoodsAndServicesSold": "-5611000000", "operatingIncome": "4018000000", "sellingGeneralAndAdministrative": "1543000000", "researchAndDevelopment": "None", "operatingExpenses": "3925000000", "investmentIncomeNet": "None", "netInterestIncome": "159000000", "interestIncome": "201000000", "interestExpense": "42000000", "nonInterestIncome": "None", "otherNonOperatingIncome": "1000000000", "depreciation": "None", "depreciationAndAmortization": "31000000", "incomeBeforeTax": "256000000", "incomeTaxExpense": "47000000", "interestAndDebtExpense": "None", "netIncomeFromContinuingOperations": "-1853000000", "comprehensiveIncomeNetOfTax": "None", "ebit": "298000000", "ebitda": "329000000", "netIncome": "209000000"}, {"fiscalDateEnding": "2020-06-30", "reportedCurrency": "USD", "grossProfit": "1756000000", "totalRevenue": "1811000000", "costOfRevenue": "55000000", "costofGoodsAndServicesSold": "55000000", "operatingIncome": "930000000", "sellingGeneralAndAdministrative": "1398000000", "researchAndDevelopment": "None", "operatingExpenses": "891000000", "investmentIncomeNet": "None", "netInterestIncome": "175000000", "interestIncome": "217000000", "interestExpense": "42000000", "nonInterestIncome": "None", "otherNonOperatingIncome": "None", "depreciation": "None", "depreciationAndAmortization": "30000000", "incomeBeforeTax": "198000000", "incomeTaxExpense": "26000000", "interestAndDebtExpense": "None", "netIncomeFromContinuingOperations": "3444000000", "comprehensiveIncomeNetOfTax": "None", "ebit": "240000000", "ebitda": "270000000", "netIncome": "172000000"}, {"fiscalDateEnding": "2020-03-31", "reportedCurrency": "USD", "grossProfit": "2042000000", "totalRevenue": "2042000000", "costOfRevenue": "92000000", "costofGoodsAndServicesSold": "92000000", "operatingIncome": "282000000", "sellingGeneralAndAdministrative": "1562000000", "researchAndDevelopment": "None", "operatingExpenses": "-1760000000", "investmentIncomeNet": "None", "netInterestIncome": "242000000", "interestIncome": "285000000", "interestExpense": "43000000", "nonInterestIncome": "None", "otherNonOperatingIncome": "None", "depreciation": "None", "depreciationAndAmortization": "28000000", "incomeBeforeTax": "239000000", "incomeTaxExpense": "70000000", "interestAndDebtExpense": "None", "netIncomeFromContinuingOperations": "3827000000", "comprehensiveIncomeNetOfTax": "None", "ebit": "263000000", "ebitda": "291000000", "netIncome": "169000000"}, {"fiscalDateEnding": "2019-12-31", "reportedCurrency": "USD", "grossProfit": "1926000000", "totalRevenue": "1983000000", "costOfRevenue": "57000000", "costofGoodsAndServicesSold": "57000000", "operatingIncome": "1027000000", "sellingGeneralAndAdministrative": "1489000000", "researchAndDevelopment": "None", "operatingExpenses": "976000000", "investmentIncomeNet": "None", "netInterestIncome": "246000000", "interestIncome": "297000000", "interestExpense": "51000000", "nonInterestIncome": "None", "otherNonOperatingIncome": "None", "depreciation": "None", "depreciationAndAmortization": "30000000", "incomeBeforeTax": "359000000", "incomeTaxExpense": "91000000", "interestAndDebtExpense": "None", "netIncomeFromContinuingOperations": "3568000000", "comprehensiveIncomeNetOfTax": "None", "ebit": "382000000", "ebitda": "412000000", "netIncome": "268000000"}, {"fiscalDateEnding": "2019-09-30", "reportedCurrency": "USD", "grossProfit": "7428000000", "totalRevenue": "1999000000", "costOfRevenue": "-5429000000", "costofGoodsAndServicesSold": "-5429000000", "operatingIncome": "4269000000", "sellingGeneralAndAdministrative": "1468000000", "researchAndDevelopment": "None", "operatingExpenses": "3536000000", "investmentIncomeNet": "None", "netInterestIncome": "258000000", "interestIncome": "320000000", "interestExpense": "62000000", "nonInterestIncome": "None", "otherNonOperatingIncome": "None", "depreciation": "None", "depreciationAndAmortization": "31000000", "incomeBeforeTax": "354000000", "incomeTaxExpense": "89000000", "interestAndDebtExpense": "None", "netIncomeFromContinuingOperations": "281000000", "comprehensiveIncomeNetOfTax": "None", "ebit": "416000000", "ebitda": "447000000", "netIncome": "265000000"}, {"fiscalDateEnding": "2019-06-30", "reportedCurrency": "USD", "grossProfit": "1848000000", "totalRevenue": "1903000000", "costOfRevenue": "55000000", "costofGoodsAndServicesSold": "55000000", "operatingIncome": "1044000000", "sellingGeneralAndAdministrative": "1426000000", "researchAndDevelopment": "None", "operatingExpenses": "901000000", "investmentIncomeNet": "None", "netInterestIncome": "248000000", "interestIncome": "321000000", "interestExpense": "73000000", "nonInterestIncome": "None", "otherNonOperatingIncome": "None", "depreciation": "None", "depreciationAndAmortization": "28000000", "incomeBeforeTax": "340000000", "incomeTaxExpense": "83000000", "interestAndDebtExpense": "None", "netIncomeFromContinuingOperations": "257000000", "comprehensiveIncomeNetOfTax": "None", "ebit": "415000000", "ebitda": "443000000", "netIncome": "259000000"}, {"fiscalDateEnding": "2019-03-31", "reportedCurrency": "USD", "grossProfit": "1837000000", "totalRevenue": "1837000000", "costOfRevenue": "114000000", "costofGoodsAndServicesSold": "114000000", "operatingIncome": "422000000", "sellingGeneralAndAdministrative": "1360000000", "researchAndDevelopment": "None", "operatingExpenses": "-1415000000", "investmentIncomeNet": "None", "netInterestIncome": "249000000", "interestIncome": "324000000", "interestExpense": "75000000", "nonInterestIncome": "None", "otherNonOperatingIncome": "None", "depreciation": "None", "depreciationAndAmortization": "27000000", "incomeBeforeTax": "335000000", "incomeTaxExpense": "86000000", "interestAndDebtExpense": "None", "netIncomeFromContinuingOperations": "249000000", "comprehensiveIncomeNetOfTax": "None", "ebit": "358000000", "ebitda": "385000000", "netIncome": "261000000"}, {"fiscalDateEnding": "2018-12-31", "reportedCurrency": "USD", "grossProfit": "1856000000", "totalRevenue": "1907000000", "costOfRevenue": "51000000", "costofGoodsAndServicesSold": "51000000", "operatingIncome": "1066000000", "sellingGeneralAndAdministrative": "1400000000", "researchAndDevelopment": "0", "operatingExpenses": "887000000", "investmentIncomeNet": "None", "netInterestIncome": "None", "interestIncome": "None", "interestExpense": "73000000", "nonInterestIncome": "None", "otherNonOperatingIncome": "None", "depreciation": "None", "depreciationAndAmortization": "26000000", "incomeBeforeTax": "330000000", "incomeTaxExpense": "83000000", "interestAndDebtExpense": "None", "netIncomeFromContinuingOperations": "247000000", "comprehensiveIncomeNetOfTax": "None", "ebit": "405000000", "ebitda": "431000000", "netIncome": "249000000"}, {"fiscalDateEnding": "2018-09-30", "reportedCurrency": "USD", "grossProfit": "6979987000", "totalRevenue": "1875012000", "costOfRevenue": "-5104975000", "costofGoodsAndServicesSold": "-5104975000", "operatingIncome": "6668244000", "sellingGeneralAndAdministrative": "1380187000", "researchAndDevelopment": "0", "operatingExpenses": "605634000", "investmentIncomeNet": "None", "netInterestIncome": "None", "interestIncome": "None", "interestExpense": "63163000", "nonInterestIncome": "None", "otherNonOperatingIncome": "1043993000", "depreciation": "None", "depreciationAndAmortization": "26805000", "incomeBeforeTax": "344062000", "incomeTaxExpense": "87235000", "interestAndDebtExpense": "None", "netIncomeFromContinuingOperations": "256827000", "comprehensiveIncomeNetOfTax": "None", "ebit": "413146000", "ebitda": "439951000", "netIncome": "262748000"}, {"fiscalDateEnding": "2018-06-30", "reportedCurrency": "USD", "grossProfit": "1764064000", "totalRevenue": "1813567000", "costOfRevenue": "49503000", "costofGoodsAndServicesSold": "49503000", "operatingIncome": "1687772000", "sellingGeneralAndAdministrative": "1356107000", "researchAndDevelopment": "0", "operatingExpenses": "153627000", "investmentIncomeNet": "None", "netInterestIncome": "None", "interestIncome": "None", "interestExpense": "54307000", "nonInterestIncome": "None", "otherNonOperatingIncome": "None", "depreciation": "None", "depreciationAndAmortization": "25145000", "incomeBeforeTax": "318042000", "incomeTaxExpense": "85800000", "interestAndDebtExpense": "None", "netIncomeFromContinuingOperations": "232242000", "comprehensiveIncomeNetOfTax": "None", "ebit": "372365000", "ebitda": "397510000", "netIncome": "232258000"}, {"fiscalDateEnding": "2018-03-31", "reportedCurrency": "USD", "grossProfit": "1789511000", "totalRevenue": "1789511000", "costOfRevenue": "1470234000", "costofGoodsAndServicesSold": "1470234000", "operatingIncome": "375973000", "sellingGeneralAndAdministrative": "1336139000", "researchAndDevelopment": "0", "operatingExpenses": "-1413538000", "investmentIncomeNet": "None", "netInterestIncome": "None", "interestIncome": "None", "interestExpense": "44602000", "nonInterestIncome": "None", "otherNonOperatingIncome": "None", "depreciation": "None", "depreciationAndAmortization": "23496000", "incomeBeforeTax": "331089000", "incomeTaxExpense": "88524000", "interestAndDebtExpense": "None", "netIncomeFromContinuingOperations": "242565000", "comprehensiveIncomeNetOfTax": "None", "ebit": "354691000", "ebitda": "378187000", "netIncome": "242847000"}, {"fiscalDateEnding": "2017-12-31", "reportedCurrency": "USD", "grossProfit": "1654026000", "totalRevenue": "1703840000", "costOfRevenue": "49814000", "costofGoodsAndServicesSold": "49814000", "operatingIncome": "1573755000", "sellingGeneralAndAdministrative": "1270291000", "researchAndDevelopment": "0", "operatingExpenses": "142023000", "investmentIncomeNet": "None", "netInterestIncome": "None", "interestIncome": "None", "interestExpense": "39431000", "nonInterestIncome": "None", "otherNonOperatingIncome": "None", "depreciation": "None", "depreciationAndAmortization": "23289000", "incomeBeforeTax": "311684000", "incomeTaxExpense": "192401000", "interestAndDebtExpense": "None", "netIncomeFromContinuingOperations": "119283000", "comprehensiveIncomeNetOfTax": "None", "ebit": "350674000", "ebitda": "373963000", "netIncome": "118842000"}, {"fiscalDateEnding": "2017-09-30", "reportedCurrency": "USD", "grossProfit": "1558941000", "totalRevenue": "1656128000", "costOfRevenue": "97187000", "costofGoodsAndServicesSold": "97187000", "operatingIncome": "321015000", "sellingGeneralAndAdministrative": "1227478000", "researchAndDevelopment": "0", "operatingExpenses": "-1335113000", "investmentIncomeNet": "None", "netInterestIncome": "None", "interestIncome": "None", "interestExpense": "42575000", "nonInterestIncome": "None", "otherNonOperatingIncome": "None", "depreciation": "None", "depreciationAndAmortization": "21983000", "incomeBeforeTax": "282219000", "incomeTaxExpense": "84951000", "interestAndDebtExpense": "None", "netIncomeFromContinuingOperations": "197268000", "comprehensiveIncomeNetOfTax": "None", "ebit": "348740000", "ebitda": "370723000", "netIncome": "193489000"}, {"fiscalDateEnding": "2017-06-30", "reportedCurrency": "USD", "grossProfit": "1592118000", "totalRevenue": "1592118000", "costOfRevenue": "46507000", "costofGoodsAndServicesSold": "46507000", "operatingIncome": "313574000", "sellingGeneralAndAdministrative": "1199506000", "researchAndDevelopment": "148228000", "operatingExpenses": "-1278544000", "investmentIncomeNet": "None", "netInterestIncome": "None", "interestIncome": "None", "interestExpense": "38560000", "nonInterestIncome": "None", "otherNonOperatingIncome": "None", "depreciation": "None", "depreciationAndAmortization": "21190000", "incomeBeforeTax": "276941000", "incomeTaxExpense": "91590000", "interestAndDebtExpense": "None", "netIncomeFromContinuingOperations": "185351000", "comprehensiveIncomeNetOfTax": "None", "ebit": "303117000", "ebitda": "324307000", "netIncome": "183424000"}, {"fiscalDateEnding": "2017-03-31", "reportedCurrency": "USD", "grossProfit": "1486954000", "totalRevenue": "1534452000", "costOfRevenue": "47498000", "costofGoodsAndServicesSold": "47498000", "operatingIncome": "1442536000", "sellingGeneralAndAdministrative": "1153300000", "researchAndDevelopment": "0", "operatingExpenses": "110280000", "investmentIncomeNet": "None", "netInterestIncome": "None", "interestIncome": "None", "interestExpense": "36677000", "nonInterestIncome": "None", "otherNonOperatingIncome": "None", "depreciation": "None", "depreciationAndAmortization": "21018000", "incomeBeforeTax": "161303000", "incomeTaxExpense": "52758000", "interestAndDebtExpense": "None", "netIncomeFromContinuingOperations": "108545000", "comprehensiveIncomeNetOfTax": "None", "ebit": "202190000", "ebitda": "223208000", "netIncome": "112755000"}, {"fiscalDateEnding": "2016-12-31", "reportedCurrency": "USD", "grossProfit": "1415105000", "totalRevenue": "1461157000", "costOfRevenue": "46052000", "costofGoodsAndServicesSold": "46052000", "operatingIncome": "1374473000", "sellingGeneralAndAdministrative": "1113990000", "researchAndDevelopment": "0", "operatingExpenses": "108243000", "investmentIncomeNet": "None", "netInterestIncome": "None", "interestIncome": "None", "interestExpense": "35966000", "nonInterestIncome": "None", "otherNonOperatingIncome": "None", "depreciation": "None", "depreciationAndAmortization": "19941000", "incomeBeforeTax": "207515000", "incomeTaxExpense": "59812000", "interestAndDebtExpense": "None", "netIncomeFromContinuingOperations": "147703000", "comprehensiveIncomeNetOfTax": "None", "ebit": "242345000", "ebitda": "262286000", "netIncome": "146567000"}, {"fiscalDateEnding": "2016-09-30", "reportedCurrency": "USD", "grossProfit": "5133150000", "totalRevenue": "1430705000", "costOfRevenue": "-3702445000", "costofGoodsAndServicesSold": "-3702445000", "operatingIncome": "4960563000", "sellingGeneralAndAdministrative": "1064786000", "researchAndDevelopment": "0", "operatingExpenses": "392326000", "investmentIncomeNet": "None", "netInterestIncome": "None", "interestIncome": "None", "interestExpense": "32433000", "nonInterestIncome": "None", "otherNonOperatingIncome": "None", "depreciation": "None", "depreciationAndAmortization": "18419000", "incomeBeforeTax": "233542000", "incomeTaxExpense": "64752000", "interestAndDebtExpense": "None", "netIncomeFromContinuingOperations": "168790000", "comprehensiveIncomeNetOfTax": "None", "ebit": "268855000", "ebitda": "287274000", "netIncome": "171670000"}, {"fiscalDateEnding": "2016-06-30", "reportedCurrency": "USD", "grossProfit": "1292413000", "totalRevenue": "1333238000", "costOfRevenue": "40825000", "costofGoodsAndServicesSold": "40825000", "operatingIncome": "1249712000", "sellingGeneralAndAdministrative": "1017104000", "researchAndDevelopment": "0", "operatingExpenses": "96156000", "investmentIncomeNet": "None", "netInterestIncome": "None", "interestIncome": "None", "interestExpense": "28211000", "nonInterestIncome": "None", "otherNonOperatingIncome": "None", "depreciation": "None", "depreciationAndAmortization": "18312000", "incomeBeforeTax": "191450000", "incomeTaxExpense": "72261000", "interestAndDebtExpense": "None", "netIncomeFromContinuingOperations": "119189000", "comprehensiveIncomeNetOfTax": "None", "ebit": "225976000", "ebitda": "244288000", "netIncome": "125504000"}, {"fiscalDateEnding": "2016-03-31", "reportedCurrency": "USD", "grossProfit": "1286695000", "totalRevenue": "1286695000", "costOfRevenue": "1096887000", "costofGoodsAndServicesSold": "1096887000", "operatingIncome": "227542000", "sellingGeneralAndAdministrative": "991844000", "researchAndDevelopment": "0", "operatingExpenses": "-1059153000", "investmentIncomeNet": "None", "netInterestIncome": "None", "interestIncome": "None", "interestExpense": "29424000", "nonInterestIncome": "None", "otherNonOperatingIncome": "None", "depreciation": "None", "depreciationAndAmortization": "17743000", "incomeBeforeTax": "190204000", "incomeTaxExpense": "72271000", "interestAndDebtExpense": "None", "netIncomeFromContinuingOperations": "117933000", "comprehensiveIncomeNetOfTax": "None", "ebit": "227542000", "ebitda": "245285000", "netIncome": "125847000"}, {"fiscalDateEnding": "2015-12-31", "reportedCurrency": "USD", "grossProfit": "1208178000", "totalRevenue": "1249967000", "costOfRevenue": "41789000", "costofGoodsAndServicesSold": "41789000", "operatingIncome": "1161196000", "sellingGeneralAndAdministrative": "979172000", "researchAndDevelopment": "0", "operatingExpenses": "98541000", "investmentIncomeNet": "None", "netInterestIncome": "None", "interestIncome": "None", "interestExpense": "27009000", "nonInterestIncome": "None", "otherNonOperatingIncome": "None", "depreciation": "None", "depreciationAndAmortization": "17909000", "incomeBeforeTax": "162175000", "incomeTaxExpense": "62009000", "interestAndDebtExpense": "None", "netIncomeFromContinuingOperations": "100166000", "comprehensiveIncomeNetOfTax": "None", "ebit": "195347000", "ebitda": "213256000", "netIncome": "106329000"}, {"fiscalDateEnding": "2015-09-30", "reportedCurrency": "USD", "grossProfit": "4934664000", "totalRevenue": "1315935000", "costOfRevenue": "-3618729000", "costofGoodsAndServicesSold": "-3618729000", "operatingIncome": "8082386000", "sellingGeneralAndAdministrative": "1013289000", "researchAndDevelopment": "0", "operatingExpenses": "-2937451000", "investmentIncomeNet": "None", "netInterestIncome": "None", "interestIncome": "None", "interestExpense": "26000000", "nonInterestIncome": "None", "otherNonOperatingIncome": "None", "depreciation": "None", "depreciationAndAmortization": "17264000", "incomeBeforeTax": "201135000", "incomeTaxExpense": "77630000", "interestAndDebtExpense": "None", "netIncomeFromContinuingOperations": "123505000", "comprehensiveIncomeNetOfTax": "None", "ebit": "232816000", "ebitda": "250080000", "netIncome": "129186000"}, {"fiscalDateEnding": "2015-06-30", "reportedCurrency": "USD", "grossProfit": "1255779000", "totalRevenue": "1296048000", "costOfRevenue": "40269000", "costofGoodsAndServicesSold": "40269000", "operatingIncome": "235854000", "sellingGeneralAndAdministrative": "1010736000", "researchAndDevelopment": "0", "operatingExpenses": "-1019925000", "investmentIncomeNet": "None", "netInterestIncome": "None", "interestIncome": "None", "interestExpense": "27724000", "nonInterestIncome": "None", "otherNonOperatingIncome": "None", "depreciation": "None", "depreciationAndAmortization": "17122000", "incomeBeforeTax": "201295000", "incomeTaxExpense": "74935000", "interestAndDebtExpense": "None", "netIncomeFromContinuingOperations": "126360000", "comprehensiveIncomeNetOfTax": "None", "ebit": "235854000", "ebitda": "252976000", "netIncome": "133195000"}, {"fiscalDateEnding": "2015-03-31", "reportedCurrency": "USD", "grossProfit": "1257203000", "totalRevenue": "1257203000", "costOfRevenue": "1094633000", "costofGoodsAndServicesSold": "1094633000", "operatingIncome": "207166000", "sellingGeneralAndAdministrative": "992359000", "researchAndDevelopment": "0", "operatingExpenses": "-1050037000", "investmentIncomeNet": "None", "netInterestIncome": "None", "interestIncome": "None", "interestExpense": "26846000", "nonInterestIncome": "None", "otherNonOperatingIncome": "None", "depreciation": "None", "depreciationAndAmortization": "17602000", "incomeBeforeTax": "175633000", "incomeTaxExpense": "66857000", "interestAndDebtExpense": "None", "netIncomeFromContinuingOperations": "108776000", "comprehensiveIncomeNetOfTax": "None", "ebit": "207166000", "ebitda": "224768000", "netIncome": "113463000"}, {"fiscalDateEnding": "2014-12-31", "reportedCurrency": "USD", "grossProfit": "1189480000", "totalRevenue": "1228707000", "costOfRevenue": "39227000", "costofGoodsAndServicesSold": "39227000", "operatingIncome": "230292000", "sellingGeneralAndAdministrative": "934356000", "researchAndDevelopment": "0", "operatingExpenses": "-959188000", "investmentIncomeNet": "None", "netInterestIncome": "None", "interestIncome": "None", "interestExpense": "27384000", "nonInterestIncome": "None", "otherNonOperatingIncome": "None", "depreciation": "None", "depreciationAndAmortization": "16327000", "incomeBeforeTax": "198649000", "incomeTaxExpense": "76612000", "interestAndDebtExpense": "None", "netIncomeFromContinuingOperations": "122037000", "comprehensiveIncomeNetOfTax": "None", "ebit": "230292000", "ebitda": "246619000", "netIncome": "126296000"}, {"fiscalDateEnding": "2014-09-30", "reportedCurrency": "USD", "grossProfit": "4607399000", "totalRevenue": "1260453000", "costOfRevenue": "-3346946000", "costofGoodsAndServicesSold": "-3346946000", "operatingIncome": "7545207000", "sellingGeneralAndAdministrative": "963571000", "researchAndDevelopment": "0", "operatingExpenses": "-2741430000", "investmentIncomeNet": "None", "netInterestIncome": "None", "interestIncome": "None", "interestExpense": "25687000", "nonInterestIncome": "None", "otherNonOperatingIncome": "None", "depreciation": "None", "depreciationAndAmortization": "16005000", "incomeBeforeTax": "205204000", "incomeTaxExpense": "76048000", "interestAndDebtExpense": "None", "netIncomeFromContinuingOperations": "129156000", "comprehensiveIncomeNetOfTax": "None", "ebit": "238101000", "ebitda": "254106000", "netIncome": "136366000"}, {"fiscalDateEnding": "2014-06-30", "reportedCurrency": "USD", "grossProfit": "1151252000", "totalRevenue": "1192009000", "costOfRevenue": "40757000", "costofGoodsAndServicesSold": "40757000", "operatingIncome": "218295000", "sellingGeneralAndAdministrative": "923926000", "researchAndDevelopment": "0", "operatingExpenses": "-932957000", "investmentIncomeNet": "None", "netInterestIncome": "None", "interestIncome": "None", "interestExpense": "27052000", "nonInterestIncome": "None", "otherNonOperatingIncome": "None", "depreciation": "None", "depreciationAndAmortization": "15714000", "incomeBeforeTax": "178933000", "incomeTaxExpense": "68554000", "interestAndDebtExpense": "None", "netIncomeFromContinuingOperations": "110379000", "comprehensiveIncomeNetOfTax": "None", "ebit": "218295000", "ebitda": "234009000", "netIncome": "122689000"}, {"fiscalDateEnding": "2014-03-31", "reportedCurrency": "USD", "grossProfit": "1154971000", "totalRevenue": "1154971000", "costOfRevenue": "1011750000", "costofGoodsAndServicesSold": "1011750000", "operatingIncome": "191444000", "sellingGeneralAndAdministrative": "918461000", "researchAndDevelopment": "0", "operatingExpenses": "-963527000", "investmentIncomeNet": "None", "netInterestIncome": "None", "interestIncome": "None", "interestExpense": "25980000", "nonInterestIncome": "None", "otherNonOperatingIncome": "None", "depreciation": "None", "depreciationAndAmortization": "15835000", "incomeBeforeTax": "152999000", "incomeTaxExpense": "60904000", "interestAndDebtExpense": "None", "netIncomeFromContinuingOperations": "92095000", "comprehensiveIncomeNetOfTax": "None", "ebit": "191444000", "ebitda": "207279000", "netIncome": "104560000"}, {"fiscalDateEnding": "2013-12-31", "reportedCurrency": "USD", "grossProfit": "1121964000", "totalRevenue": "1161649000", "costOfRevenue": "39685000", "costofGoodsAndServicesSold": "39685000", "operatingIncome": "204296000", "sellingGeneralAndAdministrative": "899043000", "researchAndDevelopment": "0", "operatingExpenses": "-917668000", "investmentIncomeNet": "None", "netInterestIncome": "None", "interestIncome": "None", "interestExpense": "25372000", "nonInterestIncome": "None", "otherNonOperatingIncome": "None", "depreciation": "None", "depreciationAndAmortization": "16609000", "incomeBeforeTax": "178812000", "incomeTaxExpense": "62291000", "interestAndDebtExpense": "None", "netIncomeFromContinuingOperations": "116521000", "comprehensiveIncomeNetOfTax": "None", "ebit": "204296000", "ebitda": "220905000", "netIncome": "116633000"}, {"fiscalDateEnding": "2013-09-30", "reportedCurrency": "USD", "grossProfit": "4250613000", "totalRevenue": "1103611000", "costOfRevenue": "-3147002000", "costofGoodsAndServicesSold": "-3147002000", "operatingIncome": "7022644000", "sellingGeneralAndAdministrative": "851485000", "researchAndDevelopment": "0", "operatingExpenses": "-2584295000", "investmentIncomeNet": "None", "netInterestIncome": "None", "interestIncome": "None", "interestExpense": "26955000", "nonInterestIncome": "None", "otherNonOperatingIncome": "None", "depreciation": "None", "depreciationAndAmortization": "17469000", "incomeBeforeTax": "158543000", "incomeTaxExpense": "44511000", "interestAndDebtExpense": "None", "netIncomeFromContinuingOperations": "114032000", "comprehensiveIncomeNetOfTax": "None", "ebit": "188924000", "ebitda": "206393000", "netIncome": "117458000"}, {"fiscalDateEnding": "2013-06-30", "reportedCurrency": "USD", "grossProfit": "1050578000", "totalRevenue": "1089901000", "costOfRevenue": "39323000", "costofGoodsAndServicesSold": "39323000", "operatingIncome": "160246000", "sellingGeneralAndAdministrative": "871199000", "researchAndDevelopment": "0", "operatingExpenses": "-890332000", "investmentIncomeNet": "None", "netInterestIncome": "None", "interestIncome": "None", "interestExpense": "28192000", "nonInterestIncome": "None", "otherNonOperatingIncome": "None", "depreciation": "None", "depreciationAndAmortization": "15879000", "incomeBeforeTax": "128897000", "incomeTaxExpense": "48192000", "interestAndDebtExpense": "None", "netIncomeFromContinuingOperations": "80705000", "comprehensiveIncomeNetOfTax": "None", "ebit": "160246000", "ebitda": "176125000", "netIncome": "83862000"}, {"fiscalDateEnding": "2013-03-31", "reportedCurrency": "USD", "grossProfit": "1123280000", "totalRevenue": "1123280000", "costOfRevenue": "942525000", "costofGoodsAndServicesSold": "942525000", "operatingIncome": "158220000", "sellingGeneralAndAdministrative": "859553000", "researchAndDevelopment": "0", "operatingExpenses": "-965060000", "investmentIncomeNet": "None", "netInterestIncome": "None", "interestIncome": "None", "interestExpense": "27203000", "nonInterestIncome": "None", "otherNonOperatingIncome": "None", "depreciation": "None", "depreciationAndAmortization": "16593000", "incomeBeforeTax": "159303000", "incomeTaxExpense": "51057000", "interestAndDebtExpense": "None", "netIncomeFromContinuingOperations": "108246000", "comprehensiveIncomeNetOfTax": "None", "ebit": "158220000", "ebitda": "174813000", "netIncome": "79960000"}, {"fiscalDateEnding": "2012-12-31", "reportedCurrency": "USD", "grossProfit": "1051792000", "totalRevenue": "1091270000", "costOfRevenue": "39478000", "costofGoodsAndServicesSold": "39478000", "operatingIncome": "167168000", "sellingGeneralAndAdministrative": "853543000", "researchAndDevelopment": "0", "operatingExpenses": "-884624000", "investmentIncomeNet": "None", "netInterestIncome": "None", "interestIncome": "None", "interestExpense": "28021000", "nonInterestIncome": "None", "otherNonOperatingIncome": "None", "depreciation": "None", "depreciationAndAmortization": "16418000", "incomeBeforeTax": "147167000", "incomeTaxExpense": "53273000", "interestAndDebtExpense": "None", "netIncomeFromContinuingOperations": "93894000", "comprehensiveIncomeNetOfTax": "None", "ebit": "167168000", "ebitda": "183586000", "netIncome": "85874000"}, {"fiscalDateEnding": "2012-09-30", "reportedCurrency": "USD", "grossProfit": "3672332000", "totalRevenue": "1065609000", "costOfRevenue": "-2606723000", "costofGoodsAndServicesSold": "-2606723000", "operatingIncome": "5796324000", "sellingGeneralAndAdministrative": "783628000", "researchAndDevelopment": "0", "operatingExpenses": "-2032623000", "investmentIncomeNet": "None", "netInterestIncome": "None", "interestIncome": "None", "interestExpense": "27859000", "nonInterestIncome": "None", "otherNonOperatingIncome": "None", "depreciation": "None", "depreciationAndAmortization": "13366000", "incomeBeforeTax": "117380000", "incomeTaxExpense": "40982000", "interestAndDebtExpense": "None", "netIncomeFromContinuingOperations": "0", "comprehensiveIncomeNetOfTax": "None", "ebit": "152166000", "ebitda": "165532000", "netIncome": "83325000"}, {"fiscalDateEnding": "2012-06-30", "reportedCurrency": "USD", "grossProfit": "1045121000", "totalRevenue": "1086208000", "costOfRevenue": "41087000", "costofGoodsAndServicesSold": "41087000", "operatingIncome": "154424000", "sellingGeneralAndAdministrative": "799097000", "researchAndDevelopment": "0", "operatingExpenses": "-890697000", "investmentIncomeNet": "None", "netInterestIncome": "None", "interestIncome": "None", "interestExpense": "29554000", "nonInterestIncome": "None", "otherNonOperatingIncome": "None", "depreciation": "None", "depreciationAndAmortization": "18026000", "incomeBeforeTax": "137991000", "incomeTaxExpense": "48520000", "interestAndDebtExpense": "None", "netIncomeFromContinuingOperations": "0", "comprehensiveIncomeNetOfTax": "None", "ebit": "154424000", "ebitda": "172450000", "netIncome": "76350000"}, {"fiscalDateEnding": "2012-03-31", "reportedCurrency": "USD", "grossProfit": "871937000", "totalRevenue": "871937000", "costOfRevenue": "736686000", "costofGoodsAndServicesSold": "736686000", "operatingIncome": "129413000", "sellingGeneralAndAdministrative": "631416000", "researchAndDevelopment": "0", "operatingExpenses": "-742524000", "investmentIncomeNet": "None", "netInterestIncome": "None", "interestIncome": "None", "interestExpense": "17916000", "nonInterestIncome": "None", "otherNonOperatingIncome": "None", "depreciation": "None", "depreciationAndAmortization": "10082000", "incomeBeforeTax": "107902000", "incomeTaxExpense": "42628000", "interestAndDebtExpense": "None", "netIncomeFromContinuingOperations": "0", "comprehensiveIncomeNetOfTax": "None", "ebit": "129413000", "ebitda": "139495000", "netIncome": "68869000"}, {"fiscalDateEnding": "2011-12-31", "reportedCurrency": "USD", "grossProfit": "747647000", "totalRevenue": "773584000", "costOfRevenue": "25937000", "costofGoodsAndServicesSold": "25937000", "operatingIncome": "126891000", "sellingGeneralAndAdministrative": "576023000", "researchAndDevelopment": "0", "operatingExpenses": "-620756000", "investmentIncomeNet": "None", "netInterestIncome": "None", "interestIncome": "None", "interestExpense": "16040000", "nonInterestIncome": "None", "otherNonOperatingIncome": "None", "depreciation": "None", "depreciationAndAmortization": "9971000", "incomeBeforeTax": "104648000", "incomeTaxExpense": "43526000", "interestAndDebtExpense": "None", "netIncomeFromContinuingOperations": "0", "comprehensiveIncomeNetOfTax": "None", "ebit": "126891000", "ebitda": "136862000", "netIncome": "67325000"}, {"fiscalDateEnding": "2011-09-30", "reportedCurrency": "USD", "grossProfit": "3225456000", "totalRevenue": "817783000", "costOfRevenue": "-2407673000", "costofGoodsAndServicesSold": "-2407673000", "operatingIncome": "5124638000", "sellingGeneralAndAdministrative": "571164000", "researchAndDevelopment": "0", "operatingExpenses": "-1833352000", "investmentIncomeNet": "None", "netInterestIncome": "None", "interestIncome": "None", "interestExpense": "16814000", "nonInterestIncome": "None", "otherNonOperatingIncome": "None", "depreciation": "None", "depreciationAndAmortization": "10007000", "incomeBeforeTax": "118682000", "incomeTaxExpense": "56902000", "interestAndDebtExpense": "None", "netIncomeFromContinuingOperations": "61780000", "comprehensiveIncomeNetOfTax": "None", "ebit": "142643000", "ebitda": "152650000", "netIncome": "68927000"}, {"fiscalDateEnding": "2011-06-30", "reportedCurrency": "USD", "grossProfit": "823247000", "totalRevenue": "850387000", "costOfRevenue": "27140000", "costofGoodsAndServicesSold": "27140000", "operatingIncome": "96492000", "sellingGeneralAndAdministrative": "608229000", "researchAndDevelopment": "0", "operatingExpenses": "-726755000", "investmentIncomeNet": "None", "netInterestIncome": "None", "interestIncome": "None", "interestExpense": "17825000", "nonInterestIncome": "None", "otherNonOperatingIncome": "None", "depreciation": "None", "depreciationAndAmortization": "10528000", "incomeBeforeTax": "81079000", "incomeTaxExpense": "31881000", "interestAndDebtExpense": "None", "netIncomeFromContinuingOperations": "49198000", "comprehensiveIncomeNetOfTax": "None", "ebit": "96492000", "ebitda": "107020000", "netIncome": "46786000"}, {"fiscalDateEnding": "2011-03-31", "reportedCurrency": "USD", "grossProfit": "825284000", "totalRevenue": "852057000", "costOfRevenue": "26773000", "costofGoodsAndServicesSold": "26773000", "operatingIncome": "140924000", "sellingGeneralAndAdministrative": "579587000", "researchAndDevelopment": "0", "operatingExpenses": "-684360000", "investmentIncomeNet": "None", "netInterestIncome": "None", "interestIncome": "None", "interestExpense": "14687000", "nonInterestIncome": "None", "otherNonOperatingIncome": "None", "depreciation": "None", "depreciationAndAmortization": "10228000", "incomeBeforeTax": "124238000", "incomeTaxExpense": "45320000", "interestAndDebtExpense": "None", "netIncomeFromContinuingOperations": "78918000", "comprehensiveIncomeNetOfTax": "None", "ebit": "140924000", "ebitda": "151152000", "netIncome": "80917000"}, {"fiscalDateEnding": "2010-12-31", "reportedCurrency": "USD", "grossProfit": "714688771", "totalRevenue": "714715000", "costOfRevenue": "26229", "costofGoodsAndServicesSold": "26229", "operatingIncome": "147018000", "sellingGeneralAndAdministrative": "568705000", "researchAndDevelopment": "0", "operatingExpenses": "-567670771", "investmentIncomeNet": "None", "netInterestIncome": "None", "interestIncome": "None", "interestExpense": "16504000", "nonInterestIncome": "None", "otherNonOperatingIncome": "None", "depreciation": "None", "depreciationAndAmortization": "9574000", "incomeBeforeTax": "126746000", "incomeTaxExpense": "48791000", "interestAndDebtExpense": "None", "netIncomeFromContinuingOperations": "77955000", "comprehensiveIncomeNetOfTax": "None", "ebit": "147018000", "ebitda": "156592000", "netIncome": "81723000"}, {"fiscalDateEnding": "2010-09-30", "reportedCurrency": "USD", "grossProfit": "747781055", "totalRevenue": "747886000", "costOfRevenue": "104945", "costofGoodsAndServicesSold": "104945", "operatingIncome": "1687245571", "sellingGeneralAndAdministrative": "526027000", "researchAndDevelopment": "0", "operatingExpenses": "-1684371000", "investmentIncomeNet": "None", "netInterestIncome": "None", "interestIncome": "None", "interestExpense": "15362000", "nonInterestIncome": "None", "otherNonOperatingIncome": "None", "depreciation": "None", "depreciationAndAmortization": "10173000", "incomeBeforeTax": "99476000", "incomeTaxExpense": "36288000", "interestAndDebtExpense": "None", "netIncomeFromContinuingOperations": "0", "comprehensiveIncomeNetOfTax": "None", "ebit": "120715000", "ebitda": "130888000", "netIncome": "69065000"}, {"fiscalDateEnding": "2010-06-30", "reportedCurrency": "USD", "grossProfit": "-25931627000", "totalRevenue": "747373000", "costOfRevenue": "26679000000", "costofGoodsAndServicesSold": "26679000000", "operatingIncome": "113750000", "sellingGeneralAndAdministrative": "530144000", "researchAndDevelopment": "0", "operatingExpenses": "26045377000", "investmentIncomeNet": "None", "netInterestIncome": "None", "interestIncome": "None", "interestExpense": "16239000", "nonInterestIncome": "None", "otherNonOperatingIncome": "None", "depreciation": "None", "depreciationAndAmortization": "5456000", "incomeBeforeTax": "95347000", "incomeTaxExpense": "36824000", "interestAndDebtExpense": "None", "netIncomeFromContinuingOperations": "0", "comprehensiveIncomeNetOfTax": "None", "ebit": "113750000", "ebitda": "119206000", "netIncome": "60687000"}, {"fiscalDateEnding": "2010-03-31", "reportedCurrency": "USD", "grossProfit": "734439000", "totalRevenue": "734439000", "costOfRevenue": "632088000", "costofGoodsAndServicesSold": "632088000", "operatingIncome": "105204000", "sellingGeneralAndAdministrative": "497419000", "researchAndDevelopment": "0", "operatingExpenses": "-629235000", "investmentIncomeNet": "None", "netInterestIncome": "None", "interestIncome": "None", "interestExpense": "15548000", "nonInterestIncome": "None", "otherNonOperatingIncome": "None", "depreciation": "None", "depreciationAndAmortization": "12140000", "incomeBeforeTax": "94208000", "incomeTaxExpense": "34028000", "interestAndDebtExpense": "None", "netIncomeFromContinuingOperations": "0", "comprehensiveIncomeNetOfTax": "None", "ebit": "105204000", "ebitda": "117344000", "netIncome": "55628000"}, {"fiscalDateEnding": "2009-12-31", "reportedCurrency": "USD", "grossProfit": "686940285", "totalRevenue": "686967000", "costOfRevenue": "26715", "costofGoodsAndServicesSold": "26715", "operatingIncome": "85090000", "sellingGeneralAndAdministrative": "499153000", "researchAndDevelopment": "0", "operatingExpenses": "-601850285", "investmentIncomeNet": "None", "netInterestIncome": "None", "interestIncome": "None", "interestExpense": "15702000", "nonInterestIncome": "None", "otherNonOperatingIncome": "None", "depreciation": "None", "depreciationAndAmortization": "11758000", "incomeBeforeTax": "67113000", "incomeTaxExpense": "26485000", "interestAndDebtExpense": "None", "netIncomeFromContinuingOperations": "0", "comprehensiveIncomeNetOfTax": "None", "ebit": "85090000", "ebitda": "96848000", "netIncome": "42903000"}, {"fiscalDateEnding": "2009-09-30", "reportedCurrency": "USD", "grossProfit": "2441381000", "totalRevenue": "667158000", "costOfRevenue": "-1774223000", "costofGoodsAndServicesSold": "-1774223000", "operatingIncome": "3840591000", "sellingGeneralAndAdministrative": "472060000", "researchAndDevelopment": "0", "operatingExpenses": "-1342257000", "investmentIncomeNet": "None", "netInterestIncome": "None", "interestIncome": "None", "interestExpense": "10865000", "nonInterestIncome": "None", "otherNonOperatingIncome": "None", "depreciation": "None", "depreciationAndAmortization": "9224000", "incomeBeforeTax": "61883000", "incomeTaxExpense": "18914000", "interestAndDebtExpense": "None", "netIncomeFromContinuingOperations": "0", "comprehensiveIncomeNetOfTax": "None", "ebit": "72748000", "ebitda": "81972000", "netIncome": "42969000"}, {"fiscalDateEnding": "2009-06-30", "reportedCurrency": "USD", "grossProfit": "624772701", "totalRevenue": "624799000", "costOfRevenue": "26299", "costofGoodsAndServicesSold": "26299", "operatingIncome": "79762000", "sellingGeneralAndAdministrative": "413923000", "researchAndDevelopment": "0", "operatingExpenses": "-545010701", "investmentIncomeNet": "None", "netInterestIncome": "None", "interestIncome": "None", "interestExpense": "7453000", "nonInterestIncome": "None", "otherNonOperatingIncome": "None", "depreciation": "None", "depreciationAndAmortization": "8773000", "incomeBeforeTax": "72309000", "incomeTaxExpense": "29714000", "interestAndDebtExpense": "None", "netIncomeFromContinuingOperations": "0", "comprehensiveIncomeNetOfTax": "None", "ebit": "79762000", "ebitda": "88535000", "netIncome": "42595000"}, {"fiscalDateEnding": "2009-03-31", "reportedCurrency": "USD", "grossProfit": "589667000", "totalRevenue": "589667000", "costOfRevenue": "570549000", "costofGoodsAndServicesSold": "570549000", "operatingIncome": "19662000", "sellingGeneralAndAdministrative": "406588000", "researchAndDevelopment": "0", "operatingExpenses": "-570005000", "investmentIncomeNet": "None", "netInterestIncome": "None", "interestIncome": "None", "interestExpense": "6744000", "nonInterestIncome": "None", "otherNonOperatingIncome": "None", "depreciation": "None", "depreciationAndAmortization": "8221000", "incomeBeforeTax": "12918000", "incomeTaxExpense": "6825000", "interestAndDebtExpense": "None", "netIncomeFromContinuingOperations": "0", "comprehensiveIncomeNetOfTax": "None", "ebit": "19662000", "ebitda": "27883000", "netIncome": "6093000"}, {"fiscalDateEnding": "2008-12-31", "reportedCurrency": "USD", "grossProfit": "663915565", "totalRevenue": "663942000", "costOfRevenue": "26435", "costofGoodsAndServicesSold": "26435", "operatingIncome": "133555000", "sellingGeneralAndAdministrative": "419254000", "researchAndDevelopment": "0", "operatingExpenses": "-530360565", "investmentIncomeNet": "None", "netInterestIncome": "None", "interestIncome": "None", "interestExpense": "31891000", "nonInterestIncome": "None", "otherNonOperatingIncome": "None", "depreciation": "None", "depreciationAndAmortization": "8345000", "incomeBeforeTax": "101664000", "incomeTaxExpense": "40571000", "interestAndDebtExpense": "None", "netIncomeFromContinuingOperations": "0", "comprehensiveIncomeNetOfTax": "None", "ebit": "133555000", "ebitda": "141900000", "netIncome": "61093000"}, {"fiscalDateEnding": "2008-09-30", "reportedCurrency": "USD", "grossProfit": "693067387", "totalRevenue": "693165000", "costOfRevenue": "97613", "costofGoodsAndServicesSold": "97613", "operatingIncome": "1437496319", "sellingGeneralAndAdministrative": "471977000", "researchAndDevelopment": "0", "operatingExpenses": "-1434389000", "investmentIncomeNet": "None", "netInterestIncome": "None", "interestIncome": "None", "interestExpense": "66694000", "nonInterestIncome": "None", "otherNonOperatingIncome": "None", "depreciation": "None", "depreciationAndAmortization": "7742000", "incomeBeforeTax": "83161000", "incomeTaxExpense": "34053000", "interestAndDebtExpense": "None", "netIncomeFromContinuingOperations": "0", "comprehensiveIncomeNetOfTax": "None", "ebit": "149855000", "ebitda": "157597000", "netIncome": "49108000"}, {"fiscalDateEnding": "2008-06-30", "reportedCurrency": "USD", "grossProfit": "741997898", "totalRevenue": "742024000", "costOfRevenue": "26102", "costofGoodsAndServicesSold": "26102", "operatingIncome": "181842000", "sellingGeneralAndAdministrative": "490479000", "researchAndDevelopment": "0", "operatingExpenses": "-560155898", "investmentIncomeNet": "None", "netInterestIncome": "None", "interestIncome": "None", "interestExpense": "66724000", "nonInterestIncome": "None", "otherNonOperatingIncome": "None", "depreciation": "None", "depreciationAndAmortization": "7075000", "incomeBeforeTax": "115118000", "incomeTaxExpense": "45180000", "interestAndDebtExpense": "None", "netIncomeFromContinuingOperations": "0", "comprehensiveIncomeNetOfTax": "None", "ebit": "181842000", "ebitda": "188917000", "netIncome": "69938000"}, {"fiscalDateEnding": "2008-03-31", "reportedCurrency": "USD", "grossProfit": "691687000", "totalRevenue": "691687000", "costOfRevenue": "590921000", "costofGoodsAndServicesSold": "590921000", "operatingIncome": "213265000", "sellingGeneralAndAdministrative": "473306000", "researchAndDevelopment": "0", "operatingExpenses": "-478422000", "investmentIncomeNet": "None", "netInterestIncome": "None", "interestIncome": "None", "interestExpense": "115447000", "nonInterestIncome": "None", "otherNonOperatingIncome": "None", "depreciation": "None", "depreciationAndAmortization": "6172000", "incomeBeforeTax": "97818000", "incomeTaxExpense": "38028000", "interestAndDebtExpense": "None", "netIncomeFromContinuingOperations": "0", "comprehensiveIncomeNetOfTax": "None", "ebit": "213265000", "ebitda": "219437000", "netIncome": "59790000"}, {"fiscalDateEnding": "2007-12-31", "reportedCurrency": "USD", "grossProfit": "685805603", "totalRevenue": "685827000", "costOfRevenue": "21397", "costofGoodsAndServicesSold": "21397", "operatingIncome": "234121000", "sellingGeneralAndAdministrative": "470604000", "researchAndDevelopment": "0", "operatingExpenses": "-451684603", "investmentIncomeNet": "None", "netInterestIncome": "None", "interestIncome": "None", "interestExpense": "143364000", "nonInterestIncome": "None", "otherNonOperatingIncome": "None", "depreciation": "None", "depreciationAndAmortization": "6993000", "incomeBeforeTax": "90757000", "incomeTaxExpense": "34515000", "interestAndDebtExpense": "None", "netIncomeFromContinuingOperations": "0", "comprehensiveIncomeNetOfTax": "None", "ebit": "234121000", "ebitda": "241114000", "netIncome": "56242000"}, {"fiscalDateEnding": "2007-09-30", "reportedCurrency": "USD", "grossProfit": "651849881", "totalRevenue": "691636000", "costOfRevenue": "39786119", "costofGoodsAndServicesSold": "39786119", "operatingIncome": "242895000", "sellingGeneralAndAdministrative": "466828000", "researchAndDevelopment": "0", "operatingExpenses": "-448741000", "investmentIncomeNet": "None", "netInterestIncome": "None", "interestIncome": "None", "interestExpense": "147290000", "nonInterestIncome": "None", "otherNonOperatingIncome": "None", "depreciation": "None", "depreciationAndAmortization": "6321000", "incomeBeforeTax": "95605000", "incomeTaxExpense": "32638000", "interestAndDebtExpense": "None", "netIncomeFromContinuingOperations": "0", "comprehensiveIncomeNetOfTax": "None", "ebit": "242895000", "ebitda": "249216000", "netIncome": "62967000"}, {"fiscalDateEnding": "2007-06-30", "reportedCurrency": "USD", "grossProfit": "688660000", "totalRevenue": "688660000", "costOfRevenue": "19983000", "costofGoodsAndServicesSold": "19983000", "operatingIncome": "243991000", "sellingGeneralAndAdministrative": "462459000", "researchAndDevelopment": "0", "operatingExpenses": "-444669000", "investmentIncomeNet": "None", "netInterestIncome": "None", "interestIncome": "None", "interestExpense": "134093000", "nonInterestIncome": "None", "otherNonOperatingIncome": "None", "depreciation": "None", "depreciationAndAmortization": "5179000", "incomeBeforeTax": "109898000", "incomeTaxExpense": "41545000", "interestAndDebtExpense": "None", "netIncomeFromContinuingOperations": "0", "comprehensiveIncomeNetOfTax": "None", "ebit": "243991000", "ebitda": "249170000", "netIncome": "68353000"}, {"fiscalDateEnding": "2007-03-31", "reportedCurrency": "USD", "grossProfit": "606003000", "totalRevenue": "625719000", "costOfRevenue": "19716000", "costofGoodsAndServicesSold": "19716000", "operatingIncome": "205507000", "sellingGeneralAndAdministrative": "428894000", "researchAndDevelopment": "0", "operatingExpenses": "-400496000", "investmentIncomeNet": "None", "netInterestIncome": "None", "interestIncome": "None", "interestExpense": "112552000", "nonInterestIncome": "None", "otherNonOperatingIncome": "None", "depreciation": "None", "depreciationAndAmortization": "5837000", "incomeBeforeTax": "92955000", "incomeTaxExpense": "33240000", "interestAndDebtExpense": "None", "netIncomeFromContinuingOperations": "0", "comprehensiveIncomeNetOfTax": "None", "ebit": "205507000", "ebitda": "211344000", "netIncome": "59715000"}, {"fiscalDateEnding": "2006-12-31", "reportedCurrency": "USD", "grossProfit": "583750000", "totalRevenue": "603900000", "costOfRevenue": "20150000", "costofGoodsAndServicesSold": "20150000", "operatingIncome": "199495000", "sellingGeneralAndAdministrative": "408509000", "researchAndDevelopment": "0", "operatingExpenses": "-384255000", "investmentIncomeNet": "None", "netInterestIncome": "None", "interestIncome": "None", "interestExpense": "105729000", "nonInterestIncome": "None", "otherNonOperatingIncome": "None", "depreciation": "None", "depreciationAndAmortization": "5294000", "incomeBeforeTax": "93766000", "incomeTaxExpense": "34371000", "interestAndDebtExpense": "None", "netIncomeFromContinuingOperations": "0", "comprehensiveIncomeNetOfTax": "None", "ebit": "199495000", "ebitda": "204789000", "netIncome": "59395000"}, {"fiscalDateEnding": "2006-09-30", "reportedCurrency": "USD", "grossProfit": "2250026000", "totalRevenue": "573613000", "costOfRevenue": "-1676413000", "costofGoodsAndServicesSold": "-1676413000", "operatingIncome": "3755652000", "sellingGeneralAndAdministrative": "405549000", "researchAndDevelopment": "0", "operatingExpenses": "-1195488000", "investmentIncomeNet": "None", "netInterestIncome": "None", "interestIncome": "None", "interestExpense": "102154000", "nonInterestIncome": "None", "otherNonOperatingIncome": "None", "depreciation": "None", "depreciationAndAmortization": "4699000", "incomeBeforeTax": "78919000", "incomeTaxExpense": "27991000", "interestAndDebtExpense": "None", "netIncomeFromContinuingOperations": "0", "comprehensiveIncomeNetOfTax": "None", "ebit": "181073000", "ebitda": "185772000", "netIncome": "50928000"}, {"fiscalDateEnding": "2006-06-30", "reportedCurrency": "USD", "grossProfit": "629668000", "totalRevenue": "629668000", "costOfRevenue": "533468000", "costofGoodsAndServicesSold": "533468000", "operatingIncome": "178191000", "sellingGeneralAndAdministrative": "429224000", "researchAndDevelopment": "0", "operatingExpenses": "-451477000", "investmentIncomeNet": "None", "netInterestIncome": "None", "interestIncome": "None", "interestExpense": "81689000", "nonInterestIncome": "None", "otherNonOperatingIncome": "None", "depreciation": "None", "depreciationAndAmortization": "5179000", "incomeBeforeTax": "96502000", "incomeTaxExpense": "39728000", "interestAndDebtExpense": "None", "netIncomeFromContinuingOperations": "0", "comprehensiveIncomeNetOfTax": "None", "ebit": "178191000", "ebitda": "183370000", "netIncome": "56774000"}, {"fiscalDateEnding": "2006-03-31", "reportedCurrency": "USD", "grossProfit": "574692000", "totalRevenue": "592802000", "costOfRevenue": "18110000", "costofGoodsAndServicesSold": "18110000", "operatingIncome": "159326000", "sellingGeneralAndAdministrative": "399645000", "researchAndDevelopment": "0", "operatingExpenses": "-415366000", "investmentIncomeNet": "None", "netInterestIncome": "None", "interestIncome": "None", "interestExpense": "64016000", "nonInterestIncome": "None", "otherNonOperatingIncome": "None", "depreciation": "None", "depreciationAndAmortization": "4917000", "incomeBeforeTax": "95310000", "incomeTaxExpense": "33779000", "interestAndDebtExpense": "None", "netIncomeFromContinuingOperations": "0", "comprehensiveIncomeNetOfTax": "None", "ebit": "159326000", "ebitda": "164243000", "netIncome": "61531000"}, {"fiscalDateEnding": "2005-12-31", "reportedCurrency": "USD", "grossProfit": "509134000", "totalRevenue": "526536000", "costOfRevenue": "17402000", "costofGoodsAndServicesSold": "17402000", "operatingIncome": "120146000", "sellingGeneralAndAdministrative": "366619000", "researchAndDevelopment": "0", "operatingExpenses": "-388988000", "investmentIncomeNet": "None", "netInterestIncome": "None", "interestIncome": "None", "interestExpense": "48811000", "nonInterestIncome": "None", "otherNonOperatingIncome": "None", "depreciation": "None", "depreciationAndAmortization": "4378000", "incomeBeforeTax": "71335000", "incomeTaxExpense": "26226000", "interestAndDebtExpense": "None", "netIncomeFromContinuingOperations": "0", "comprehensiveIncomeNetOfTax": "None", "ebit": "120146000", "ebitda": "124524000", "netIncome": "45109000"}, {"fiscalDateEnding": "2005-09-30", "reportedCurrency": "USD", "grossProfit": "1972260000", "totalRevenue": "563561000", "costOfRevenue": "-1408699000", "costofGoodsAndServicesSold": "-1408699000", "operatingIncome": "3129811000", "sellingGeneralAndAdministrative": "389342000", "researchAndDevelopment": "0", "operatingExpenses": "-1039762000", "investmentIncomeNet": "None", "netInterestIncome": "None", "interestIncome": "None", "interestExpense": "30370000", "nonInterestIncome": "None", "otherNonOperatingIncome": "None", "depreciation": "None", "depreciationAndAmortization": "5758000", "incomeBeforeTax": "73561000", "incomeTaxExpense": "28837000", "interestAndDebtExpense": "None", "netIncomeFromContinuingOperations": "0", "comprehensiveIncomeNetOfTax": "None", "ebit": "103931000", "ebitda": "109689000", "netIncome": "44724000"}, {"fiscalDateEnding": "2005-06-30", "reportedCurrency": "USD", "grossProfit": "476849000", "totalRevenue": "493544000", "costOfRevenue": "16695000", "costofGoodsAndServicesSold": "16695000", "operatingIncome": "84294000", "sellingGeneralAndAdministrative": "348361000", "researchAndDevelopment": "0", "operatingExpenses": "-392555000", "investmentIncomeNet": "None", "netInterestIncome": "None", "interestIncome": "None", "interestExpense": "32818000", "nonInterestIncome": "None", "otherNonOperatingIncome": "None", "depreciation": "None", "depreciationAndAmortization": "3599000", "incomeBeforeTax": "51476000", "incomeTaxExpense": "19094000", "interestAndDebtExpense": "None", "netIncomeFromContinuingOperations": "0", "comprehensiveIncomeNetOfTax": "None", "ebit": "84294000", "ebitda": "87893000", "netIncome": "32382000"}, {"fiscalDateEnding": "2005-03-31", "reportedCurrency": "USD", "grossProfit": "467296000", "totalRevenue": "483118000", "costOfRevenue": "15822000", "costofGoodsAndServicesSold": "15822000", "operatingIncome": "87338000", "sellingGeneralAndAdministrative": "342492000", "researchAndDevelopment": "0", "operatingExpenses": "-379958000", "investmentIncomeNet": "None", "netInterestIncome": "None", "interestIncome": "None", "interestExpense": "29209000", "nonInterestIncome": "None", "otherNonOperatingIncome": "None", "depreciation": "None", "depreciationAndAmortization": "4440000", "incomeBeforeTax": "58129000", "incomeTaxExpense": "23432000", "interestAndDebtExpense": "None", "netIncomeFromContinuingOperations": "0", "comprehensiveIncomeNetOfTax": "None", "ebit": "87338000", "ebitda": "91778000", "netIncome": "34697000"}, {"fiscalDateEnding": "2004-12-31", "reportedCurrency": "USD", "grossProfit": "498985000", "totalRevenue": "498985000", "costOfRevenue": "332200000", "costofGoodsAndServicesSold": "332200000", "operatingIncome": "90197000", "sellingGeneralAndAdministrative": "348909000", "researchAndDevelopment": "0", "operatingExpenses": "-408788000", "investmentIncomeNet": "None", "netInterestIncome": "None", "interestIncome": "None", "interestExpense": "25392000", "nonInterestIncome": "None", "otherNonOperatingIncome": "None", "depreciation": "None", "depreciationAndAmortization": "3984000", "incomeBeforeTax": "64805000", "incomeTaxExpense": "25562000", "interestAndDebtExpense": "None", "netIncomeFromContinuingOperations": "0", "comprehensiveIncomeNetOfTax": "None", "ebit": "90197000", "ebitda": "94181000", "netIncome": "39243000"}]}