{"symbol": "MDT", "annualReports": [{"fiscalDateEnding": "2024-04-30", "reportedCurrency": "USD", "grossProfit": "21148000000", "totalRevenue": "32364000000", "costOfRevenue": "11216000000", "costofGoodsAndServicesSold": "11216000000", "operatingIncome": "5144000000", "sellingGeneralAndAdministrative": "10736000000", "researchAndDevelopment": "2735000000", "operatingExpenses": "16129000000", "investmentIncomeNet": "None", "netInterestIncome": "-719000000", "interestIncome": "None", "interestExpense": "719000000", "nonInterestIncome": "None", "otherNonOperatingIncome": "None", "depreciation": "None", "depreciationAndAmortization": "2647000000", "incomeBeforeTax": "4837000000", "incomeTaxExpense": "1133000000", "interestAndDebtExpense": "None", "netIncomeFromContinuingOperations": "3705000000", "comprehensiveIncomeNetOfTax": "None", "ebit": "5556000000", "ebitda": "8203000000", "netIncome": "3676000000"}, {"fiscalDateEnding": "2023-04-30", "reportedCurrency": "USD", "grossProfit": "20508000000", "totalRevenue": "31227000000", "costOfRevenue": "10719000000", "costofGoodsAndServicesSold": "10719000000", "operatingIncome": "5485000000", "sellingGeneralAndAdministrative": "10415000000", "researchAndDevelopment": "2696000000", "operatingExpenses": "14678000000", "investmentIncomeNet": "None", "netInterestIncome": "-636000000", "interestIncome": "164000000", "interestExpense": "636000000", "nonInterestIncome": "None", "otherNonOperatingIncome": "515000000", "depreciation": "None", "depreciationAndAmortization": "2697000000", "incomeBeforeTax": "5364000000", "incomeTaxExpense": "1580000000", "interestAndDebtExpense": "None", "netIncomeFromContinuingOperations": "3784000000", "comprehensiveIncomeNetOfTax": "None", "ebit": "5778000000", "ebitda": "8475000000", "netIncome": "3758000000"}, {"fiscalDateEnding": "2022-04-30", "reportedCurrency": "USD", "grossProfit": "21541000000", "totalRevenue": "31686000000", "costOfRevenue": "10145000000", "costofGoodsAndServicesSold": "10145000000", "operatingIncome": "5752000000", "sellingGeneralAndAdministrative": "10292000000", "researchAndDevelopment": "2746000000", "operatingExpenses": "15633000000", "investmentIncomeNet": "None", "netInterestIncome": "-553000000", "interestIncome": "541000000", "interestExpense": "553000000", "nonInterestIncome": "None", "otherNonOperatingIncome": "318000000", "depreciation": "None", "depreciationAndAmortization": "2707000000", "incomeBeforeTax": "5517000000", "incomeTaxExpense": "456000000", "interestAndDebtExpense": "None", "netIncomeFromContinuingOperations": "5062000000", "comprehensiveIncomeNetOfTax": "None", "ebit": "6847000000", "ebitda": "9554000000", "netIncome": "5039000000"}, {"fiscalDateEnding": "2021-04-30", "reportedCurrency": "USD", "grossProfit": "19634000000", "totalRevenue": "30117000000", "costOfRevenue": "10483000000", "costofGoodsAndServicesSold": "10483000000", "operatingIncome": "4484000000", "sellingGeneralAndAdministrative": "10148000000", "researchAndDevelopment": "2493000000", "operatingExpenses": "14739000000", "investmentIncomeNet": "None", "netInterestIncome": "-925000000", "interestIncome": "617000000", "interestExpense": "925000000", "nonInterestIncome": "None", "otherNonOperatingIncome": "336000000", "depreciation": "None", "depreciationAndAmortization": "2702000000", "incomeBeforeTax": "3895000000", "incomeTaxExpense": "265000000", "interestAndDebtExpense": "None", "netIncomeFromContinuingOperations": "3630000000", "comprehensiveIncomeNetOfTax": "None", "ebit": "5490000000", "ebitda": "8192000000", "netIncome": "3606000000"}, {"fiscalDateEnding": "2020-04-30", "reportedCurrency": "USD", "grossProfit": "19489000000", "totalRevenue": "28913000000", "costOfRevenue": "9424000000", "costofGoodsAndServicesSold": "9424000000", "operatingIncome": "4791000000", "sellingGeneralAndAdministrative": "9875000000", "researchAndDevelopment": "2331000000", "operatingExpenses": "14267000000", "investmentIncomeNet": "None", "netInterestIncome": "-1092000000", "interestIncome": "379000000", "interestExpense": "1092000000", "nonInterestIncome": "None", "otherNonOperatingIncome": "356000000", "depreciation": "None", "depreciationAndAmortization": "2663000000", "incomeBeforeTax": "4055000000", "incomeTaxExpense": "-751000000", "interestAndDebtExpense": "None", "netIncomeFromContinuingOperations": "4806000000", "comprehensiveIncomeNetOfTax": "None", "ebit": "5162000000", "ebitda": "7825000000", "netIncome": "4789000000"}, {"fiscalDateEnding": "2019-04-30", "reportedCurrency": "USD", "grossProfit": "21402000000", "totalRevenue": "30557000000", "costOfRevenue": "9155000000", "costofGoodsAndServicesSold": "9155000000", "operatingIncome": "6268000000", "sellingGeneralAndAdministrative": "10232000000", "researchAndDevelopment": "2330000000", "operatingExpenses": "14770000000", "investmentIncomeNet": "None", "netInterestIncome": "-1444000000", "interestIncome": "676000000", "interestExpense": "1444000000", "nonInterestIncome": "None", "otherNonOperatingIncome": "373000000", "depreciation": "None", "depreciationAndAmortization": "2659000000", "incomeBeforeTax": "5197000000", "incomeTaxExpense": "547000000", "interestAndDebtExpense": "None", "netIncomeFromContinuingOperations": "4650000000", "comprehensiveIncomeNetOfTax": "None", "ebit": "6709000000", "ebitda": "9368000000", "netIncome": "4631000000"}, {"fiscalDateEnding": "2018-04-30", "reportedCurrency": "USD", "grossProfit": "20898000000", "totalRevenue": "29953000000", "costOfRevenue": "9055000000", "costofGoodsAndServicesSold": "9055000000", "operatingIncome": "6651000000", "sellingGeneralAndAdministrative": "9953000000", "researchAndDevelopment": "2253000000", "operatingExpenses": "14555000000", "investmentIncomeNet": "None", "netInterestIncome": "-749000000", "interestIncome": "397000000", "interestExpense": "1146000000", "nonInterestIncome": "None", "otherNonOperatingIncome": "-505000000", "depreciation": "None", "depreciationAndAmortization": "2644000000", "incomeBeforeTax": "5675000000", "incomeTaxExpense": "2580000000", "interestAndDebtExpense": "None", "netIncomeFromContinuingOperations": "3095000000", "comprehensiveIncomeNetOfTax": "None", "ebit": "6545000000", "ebitda": "9189000000", "netIncome": "3104000000"}, {"fiscalDateEnding": "2017-04-30", "reportedCurrency": "USD", "grossProfit": "20419000000", "totalRevenue": "29710000000", "costOfRevenue": "9291000000", "costofGoodsAndServicesSold": "9291000000", "operatingIncome": "5330000000", "sellingGeneralAndAdministrative": "10018000000", "researchAndDevelopment": "2193000000", "operatingExpenses": "14106000000", "investmentIncomeNet": "None", "netInterestIncome": "-728000000", "interestIncome": "366000000", "interestExpense": "1094000000", "nonInterestIncome": "None", "otherNonOperatingIncome": "-222000000", "depreciation": "None", "depreciationAndAmortization": "2917000000", "incomeBeforeTax": "4602000000", "incomeTaxExpense": "578000000", "interestAndDebtExpense": "None", "netIncomeFromContinuingOperations": "4024000000", "comprehensiveIncomeNetOfTax": "None", "ebit": "6110000000", "ebitda": "9027000000", "netIncome": "4028000000"}, {"fiscalDateEnding": "2016-04-30", "reportedCurrency": "USD", "grossProfit": "19691000000", "totalRevenue": "28833000000", "costOfRevenue": "9142000000", "costofGoodsAndServicesSold": "9142000000", "operatingIncome": "5291000000", "sellingGeneralAndAdministrative": "9469000000", "researchAndDevelopment": "2224000000", "operatingExpenses": "13731000000", "investmentIncomeNet": "None", "netInterestIncome": "None", "interestIncome": "1025000000", "interestExpense": "1386000000", "nonInterestIncome": "None", "otherNonOperatingIncome": "-107000000", "depreciation": "None", "depreciationAndAmortization": "2820000000", "incomeBeforeTax": "4336000000", "incomeTaxExpense": "798000000", "interestAndDebtExpense": "None", "netIncomeFromContinuingOperations": "3538000000", "comprehensiveIncomeNetOfTax": "None", "ebit": "5719000000", "ebitda": "8539000000", "netIncome": "3538000000"}, {"fiscalDateEnding": "2015-04-30", "reportedCurrency": "USD", "grossProfit": "13952000000", "totalRevenue": "20261000000", "costOfRevenue": "6309000000", "costofGoodsAndServicesSold": "6309000000", "operatingIncome": "3766000000", "sellingGeneralAndAdministrative": "6904000000", "researchAndDevelopment": "1640000000", "operatingExpenses": "9395000000", "investmentIncomeNet": "None", "netInterestIncome": "None", "interestIncome": "None", "interestExpense": "666000000", "nonInterestIncome": "None", "otherNonOperatingIncome": "-118000000", "depreciation": "None", "depreciationAndAmortization": "1306000000", "incomeBeforeTax": "3486000000", "incomeTaxExpense": "811000000", "interestAndDebtExpense": "None", "netIncomeFromContinuingOperations": "2675000000", "comprehensiveIncomeNetOfTax": "None", "ebit": "4972000000", "ebitda": "6278000000", "netIncome": "2675000000"}, {"fiscalDateEnding": "2014-04-30", "reportedCurrency": "USD", "grossProfit": "12672000000", "totalRevenue": "17005000000", "costOfRevenue": "4333000000", "costofGoodsAndServicesSold": "4333000000", "operatingIncome": "4084000000", "sellingGeneralAndAdministrative": "7324000000", "researchAndDevelopment": "1477000000", "operatingExpenses": "7854000000", "investmentIncomeNet": "None", "netInterestIncome": "None", "interestIncome": "None", "interestExpense": "379000000", "nonInterestIncome": "None", "otherNonOperatingIncome": "None", "depreciation": "None", "depreciationAndAmortization": "850000000", "incomeBeforeTax": "3705000000", "incomeTaxExpense": "640000000", "interestAndDebtExpense": "None", "netIncomeFromContinuingOperations": "3065000000", "comprehensiveIncomeNetOfTax": "None", "ebit": "4795000000", "ebitda": "5645000000", "netIncome": "3065000000"}, {"fiscalDateEnding": "2013-04-30", "reportedCurrency": "USD", "grossProfit": "12464000000", "totalRevenue": "16590000000", "costOfRevenue": "4126000000", "costofGoodsAndServicesSold": "4126000000", "operatingIncome": "4639000000", "sellingGeneralAndAdministrative": "7255000000", "researchAndDevelopment": "1557000000", "operatingExpenses": "7694000000", "investmentIncomeNet": "None", "netInterestIncome": "None", "interestIncome": "None", "interestExpense": "388000000", "nonInterestIncome": "None", "otherNonOperatingIncome": "None", "depreciation": "None", "depreciationAndAmortization": "819000000", "incomeBeforeTax": "4251000000", "incomeTaxExpense": "784000000", "interestAndDebtExpense": "None", "netIncomeFromContinuingOperations": "None", "comprehensiveIncomeNetOfTax": "None", "ebit": "4719000000", "ebitda": "5538000000", "netIncome": "3467000000"}, {"fiscalDateEnding": "2012-04-30", "reportedCurrency": "USD", "grossProfit": "12295000000", "totalRevenue": "16184000000", "costOfRevenue": "3889000000", "costofGoodsAndServicesSold": "3889000000", "operatingIncome": "4696000000", "sellingGeneralAndAdministrative": "7113000000", "researchAndDevelopment": "1490000000", "operatingExpenses": "7899000000", "investmentIncomeNet": "None", "netInterestIncome": "None", "interestIncome": "None", "interestExpense": "149000000", "nonInterestIncome": "None", "otherNonOperatingIncome": "None", "depreciation": "None", "depreciationAndAmortization": "862000000", "incomeBeforeTax": "4145000000", "incomeTaxExpense": "730000000", "interestAndDebtExpense": "None", "netIncomeFromContinuingOperations": "None", "comprehensiveIncomeNetOfTax": "None", "ebit": "4465000000", "ebitda": "5327000000", "netIncome": "3617000000"}, {"fiscalDateEnding": "2011-04-30", "reportedCurrency": "USD", "grossProfit": "12021000000", "totalRevenue": "15933000000", "costOfRevenue": "3912000000", "costofGoodsAndServicesSold": "3912000000", "operatingIncome": "4173000000", "sellingGeneralAndAdministrative": "7041000000", "researchAndDevelopment": "1508000000", "operatingExpenses": "7041000000", "investmentIncomeNet": "None", "netInterestIncome": "None", "interestIncome": "None", "interestExpense": "450000000", "nonInterestIncome": "None", "otherNonOperatingIncome": "None", "depreciation": "None", "depreciationAndAmortization": "804000000", "incomeBeforeTax": "3723000000", "incomeTaxExpense": "627000000", "interestAndDebtExpense": "None", "netIncomeFromContinuingOperations": "None", "comprehensiveIncomeNetOfTax": "None", "ebit": "4254000000", "ebitda": "5058000000", "netIncome": "3096000000"}, {"fiscalDateEnding": "2010-04-30", "reportedCurrency": "USD", "grossProfit": "12005000000", "totalRevenue": "15817000000", "costOfRevenue": "3812000000", "costofGoodsAndServicesSold": "3812000000", "operatingIncome": "4371000000", "sellingGeneralAndAdministrative": "6875000000", "researchAndDevelopment": "1483000000", "operatingExpenses": "7740000000", "investmentIncomeNet": "None", "netInterestIncome": "None", "interestIncome": "None", "interestExpense": "246000000", "nonInterestIncome": "None", "otherNonOperatingIncome": "None", "depreciation": "None", "depreciationAndAmortization": "772000000", "incomeBeforeTax": "3969000000", "incomeTaxExpense": "870000000", "interestAndDebtExpense": "None", "netIncomeFromContinuingOperations": "None", "comprehensiveIncomeNetOfTax": "None", "ebit": "4371000000", "ebitda": "5143000000", "netIncome": "3099000000"}, {"fiscalDateEnding": "2009-04-30", "reportedCurrency": "USD", "grossProfit": "11081000000", "totalRevenue": "14599000000", "costOfRevenue": "3518000000", "costofGoodsAndServicesSold": "3518000000", "operatingIncome": "2811000000", "sellingGeneralAndAdministrative": "6507000000", "researchAndDevelopment": "1355000000", "operatingExpenses": "6903000000", "investmentIncomeNet": "None", "netInterestIncome": "None", "interestIncome": "None", "interestExpense": "217000000", "nonInterestIncome": "None", "otherNonOperatingIncome": "None", "depreciation": "None", "depreciationAndAmortization": "699000000", "incomeBeforeTax": "2594000000", "incomeTaxExpense": "425000000", "interestAndDebtExpense": "None", "netIncomeFromContinuingOperations": "None", "comprehensiveIncomeNetOfTax": "None", "ebit": "2811000000", "ebitda": "3510000000", "netIncome": "2169000000"}, {"fiscalDateEnding": "2008-04-30", "reportedCurrency": "USD", "grossProfit": "10069000000", "totalRevenue": "13515000000", "costOfRevenue": "3446000000", "costofGoodsAndServicesSold": "3446000000", "operatingIncome": "2885000000", "sellingGeneralAndAdministrative": "5982000000", "researchAndDevelopment": "1275000000", "operatingExpenses": "5982000000", "investmentIncomeNet": "None", "netInterestIncome": "None", "interestIncome": "None", "interestExpense": "255000000", "nonInterestIncome": "None", "otherNonOperatingIncome": "None", "depreciation": "None", "depreciationAndAmortization": "637000000", "incomeBeforeTax": "2885000000", "incomeTaxExpense": "654000000", "interestAndDebtExpense": "None", "netIncomeFromContinuingOperations": "None", "comprehensiveIncomeNetOfTax": "None", "ebit": "2994000000", "ebitda": "3631000000", "netIncome": "2231000000"}, {"fiscalDateEnding": "2007-04-30", "reportedCurrency": "USD", "grossProfit": "9131000000", "totalRevenue": "12299000000", "costOfRevenue": "3168000000", "costofGoodsAndServicesSold": "3168000000", "operatingIncome": "3515000000", "sellingGeneralAndAdministrative": "5392000000", "researchAndDevelopment": "1239000000", "operatingExpenses": "5392000000", "investmentIncomeNet": "None", "netInterestIncome": "None", "interestIncome": "None", "interestExpense": "0", "nonInterestIncome": "None", "otherNonOperatingIncome": "None", "depreciation": "None", "depreciationAndAmortization": "583000000", "incomeBeforeTax": "3515000000", "incomeTaxExpense": "713000000", "interestAndDebtExpense": "None", "netIncomeFromContinuingOperations": "None", "comprehensiveIncomeNetOfTax": "None", "ebit": "3739000000", "ebitda": "4322000000", "netIncome": "2802000000"}, {"fiscalDateEnding": "2006-04-30", "reportedCurrency": "USD", "grossProfit": "8476700000", "totalRevenue": "11292000000", "costOfRevenue": "2815300000", "costofGoodsAndServicesSold": "2815300000", "operatingIncome": "3161300000", "sellingGeneralAndAdministrative": "4772300000", "researchAndDevelopment": "1112900000", "operatingExpenses": "4772300000", "investmentIncomeNet": "None", "netInterestIncome": "None", "interestIncome": "None", "interestExpense": "0", "nonInterestIncome": "None", "otherNonOperatingIncome": "None", "depreciation": "None", "depreciationAndAmortization": "543600000", "incomeBeforeTax": "3161300000", "incomeTaxExpense": "614600000", "interestAndDebtExpense": "None", "netIncomeFromContinuingOperations": "None", "comprehensiveIncomeNetOfTax": "None", "ebit": "3629200000", "ebitda": "4172800000", "netIncome": "2546700000"}, {"fiscalDateEnding": "2005-04-30", "reportedCurrency": "USD", "grossProfit": "7608200000", "totalRevenue": "10054600000", "costOfRevenue": "2446400000", "costofGoodsAndServicesSold": "2446400000", "operatingIncome": "2543500000", "sellingGeneralAndAdministrative": "4164900000", "researchAndDevelopment": "951300000", "operatingExpenses": "4164900000", "investmentIncomeNet": "None", "netInterestIncome": "None", "interestIncome": "None", "interestExpense": "0", "nonInterestIncome": "None", "otherNonOperatingIncome": "None", "depreciation": "None", "depreciationAndAmortization": "463300000", "incomeBeforeTax": "2543500000", "incomeTaxExpense": "739600000", "interestAndDebtExpense": "None", "netIncomeFromContinuingOperations": "None", "comprehensiveIncomeNetOfTax": "None", "ebit": "2598600000", "ebitda": "3061900000", "netIncome": "1803900000"}], "quarterlyReports": [{"fiscalDateEnding": "2025-01-31", "reportedCurrency": "USD", "grossProfit": "5513000000", "totalRevenue": "8292000000", "costOfRevenue": "2779000000", "costofGoodsAndServicesSold": "2779000000", "operatingIncome": "1646000000", "sellingGeneralAndAdministrative": "2717000000", "researchAndDevelopment": "675000000", "operatingExpenses": "3867000000", "investmentIncomeNet": "None", "netInterestIncome": "-179000000", "interestIncome": "None", "interestExpense": "179000000", "nonInterestIncome": "None", "otherNonOperatingIncome": "None", "depreciation": "None", "depreciationAndAmortization": "684000000", "incomeBeforeTax": "1540000000", "incomeTaxExpense": "237000000", "interestAndDebtExpense": "None", "netIncomeFromContinuingOperations": "1303000000", "comprehensiveIncomeNetOfTax": "None", "ebit": "1719000000", "ebitda": "2403000000", "netIncome": "1294000000"}, {"fiscalDateEnding": "2024-10-31", "reportedCurrency": "USD", "grossProfit": "5457000000", "totalRevenue": "8403000000", "costOfRevenue": "2946000000", "costofGoodsAndServicesSold": "2946000000", "operatingIncome": "1595000000", "sellingGeneralAndAdministrative": "2757000000", "researchAndDevelopment": "697000000", "operatingExpenses": "3862000000", "investmentIncomeNet": "None", "netInterestIncome": "-209000000", "interestIncome": "None", "interestExpense": "209000000", "nonInterestIncome": "None", "otherNonOperatingIncome": "None", "depreciation": "None", "depreciationAndAmortization": "675000000", "incomeBeforeTax": "1559000000", "incomeTaxExpense": "281000000", "interestAndDebtExpense": "None", "netIncomeFromContinuingOperations": "1278000000", "comprehensiveIncomeNetOfTax": "None", "ebit": "1768000000", "ebitda": "2443000000", "netIncome": "1270000000"}, {"fiscalDateEnding": "2024-07-31", "reportedCurrency": "USD", "grossProfit": "4712000000", "totalRevenue": "7915000000", "costOfRevenue": "3203000000", "costofGoodsAndServicesSold": "3203000000", "operatingIncome": "1278000000", "sellingGeneralAndAdministrative": "2655000000", "researchAndDevelopment": "676000000", "operatingExpenses": "3885000000", "investmentIncomeNet": "None", "netInterestIncome": "-167000000", "interestIncome": "None", "interestExpense": "167000000", "nonInterestIncome": "None", "otherNonOperatingIncome": "None", "depreciation": "None", "depreciationAndAmortization": "662000000", "incomeBeforeTax": "1268000000", "incomeTaxExpense": "220000000", "interestAndDebtExpense": "None", "netIncomeFromContinuingOperations": "1049000000", "comprehensiveIncomeNetOfTax": "None", "ebit": "1386000000", "ebitda": "2048000000", "netIncome": "1042000000"}, {"fiscalDateEnding": "2024-04-30", "reportedCurrency": "USD", "grossProfit": "5197000000", "totalRevenue": "8589000000", "costOfRevenue": "3392000000", "costofGoodsAndServicesSold": "3392000000", "operatingIncome": "1527000000", "sellingGeneralAndAdministrative": "2765000000", "researchAndDevelopment": "675000000", "operatingExpenses": "3670000000", "investmentIncomeNet": "None", "netInterestIncome": "-202000000", "interestIncome": "None", "interestExpense": "202000000", "nonInterestIncome": "None", "otherNonOperatingIncome": "None", "depreciation": "None", "depreciationAndAmortization": "654000000", "incomeBeforeTax": "856000000", "incomeTaxExpense": "196000000", "interestAndDebtExpense": "None", "netIncomeFromContinuingOperations": "660000000", "comprehensiveIncomeNetOfTax": "None", "ebit": "1844000000", "ebitda": "2498000000", "netIncome": "654000000"}, {"fiscalDateEnding": "2024-01-31", "reportedCurrency": "USD", "grossProfit": "5307000000", "totalRevenue": "8089000000", "costOfRevenue": "2782000000", "costofGoodsAndServicesSold": "2782000000", "operatingIncome": "1483000000", "sellingGeneralAndAdministrative": "2673000000", "researchAndDevelopment": "695000000", "operatingExpenses": "3368000000", "investmentIncomeNet": "None", "netInterestIncome": "-188000000", "interestIncome": "None", "interestExpense": "188000000", "nonInterestIncome": "None", "otherNonOperatingIncome": "None", "depreciation": "None", "depreciationAndAmortization": "649000000", "incomeBeforeTax": "1472000000", "incomeTaxExpense": "135000000", "interestAndDebtExpense": "None", "netIncomeFromContinuingOperations": "1337000000", "comprehensiveIncomeNetOfTax": "None", "ebit": "1551000000", "ebitda": "2200000000", "netIncome": "1322000000"}, {"fiscalDateEnding": "2023-10-31", "reportedCurrency": "USD", "grossProfit": "5223000000", "totalRevenue": "7984000000", "costOfRevenue": "2761000000", "costofGoodsAndServicesSold": "2761000000", "operatingIncome": "1340000000", "sellingGeneralAndAdministrative": "2686000000", "researchAndDevelopment": "698000000", "operatingExpenses": "3778000000", "investmentIncomeNet": "None", "netInterestIncome": "-180000000", "interestIncome": "None", "interestExpense": "180000000", "nonInterestIncome": "None", "otherNonOperatingIncome": "None", "depreciation": "None", "depreciationAndAmortization": "672000000", "incomeBeforeTax": "1313000000", "incomeTaxExpense": "402000000", "interestAndDebtExpense": "None", "netIncomeFromContinuingOperations": "911000000", "comprehensiveIncomeNetOfTax": "None", "ebit": "1538000000", "ebitda": "2210000000", "netIncome": "909000000"}, {"fiscalDateEnding": "2023-07-31", "reportedCurrency": "USD", "grossProfit": "5074000000", "totalRevenue": "7702000000", "costOfRevenue": "2628000000", "costofGoodsAndServicesSold": "2628000000", "operatingIncome": "1268000000", "sellingGeneralAndAdministrative": "2613000000", "researchAndDevelopment": "668000000", "operatingExpenses": "3711000000", "investmentIncomeNet": "None", "netInterestIncome": "-148000000", "interestIncome": "148000000", "interestExpense": "148000000", "nonInterestIncome": "None", "otherNonOperatingIncome": "None", "depreciation": "None", "depreciationAndAmortization": "672000000", "incomeBeforeTax": "1196000000", "incomeTaxExpense": "400000000", "interestAndDebtExpense": "None", "netIncomeFromContinuingOperations": "797000000", "comprehensiveIncomeNetOfTax": "None", "ebit": "1419000000", "ebitda": "2091000000", "netIncome": "791000000"}, {"fiscalDateEnding": "2023-04-30", "reportedCurrency": "USD", "grossProfit": "5564000000", "totalRevenue": "8544000000", "costOfRevenue": "2980000000", "costofGoodsAndServicesSold": "2980000000", "operatingIncome": "1565000000", "sellingGeneralAndAdministrative": "2616000000", "researchAndDevelopment": "640000000", "operatingExpenses": "3735000000", "investmentIncomeNet": "None", "netInterestIncome": "-187000000", "interestIncome": "36000000", "interestExpense": "187000000", "nonInterestIncome": "None", "otherNonOperatingIncome": "174000000", "depreciation": "None", "depreciationAndAmortization": "679000000", "incomeBeforeTax": "1551000000", "incomeTaxExpense": "362000000", "interestAndDebtExpense": "None", "netIncomeFromContinuingOperations": "1188000000", "comprehensiveIncomeNetOfTax": "None", "ebit": "1792000000", "ebitda": "2471000000", "netIncome": "1179000000"}, {"fiscalDateEnding": "2023-01-31", "reportedCurrency": "USD", "grossProfit": "5038000000", "totalRevenue": "7727000000", "costOfRevenue": "2689000000", "costofGoodsAndServicesSold": "2689000000", "operatingIncome": "1392000000", "sellingGeneralAndAdministrative": "2558000000", "researchAndDevelopment": "688000000", "operatingExpenses": "3646000000", "investmentIncomeNet": "None", "netInterestIncome": "-167000000", "interestIncome": "159000000", "interestExpense": "167000000", "nonInterestIncome": "None", "otherNonOperatingIncome": "149000000", "depreciation": "None", "depreciationAndAmortization": "679000000", "incomeBeforeTax": "1375000000", "incomeTaxExpense": "146000000", "interestAndDebtExpense": "None", "netIncomeFromContinuingOperations": "1229000000", "comprehensiveIncomeNetOfTax": "None", "ebit": "1542000000", "ebitda": "2221000000", "netIncome": "1222000000"}, {"fiscalDateEnding": "2022-10-31", "reportedCurrency": "USD", "grossProfit": "5050000000", "totalRevenue": "7585000000", "costOfRevenue": "2535000000", "costofGoodsAndServicesSold": "2535000000", "operatingIncome": "1404000000", "sellingGeneralAndAdministrative": "2617000000", "researchAndDevelopment": "676000000", "operatingExpenses": "3617000000", "investmentIncomeNet": "None", "netInterestIncome": "-118000000", "interestIncome": "118000000", "interestExpense": "118000000", "nonInterestIncome": "None", "otherNonOperatingIncome": "109000000", "depreciation": "None", "depreciationAndAmortization": "671000000", "incomeBeforeTax": "1395000000", "incomeTaxExpense": "959000000", "interestAndDebtExpense": "None", "netIncomeFromContinuingOperations": "435000000", "comprehensiveIncomeNetOfTax": "None", "ebit": "1397000000", "ebitda": "2068000000", "netIncome": "427000000"}, {"fiscalDateEnding": "2022-07-31", "reportedCurrency": "USD", "grossProfit": "4451000000", "totalRevenue": "7371000000", "costOfRevenue": "2920000000", "costofGoodsAndServicesSold": "2920000000", "operatingIncome": "1071000000", "sellingGeneralAndAdministrative": "2567000000", "researchAndDevelopment": "692000000", "operatingExpenses": "3380000000", "investmentIncomeNet": "None", "netInterestIncome": "-164000000", "interestIncome": "24000000", "interestExpense": "164000000", "nonInterestIncome": "None", "otherNonOperatingIncome": "83000000", "depreciation": "None", "depreciationAndAmortization": "668000000", "incomeBeforeTax": "1044000000", "incomeTaxExpense": "112000000", "interestAndDebtExpense": "None", "netIncomeFromContinuingOperations": "931000000", "comprehensiveIncomeNetOfTax": "None", "ebit": "1171000000", "ebitda": "1839000000", "netIncome": "929000000"}, {"fiscalDateEnding": "2022-04-30", "reportedCurrency": "USD", "grossProfit": "5089000000", "totalRevenue": "8089000000", "costOfRevenue": "3000000000", "costofGoodsAndServicesSold": "3000000000", "operatingIncome": "1711000000", "sellingGeneralAndAdministrative": "2569000000", "researchAndDevelopment": "652000000", "operatingExpenses": "3378000000", "investmentIncomeNet": "None", "netInterestIncome": "-143000000", "interestIncome": "167000000", "interestExpense": "143000000", "nonInterestIncome": "None", "otherNonOperatingIncome": "74000000", "depreciation": "None", "depreciationAndAmortization": "688000000", "incomeBeforeTax": "1602000000", "incomeTaxExpense": "110000000", "interestAndDebtExpense": "None", "netIncomeFromContinuingOperations": "1492000000", "comprehensiveIncomeNetOfTax": "None", "ebit": "1837000000", "ebitda": "2525000000", "netIncome": "1485000000"}, {"fiscalDateEnding": "2022-01-31", "reportedCurrency": "USD", "grossProfit": "5304000000", "totalRevenue": "7763000000", "costOfRevenue": "2459000000", "costofGoodsAndServicesSold": "2459000000", "operatingIncome": "1659000000", "sellingGeneralAndAdministrative": "2561000000", "researchAndDevelopment": "668000000", "operatingExpenses": "3598000000", "investmentIncomeNet": "None", "netInterestIncome": "-137000000", "interestIncome": "137000000", "interestExpense": "137000000", "nonInterestIncome": "None", "otherNonOperatingIncome": "67000000", "depreciation": "None", "depreciationAndAmortization": "672000000", "incomeBeforeTax": "1589000000", "incomeTaxExpense": "106000000", "interestAndDebtExpense": "None", "netIncomeFromContinuingOperations": "1483000000", "comprehensiveIncomeNetOfTax": "None", "ebit": "1641000000", "ebitda": "2313000000", "netIncome": "1480000000"}, {"fiscalDateEnding": "2021-10-31", "reportedCurrency": "USD", "grossProfit": "5350000000", "totalRevenue": "7847000000", "costOfRevenue": "2497000000", "costofGoodsAndServicesSold": "2497000000", "operatingIncome": "1563000000", "sellingGeneralAndAdministrative": "2615000000", "researchAndDevelopment": "676000000", "operatingExpenses": "3743000000", "investmentIncomeNet": "None", "netInterestIncome": "-136000000", "interestIncome": "136000000", "interestExpense": "136000000", "nonInterestIncome": "None", "otherNonOperatingIncome": "66000000", "depreciation": "None", "depreciationAndAmortization": "676000000", "incomeBeforeTax": "1493000000", "incomeTaxExpense": "176000000", "interestAndDebtExpense": "None", "netIncomeFromContinuingOperations": "1317000000", "comprehensiveIncomeNetOfTax": "None", "ebit": "1650000000", "ebitda": "2326000000", "netIncome": "1311000000"}, {"fiscalDateEnding": "2021-07-31", "reportedCurrency": "USD", "grossProfit": "5389000000", "totalRevenue": "7987000000", "costOfRevenue": "2598000000", "costofGoodsAndServicesSold": "2598000000", "operatingIncome": "859000000", "sellingGeneralAndAdministrative": "2547000000", "researchAndDevelopment": "750000000", "operatingExpenses": "4493000000", "investmentIncomeNet": "None", "netInterestIncome": "-137000000", "interestIncome": "137000000", "interestExpense": "137000000", "nonInterestIncome": "None", "otherNonOperatingIncome": "111000000", "depreciation": "None", "depreciationAndAmortization": "671000000", "incomeBeforeTax": "833000000", "incomeTaxExpense": "64000000", "interestAndDebtExpense": "None", "netIncomeFromContinuingOperations": "769000000", "comprehensiveIncomeNetOfTax": "None", "ebit": "1732000000", "ebitda": "2403000000", "netIncome": "763000000"}, {"fiscalDateEnding": "2021-04-30", "reportedCurrency": "USD", "grossProfit": "5536000000", "totalRevenue": "8188000000", "costOfRevenue": "2652000000", "costofGoodsAndServicesSold": "2652000000", "operatingIncome": "1607000000", "sellingGeneralAndAdministrative": "2594000000", "researchAndDevelopment": "632000000", "operatingExpenses": "3870000000", "investmentIncomeNet": "None", "netInterestIncome": "-142000000", "interestIncome": "142000000", "interestExpense": "142000000", "nonInterestIncome": "None", "otherNonOperatingIncome": "103000000", "depreciation": "None", "depreciationAndAmortization": "684000000", "incomeBeforeTax": "1567000000", "incomeTaxExpense": "200000000", "interestAndDebtExpense": "None", "netIncomeFromContinuingOperations": "1367000000", "comprehensiveIncomeNetOfTax": "None", "ebit": "1885000000", "ebitda": "2569000000", "netIncome": "1361000000"}, {"fiscalDateEnding": "2021-01-31", "reportedCurrency": "USD", "grossProfit": "5154000000", "totalRevenue": "7775000000", "costOfRevenue": "2621000000", "costofGoodsAndServicesSold": "2621000000", "operatingIncome": "1277000000", "sellingGeneralAndAdministrative": "2537000000", "researchAndDevelopment": "601000000", "operatingExpenses": "3673000000", "investmentIncomeNet": "None", "netInterestIncome": "-143000000", "interestIncome": "143000000", "interestExpense": "143000000", "nonInterestIncome": "None", "otherNonOperatingIncome": "86000000", "depreciation": "None", "depreciationAndAmortization": "678000000", "incomeBeforeTax": "1220000000", "incomeTaxExpense": "-59000000", "interestAndDebtExpense": "None", "netIncomeFromContinuingOperations": "1279000000", "comprehensiveIncomeNetOfTax": "None", "ebit": "1629000000", "ebitda": "2307000000", "netIncome": "1270000000"}, {"fiscalDateEnding": "2020-10-31", "reportedCurrency": "USD", "grossProfit": "4942000000", "totalRevenue": "7647000000", "costOfRevenue": "2705000000", "costofGoodsAndServicesSold": "2705000000", "operatingIncome": "930000000", "sellingGeneralAndAdministrative": "2600000000", "researchAndDevelopment": "639000000", "operatingExpenses": "3831000000", "investmentIncomeNet": "None", "netInterestIncome": "-470000000", "interestIncome": "116000000", "interestExpense": "470000000", "nonInterestIncome": "None", "otherNonOperatingIncome": "65000000", "depreciation": "None", "depreciationAndAmortization": "671000000", "incomeBeforeTax": "525000000", "incomeTaxExpense": "31000000", "interestAndDebtExpense": "None", "netIncomeFromContinuingOperations": "494000000", "comprehensiveIncomeNetOfTax": "None", "ebit": "1174000000", "ebitda": "1845000000", "netIncome": "489000000"}, {"fiscalDateEnding": "2020-07-31", "reportedCurrency": "USD", "grossProfit": "4002000000", "totalRevenue": "6507000000", "costOfRevenue": "2505000000", "costofGoodsAndServicesSold": "2505000000", "operatingIncome": "673000000", "sellingGeneralAndAdministrative": "2370000000", "researchAndDevelopment": "621000000", "operatingExpenses": "3364000000", "investmentIncomeNet": "None", "netInterestIncome": "-171000000", "interestIncome": "119000000", "interestExpense": "171000000", "nonInterestIncome": "None", "otherNonOperatingIncome": "82000000", "depreciation": "None", "depreciationAndAmortization": "669000000", "incomeBeforeTax": "584000000", "incomeTaxExpense": "93000000", "interestAndDebtExpense": "None", "netIncomeFromContinuingOperations": "491000000", "comprehensiveIncomeNetOfTax": "None", "ebit": "673000000", "ebitda": "1342000000", "netIncome": "487000000"}, {"fiscalDateEnding": "2020-04-30", "reportedCurrency": "USD", "grossProfit": "3734000000", "totalRevenue": "5998000000", "costOfRevenue": "2264000000", "costofGoodsAndServicesSold": "2264000000", "operatingIncome": "317000000", "sellingGeneralAndAdministrative": "2310000000", "researchAndDevelopment": "567000000", "operatingExpenses": "3349000000", "investmentIncomeNet": "None", "netInterestIncome": "-162000000", "interestIncome": "100000000", "interestExpense": "162000000", "nonInterestIncome": "None", "otherNonOperatingIncome": "51000000", "depreciation": "None", "depreciationAndAmortization": "672000000", "incomeBeforeTax": "206000000", "incomeTaxExpense": "-434000000", "interestAndDebtExpense": "None", "netIncomeFromContinuingOperations": "639000000", "comprehensiveIncomeNetOfTax": "None", "ebit": "337000000", "ebitda": "1009000000", "netIncome": "646000000"}, {"fiscalDateEnding": "2020-01-31", "reportedCurrency": "USD", "grossProfit": "5317000000", "totalRevenue": "7717000000", "costOfRevenue": "2400000000", "costofGoodsAndServicesSold": "2400000000", "operatingIncome": "1639000000", "sellingGeneralAndAdministrative": "2525000000", "researchAndDevelopment": "573000000", "operatingExpenses": "3557000000", "investmentIncomeNet": "None", "netInterestIncome": "-156000000", "interestIncome": "79000000", "interestExpense": "156000000", "nonInterestIncome": "None", "otherNonOperatingIncome": "96000000", "depreciation": "None", "depreciationAndAmortization": "663000000", "incomeBeforeTax": "1579000000", "incomeTaxExpense": "-340000000", "interestAndDebtExpense": "None", "netIncomeFromContinuingOperations": "1919000000", "comprehensiveIncomeNetOfTax": "None", "ebit": "1780000000", "ebitda": "2443000000", "netIncome": "1915000000"}, {"fiscalDateEnding": "2019-10-31", "reportedCurrency": "USD", "grossProfit": "5312000000", "totalRevenue": "7706000000", "costOfRevenue": "2394000000", "costofGoodsAndServicesSold": "2394000000", "operatingIncome": "1351000000", "sellingGeneralAndAdministrative": "2558000000", "researchAndDevelopment": "603000000", "operatingExpenses": "3813000000", "investmentIncomeNet": "None", "netInterestIncome": "-165000000", "interestIncome": "165000000", "interestExpense": "165000000", "nonInterestIncome": "None", "otherNonOperatingIncome": "108000000", "depreciation": "None", "depreciationAndAmortization": "671000000", "incomeBeforeTax": "1294000000", "incomeTaxExpense": "-77000000", "interestAndDebtExpense": "None", "netIncomeFromContinuingOperations": "1371000000", "comprehensiveIncomeNetOfTax": "None", "ebit": "1540000000", "ebitda": "2211000000", "netIncome": "1364000000"}, {"fiscalDateEnding": "2019-07-31", "reportedCurrency": "USD", "grossProfit": "5127000000", "totalRevenue": "7493000000", "costOfRevenue": "2366000000", "costofGoodsAndServicesSold": "2366000000", "operatingIncome": "1485000000", "sellingGeneralAndAdministrative": "2482000000", "researchAndDevelopment": "587000000", "operatingExpenses": "3548000000", "investmentIncomeNet": "None", "netInterestIncome": "-609000000", "interestIncome": "196000000", "interestExpense": "609000000", "nonInterestIncome": "None", "otherNonOperatingIncome": "101000000", "depreciation": "None", "depreciationAndAmortization": "657000000", "incomeBeforeTax": "977000000", "incomeTaxExpense": "100000000", "interestAndDebtExpense": "None", "netIncomeFromContinuingOperations": "877000000", "comprehensiveIncomeNetOfTax": "None", "ebit": "1616000000", "ebitda": "2273000000", "netIncome": "864000000"}, {"fiscalDateEnding": "2019-04-30", "reportedCurrency": "USD", "grossProfit": "5663000000", "totalRevenue": "8146000000", "costOfRevenue": "2483000000", "costofGoodsAndServicesSold": "2483000000", "operatingIncome": "1946000000", "sellingGeneralAndAdministrative": "2640000000", "researchAndDevelopment": "594000000", "operatingExpenses": "3631000000", "investmentIncomeNet": "None", "netInterestIncome": "-718000000", "interestIncome": "None", "interestExpense": "718000000", "nonInterestIncome": "None", "otherNonOperatingIncome": "64000000", "depreciation": "None", "depreciationAndAmortization": "667000000", "incomeBeforeTax": "1292000000", "incomeTaxExpense": "110000000", "interestAndDebtExpense": "None", "netIncomeFromContinuingOperations": "1182000000", "comprehensiveIncomeNetOfTax": "None", "ebit": "2114000000", "ebitda": "2781000000", "netIncome": "1172000000"}, {"fiscalDateEnding": "2019-01-31", "reportedCurrency": "USD", "grossProfit": "5281000000", "totalRevenue": "7546000000", "costOfRevenue": "2265000000", "costofGoodsAndServicesSold": "2265000000", "operatingIncome": "1542000000", "sellingGeneralAndAdministrative": "2500000000", "researchAndDevelopment": "561000000", "operatingExpenses": "3650000000", "investmentIncomeNet": "None", "netInterestIncome": "None", "interestIncome": "None", "interestExpense": "243000000", "nonInterestIncome": "None", "otherNonOperatingIncome": "71000000", "depreciation": "None", "depreciationAndAmortization": "675000000", "incomeBeforeTax": "1370000000", "incomeTaxExpense": "99000000", "interestAndDebtExpense": "None", "netIncomeFromContinuingOperations": "1271000000", "comprehensiveIncomeNetOfTax": "None", "ebit": "1695000000", "ebitda": "2370000000", "netIncome": "1269000000"}, {"fiscalDateEnding": "2018-10-31", "reportedCurrency": "USD", "grossProfit": "5278000000", "totalRevenue": "7481000000", "costOfRevenue": "2203000000", "costofGoodsAndServicesSold": "2203000000", "operatingIncome": "1544000000", "sellingGeneralAndAdministrative": "2554000000", "researchAndDevelopment": "590000000", "operatingExpenses": "3710000000", "investmentIncomeNet": "None", "netInterestIncome": "None", "interestIncome": "None", "interestExpense": "241000000", "nonInterestIncome": "None", "otherNonOperatingIncome": "52000000", "depreciation": "None", "depreciationAndAmortization": "651000000", "incomeBeforeTax": "1355000000", "incomeTaxExpense": "235000000", "interestAndDebtExpense": "None", "netIncomeFromContinuingOperations": "1120000000", "comprehensiveIncomeNetOfTax": "None", "ebit": "1545000000", "ebitda": "2196000000", "netIncome": "1115000000"}, {"fiscalDateEnding": "2018-07-31", "reportedCurrency": "USD", "grossProfit": "5180000000", "totalRevenue": "7384000000", "costOfRevenue": "2204000000", "costofGoodsAndServicesSold": "2204000000", "operatingIncome": "1236000000", "sellingGeneralAndAdministrative": "2538000000", "researchAndDevelopment": "585000000", "operatingExpenses": "3779000000", "investmentIncomeNet": "None", "netInterestIncome": "None", "interestIncome": "None", "interestExpense": "242000000", "nonInterestIncome": "None", "otherNonOperatingIncome": "186000000", "depreciation": "None", "depreciationAndAmortization": "666000000", "incomeBeforeTax": "1180000000", "incomeTaxExpense": "103000000", "interestAndDebtExpense": "None", "netIncomeFromContinuingOperations": "1077000000", "comprehensiveIncomeNetOfTax": "None", "ebit": "1417000000", "ebitda": "2083000000", "netIncome": "1075000000"}, {"fiscalDateEnding": "2018-04-30", "reportedCurrency": "USD", "grossProfit": "5749000000", "totalRevenue": "8144000000", "costOfRevenue": "2395000000", "costofGoodsAndServicesSold": "2395000000", "operatingIncome": "1935000000", "sellingGeneralAndAdministrative": "2533000000", "researchAndDevelopment": "592000000", "operatingExpenses": "3780000000", "investmentIncomeNet": "None", "netInterestIncome": "None", "interestIncome": "None", "interestExpense": "317000000", "nonInterestIncome": "None", "otherNonOperatingIncome": "-188000000", "depreciation": "None", "depreciationAndAmortization": "664000000", "incomeBeforeTax": "1725000000", "incomeTaxExpense": "260000000", "interestAndDebtExpense": "None", "netIncomeFromContinuingOperations": "1465000000", "comprehensiveIncomeNetOfTax": "None", "ebit": "2164000000", "ebitda": "2828000000", "netIncome": "1460000000"}, {"fiscalDateEnding": "2018-01-31", "reportedCurrency": "USD", "grossProfit": "5178000000", "totalRevenue": "7369000000", "costOfRevenue": "2191000000", "costofGoodsAndServicesSold": "2191000000", "operatingIncome": "1426000000", "sellingGeneralAndAdministrative": "2496000000", "researchAndDevelopment": "558000000", "operatingExpenses": "3658000000", "investmentIncomeNet": "None", "netInterestIncome": "None", "interestIncome": "None", "interestExpense": "270000000", "nonInterestIncome": "None", "otherNonOperatingIncome": "-140000000", "depreciation": "None", "depreciationAndAmortization": "666000000", "incomeBeforeTax": "1027000000", "incomeTaxExpense": "2419000000", "interestAndDebtExpense": "None", "netIncomeFromContinuingOperations": "-1392000000", "comprehensiveIncomeNetOfTax": "None", "ebit": "1780000000", "ebitda": "2446000000", "netIncome": "-1389000000"}, {"fiscalDateEnding": "2017-10-31", "reportedCurrency": "USD", "grossProfit": "4930000000", "totalRevenue": "7050000000", "costOfRevenue": "2120000000", "costofGoodsAndServicesSold": "2120000000", "operatingIncome": "1901000000", "sellingGeneralAndAdministrative": "2438000000", "researchAndDevelopment": "555000000", "operatingExpenses": "3564000000", "investmentIncomeNet": "None", "netInterestIncome": "None", "interestIncome": "None", "interestExpense": "273000000", "nonInterestIncome": "None", "otherNonOperatingIncome": "-111000000", "depreciation": "None", "depreciationAndAmortization": "678000000", "incomeBeforeTax": "1728000000", "incomeTaxExpense": "-285000000", "interestAndDebtExpense": "None", "netIncomeFromContinuingOperations": "2013000000", "comprehensiveIncomeNetOfTax": "None", "ebit": "1295000000", "ebitda": "1973000000", "netIncome": "2017000000"}, {"fiscalDateEnding": "2017-07-31", "reportedCurrency": "USD", "grossProfit": "5041000000", "totalRevenue": "7390000000", "costOfRevenue": "2349000000", "costofGoodsAndServicesSold": "2349000000", "operatingIncome": "1389000000", "sellingGeneralAndAdministrative": "2487000000", "researchAndDevelopment": "548000000", "operatingExpenses": "3553000000", "investmentIncomeNet": "None", "netInterestIncome": "None", "interestIncome": "None", "interestExpense": "286000000", "nonInterestIncome": "None", "otherNonOperatingIncome": "-66000000", "depreciation": "None", "depreciationAndAmortization": "636000000", "incomeBeforeTax": "1195000000", "incomeTaxExpense": "186000000", "interestAndDebtExpense": "None", "netIncomeFromContinuingOperations": "1009000000", "comprehensiveIncomeNetOfTax": "None", "ebit": "1453000000", "ebitda": "2089000000", "netIncome": "1016000000"}, {"fiscalDateEnding": "2017-04-30", "reportedCurrency": "USD", "grossProfit": "5480000000", "totalRevenue": "7916000000", "costOfRevenue": "2436000000", "costofGoodsAndServicesSold": "2436000000", "operatingIncome": "1631000000", "sellingGeneralAndAdministrative": "2786000000", "researchAndDevelopment": "553000000", "operatingExpenses": "3576000000", "investmentIncomeNet": "None", "netInterestIncome": "None", "interestIncome": "None", "interestExpense": "290000000", "nonInterestIncome": "None", "otherNonOperatingIncome": "-48000000", "depreciation": "None", "depreciationAndAmortization": "718000000", "incomeBeforeTax": "1435000000", "incomeTaxExpense": "271000000", "interestAndDebtExpense": "None", "netIncomeFromContinuingOperations": "1164000000", "comprehensiveIncomeNetOfTax": "None", "ebit": "1781000000", "ebitda": "2499000000", "netIncome": "1163000000"}, {"fiscalDateEnding": "2017-01-31", "reportedCurrency": "USD", "grossProfit": "5015000000", "totalRevenue": "7283000000", "costOfRevenue": "2268000000", "costofGoodsAndServicesSold": "2268000000", "operatingIncome": "1147000000", "sellingGeneralAndAdministrative": "2388000000", "researchAndDevelopment": "530000000", "operatingExpenses": "3461000000", "investmentIncomeNet": "None", "netInterestIncome": "None", "interestIncome": "None", "interestExpense": "268000000", "nonInterestIncome": "None", "otherNonOperatingIncome": "-46000000", "depreciation": "None", "depreciationAndAmortization": "730000000", "incomeBeforeTax": "967000000", "incomeTaxExpense": "147000000", "interestAndDebtExpense": "None", "netIncomeFromContinuingOperations": "820000000", "comprehensiveIncomeNetOfTax": "None", "ebit": "1426000000", "ebitda": "2156000000", "netIncome": "821000000"}, {"fiscalDateEnding": "2016-10-31", "reportedCurrency": "USD", "grossProfit": "5019000000", "totalRevenue": "7345000000", "costOfRevenue": "2326000000", "costofGoodsAndServicesSold": "2326000000", "operatingIncome": "1385000000", "sellingGeneralAndAdministrative": "2416000000", "researchAndDevelopment": "554000000", "operatingExpenses": "3559000000", "investmentIncomeNet": "None", "netInterestIncome": "None", "interestIncome": "None", "interestExpense": "264000000", "nonInterestIncome": "None", "otherNonOperatingIncome": "-89000000", "depreciation": "None", "depreciationAndAmortization": "732000000", "incomeBeforeTax": "1212000000", "incomeTaxExpense": "101000000", "interestAndDebtExpense": "None", "netIncomeFromContinuingOperations": "1111000000", "comprehensiveIncomeNetOfTax": "None", "ebit": "1512000000", "ebitda": "2244000000", "netIncome": "1115000000"}, {"fiscalDateEnding": "2016-07-31", "reportedCurrency": "USD", "grossProfit": "4905000000", "totalRevenue": "7166000000", "costOfRevenue": "2261000000", "costofGoodsAndServicesSold": "2261000000", "operatingIncome": "1167000000", "sellingGeneralAndAdministrative": "2428000000", "researchAndDevelopment": "556000000", "operatingExpenses": "3510000000", "investmentIncomeNet": "None", "netInterestIncome": "None", "interestIncome": "None", "interestExpense": "272000000", "nonInterestIncome": "None", "otherNonOperatingIncome": "-39000000", "depreciation": "None", "depreciationAndAmortization": "737000000", "incomeBeforeTax": "988000000", "incomeTaxExpense": "59000000", "interestAndDebtExpense": "None", "netIncomeFromContinuingOperations": "929000000", "comprehensiveIncomeNetOfTax": "None", "ebit": "1397000000", "ebitda": "2134000000", "netIncome": "929000000"}, {"fiscalDateEnding": "2016-04-30", "reportedCurrency": "USD", "grossProfit": "5204000000", "totalRevenue": "7567000000", "costOfRevenue": "2363000000", "costofGoodsAndServicesSold": "2363000000", "operatingIncome": "1506000000", "sellingGeneralAndAdministrative": "2360000000", "researchAndDevelopment": "575000000", "operatingExpenses": "3397000000", "investmentIncomeNet": "None", "netInterestIncome": "None", "interestIncome": "None", "interestExpense": "481000000", "nonInterestIncome": "None", "otherNonOperatingIncome": "20000000", "depreciation": "None", "depreciationAndAmortization": "708000000", "incomeBeforeTax": "1135000000", "incomeTaxExpense": "31000000", "interestAndDebtExpense": "None", "netIncomeFromContinuingOperations": "1103000000", "comprehensiveIncomeNetOfTax": "None", "ebit": "1849000000", "ebitda": "2557000000", "netIncome": "1104000000"}, {"fiscalDateEnding": "2016-01-31", "reportedCurrency": "USD", "grossProfit": "4793000000", "totalRevenue": "6934000000", "costOfRevenue": "2141000000", "costofGoodsAndServicesSold": "2141000000", "operatingIncome": "1355000000", "sellingGeneralAndAdministrative": "2317000000", "researchAndDevelopment": "546000000", "operatingExpenses": "3356000000", "investmentIncomeNet": "None", "netInterestIncome": "None", "interestIncome": "None", "interestExpense": "275000000", "nonInterestIncome": "None", "otherNonOperatingIncome": "-9000000", "depreciation": "None", "depreciationAndAmortization": "715000000", "incomeBeforeTax": "1179000000", "incomeTaxExpense": "84000000", "interestAndDebtExpense": "None", "netIncomeFromContinuingOperations": "1095000000", "comprehensiveIncomeNetOfTax": "None", "ebit": "1305000000", "ebitda": "2020000000", "netIncome": "1095000000"}, {"fiscalDateEnding": "2015-10-31", "reportedCurrency": "USD", "grossProfit": "4876000000", "totalRevenue": "7058000000", "costOfRevenue": "2182000000", "costofGoodsAndServicesSold": "2182000000", "operatingIncome": "1300000000", "sellingGeneralAndAdministrative": "2343000000", "researchAndDevelopment": "545000000", "operatingExpenses": "3428000000", "investmentIncomeNet": "None", "netInterestIncome": "None", "interestIncome": "None", "interestExpense": "324000000", "nonInterestIncome": "None", "otherNonOperatingIncome": "-57000000", "depreciation": "None", "depreciationAndAmortization": "696000000", "incomeBeforeTax": "1083000000", "incomeTaxExpense": "563000000", "interestAndDebtExpense": "None", "netIncomeFromContinuingOperations": "520000000", "comprehensiveIncomeNetOfTax": "None", "ebit": "1362000000", "ebitda": "2058000000", "netIncome": "520000000"}, {"fiscalDateEnding": "2015-07-31", "reportedCurrency": "USD", "grossProfit": "4818000000", "totalRevenue": "7274000000", "costOfRevenue": "2456000000", "costofGoodsAndServicesSold": "2456000000", "operatingIncome": "1131000000", "sellingGeneralAndAdministrative": "2449000000", "researchAndDevelopment": "558000000", "operatingExpenses": "3549000000", "investmentIncomeNet": "None", "netInterestIncome": "None", "interestIncome": "None", "interestExpense": "306000000", "nonInterestIncome": "None", "otherNonOperatingIncome": "-61000000", "depreciation": "None", "depreciationAndAmortization": "701000000", "incomeBeforeTax": "940000000", "incomeTaxExpense": "120000000", "interestAndDebtExpense": "None", "netIncomeFromContinuingOperations": "820000000", "comprehensiveIncomeNetOfTax": "None", "ebit": "1412000000", "ebitda": "2113000000", "netIncome": "820000000"}, {"fiscalDateEnding": "2015-04-30", "reportedCurrency": "USD", "grossProfit": "4370000000", "totalRevenue": "7304000000", "costOfRevenue": "2934000000", "costofGoodsAndServicesSold": "2934000000", "operatingIncome": "373000000", "sellingGeneralAndAdministrative": "2404000000", "researchAndDevelopment": "528000000", "operatingExpenses": "3380000000", "investmentIncomeNet": "None", "netInterestIncome": "None", "interestIncome": "None", "interestExpense": "299000000", "nonInterestIncome": "None", "otherNonOperatingIncome": "None", "depreciation": "None", "depreciationAndAmortization": "468000000", "incomeBeforeTax": "187000000", "incomeTaxExpense": "188000000", "interestAndDebtExpense": "None", "netIncomeFromContinuingOperations": "2675000000", "comprehensiveIncomeNetOfTax": "None", "ebit": "-611000000", "ebitda": "-143000000", "netIncome": "-1000000"}, {"fiscalDateEnding": "2015-01-31", "reportedCurrency": "USD", "grossProfit": "3190000000", "totalRevenue": "4318000000", "costOfRevenue": "1128000000", "costofGoodsAndServicesSold": "1128000000", "operatingIncome": "1370000000", "sellingGeneralAndAdministrative": "37075000", "researchAndDevelopment": "373000000", "operatingExpenses": "1973000000", "investmentIncomeNet": "None", "netInterestIncome": "None", "interestIncome": "None", "interestExpense": "176000000", "nonInterestIncome": "None", "otherNonOperatingIncome": "None", "depreciation": "None", "depreciationAndAmortization": "206000000", "incomeBeforeTax": "1194000000", "incomeTaxExpense": "217000000", "interestAndDebtExpense": "None", "netIncomeFromContinuingOperations": "-37075000", "comprehensiveIncomeNetOfTax": "None", "ebit": "1164000000", "ebitda": "1370000000", "netIncome": "977000000"}, {"fiscalDateEnding": "2014-10-31", "reportedCurrency": "USD", "grossProfit": "3224000000", "totalRevenue": "4366000000", "costOfRevenue": "1142000000", "costofGoodsAndServicesSold": "1142000000", "operatingIncome": "1116000000", "sellingGeneralAndAdministrative": "1881000000", "researchAndDevelopment": "374000000", "operatingExpenses": "2033000000", "investmentIncomeNet": "None", "netInterestIncome": "None", "interestIncome": "None", "interestExpense": "94000000", "nonInterestIncome": "None", "otherNonOperatingIncome": "None", "depreciation": "None", "depreciationAndAmortization": "208000000", "incomeBeforeTax": "1022000000", "incomeTaxExpense": "194000000", "interestAndDebtExpense": "None", "netIncomeFromContinuingOperations": "0", "comprehensiveIncomeNetOfTax": "None", "ebit": "1199000000", "ebitda": "1407000000", "netIncome": "828000000"}, {"fiscalDateEnding": "2014-07-31", "reportedCurrency": "USD", "grossProfit": "3168000000", "totalRevenue": "4273000000", "costOfRevenue": "1105000000", "costofGoodsAndServicesSold": "1105000000", "operatingIncome": "1180000000", "sellingGeneralAndAdministrative": "1871000000", "researchAndDevelopment": "365000000", "operatingExpenses": "2009000000", "investmentIncomeNet": "None", "netInterestIncome": "None", "interestIncome": "None", "interestExpense": "97000000", "nonInterestIncome": "None", "otherNonOperatingIncome": "None", "depreciation": "None", "depreciationAndAmortization": "215000000", "incomeBeforeTax": "1083000000", "incomeTaxExpense": "212000000", "interestAndDebtExpense": "None", "netIncomeFromContinuingOperations": "0", "comprehensiveIncomeNetOfTax": "None", "ebit": "1189000000", "ebitda": "1404000000", "netIncome": "871000000"}, {"fiscalDateEnding": "2014-04-30", "reportedCurrency": "USD", "grossProfit": "3395000000", "totalRevenue": "4566000000", "costOfRevenue": "1171000000", "costofGoodsAndServicesSold": "1171000000", "operatingIncome": "584000000", "sellingGeneralAndAdministrative": "1924000000", "researchAndDevelopment": "385000000", "operatingExpenses": "2070000000", "investmentIncomeNet": "None", "netInterestIncome": "None", "interestIncome": "None", "interestExpense": "103000000", "nonInterestIncome": "None", "otherNonOperatingIncome": "None", "depreciation": "None", "depreciationAndAmortization": "215000000", "incomeBeforeTax": "481000000", "incomeTaxExpense": "33000000", "interestAndDebtExpense": "None", "netIncomeFromContinuingOperations": "3065000000", "comprehensiveIncomeNetOfTax": "None", "ebit": "1395000000", "ebitda": "1610000000", "netIncome": "448000000"}, {"fiscalDateEnding": "2014-01-31", "reportedCurrency": "USD", "grossProfit": "3113000000", "totalRevenue": "4163000000", "costOfRevenue": "1050000000", "costofGoodsAndServicesSold": "1050000000", "operatingIncome": "1047000000", "sellingGeneralAndAdministrative": "1814000000", "researchAndDevelopment": "360000000", "operatingExpenses": "1948000000", "investmentIncomeNet": "None", "netInterestIncome": "None", "interestIncome": "None", "interestExpense": "92000000", "nonInterestIncome": "None", "otherNonOperatingIncome": "None", "depreciation": "None", "depreciationAndAmortization": "214000000", "incomeBeforeTax": "955000000", "incomeTaxExpense": "193000000", "interestAndDebtExpense": "None", "netIncomeFromContinuingOperations": "0", "comprehensiveIncomeNetOfTax": "None", "ebit": "1160000000", "ebitda": "1374000000", "netIncome": "762000000"}, {"fiscalDateEnding": "2013-10-31", "reportedCurrency": "USD", "grossProfit": "3104000000", "totalRevenue": "4194000000", "costOfRevenue": "1090000000", "costofGoodsAndServicesSold": "1090000000", "operatingIncome": "1211000000", "sellingGeneralAndAdministrative": "1810000000", "researchAndDevelopment": "372000000", "operatingExpenses": "1931000000", "investmentIncomeNet": "None", "netInterestIncome": "None", "interestIncome": "None", "interestExpense": "95000000", "nonInterestIncome": "None", "otherNonOperatingIncome": "None", "depreciation": "None", "depreciationAndAmortization": "213000000", "incomeBeforeTax": "1116000000", "incomeTaxExpense": "214000000", "interestAndDebtExpense": "None", "netIncomeFromContinuingOperations": "0", "comprehensiveIncomeNetOfTax": "None", "ebit": "1158000000", "ebitda": "1371000000", "netIncome": "902000000"}, {"fiscalDateEnding": "2013-07-31", "reportedCurrency": "USD", "grossProfit": "3061000000", "totalRevenue": "4083000000", "costOfRevenue": "1022000000", "costofGoodsAndServicesSold": "1022000000", "operatingIncome": "1243000000", "sellingGeneralAndAdministrative": "1776000000", "researchAndDevelopment": "360000000", "operatingExpenses": "1906000000", "investmentIncomeNet": "None", "netInterestIncome": "None", "interestIncome": "None", "interestExpense": "90000000", "nonInterestIncome": "None", "otherNonOperatingIncome": "None", "depreciation": "None", "depreciationAndAmortization": "208000000", "incomeBeforeTax": "1153000000", "incomeTaxExpense": "200000000", "interestAndDebtExpense": "None", "netIncomeFromContinuingOperations": "0", "comprehensiveIncomeNetOfTax": "None", "ebit": "1117000000", "ebitda": "1325000000", "netIncome": "953000000"}, {"fiscalDateEnding": "2013-04-30", "reportedCurrency": "USD", "grossProfit": "3325000000", "totalRevenue": "4459000000", "costOfRevenue": "1134000000", "costofGoodsAndServicesSold": "1134000000", "operatingIncome": "1260000000", "sellingGeneralAndAdministrative": "1884000000", "researchAndDevelopment": "409000000", "operatingExpenses": "1956000000", "investmentIncomeNet": "None", "netInterestIncome": "None", "interestIncome": "None", "interestExpense": "106000000", "nonInterestIncome": "None", "otherNonOperatingIncome": "None", "depreciation": "None", "depreciationAndAmortization": "209000000", "incomeBeforeTax": "1154000000", "incomeTaxExpense": "185000000", "interestAndDebtExpense": "None", "netIncomeFromContinuingOperations": "0", "comprehensiveIncomeNetOfTax": "None", "ebit": "1536000000", "ebitda": "1745000000", "netIncome": "969000000"}, {"fiscalDateEnding": "2013-01-31", "reportedCurrency": "USD", "grossProfit": "3028000000", "totalRevenue": "4027000000", "costOfRevenue": "999000000", "costofGoodsAndServicesSold": "999000000", "operatingIncome": "1253000000", "sellingGeneralAndAdministrative": "1777000000", "researchAndDevelopment": "376000000", "operatingExpenses": "1882000000", "investmentIncomeNet": "None", "netInterestIncome": "None", "interestIncome": "None", "interestExpense": "98000000", "nonInterestIncome": "None", "otherNonOperatingIncome": "None", "depreciation": "None", "depreciationAndAmortization": "214000000", "incomeBeforeTax": "1155000000", "incomeTaxExpense": "167000000", "interestAndDebtExpense": "None", "netIncomeFromContinuingOperations": "0", "comprehensiveIncomeNetOfTax": "None", "ebit": "1091000000", "ebitda": "1305000000", "netIncome": "988000000"}, {"fiscalDateEnding": "2012-10-31", "reportedCurrency": "USD", "grossProfit": "3075000000", "totalRevenue": "4095000000", "costOfRevenue": "1020000000", "costofGoodsAndServicesSold": "1020000000", "operatingIncome": "949000000", "sellingGeneralAndAdministrative": "1804000000", "researchAndDevelopment": "387000000", "operatingExpenses": "1952000000", "investmentIncomeNet": "None", "netInterestIncome": "None", "interestIncome": "None", "interestExpense": "24000000", "nonInterestIncome": "None", "otherNonOperatingIncome": "None", "depreciation": "None", "depreciationAndAmortization": "199000000", "incomeBeforeTax": "854000000", "incomeTaxExpense": "208000000", "interestAndDebtExpense": "None", "netIncomeFromContinuingOperations": "0", "comprehensiveIncomeNetOfTax": "None", "ebit": "1123000000", "ebitda": "1322000000", "netIncome": "646000000"}, {"fiscalDateEnding": "2012-07-31", "reportedCurrency": "USD", "grossProfit": "3035000000", "totalRevenue": "4008000000", "costOfRevenue": "973000000", "costofGoodsAndServicesSold": "973000000", "operatingIncome": "1177000000", "sellingGeneralAndAdministrative": "1790000000", "researchAndDevelopment": "385000000", "operatingExpenses": "1909000000", "investmentIncomeNet": "None", "netInterestIncome": "None", "interestIncome": "None", "interestExpense": "33000000", "nonInterestIncome": "None", "otherNonOperatingIncome": "None", "depreciation": "None", "depreciationAndAmortization": "197000000", "incomeBeforeTax": "1088000000", "incomeTaxExpense": "224000000", "interestAndDebtExpense": "None", "netIncomeFromContinuingOperations": "0", "comprehensiveIncomeNetOfTax": "None", "ebit": "1126000000", "ebitda": "1323000000", "netIncome": "864000000"}, {"fiscalDateEnding": "2012-04-30", "reportedCurrency": "USD", "grossProfit": "3250000000", "totalRevenue": "4297000000", "costOfRevenue": "1047000000", "costofGoodsAndServicesSold": "1047000000", "operatingIncome": "1232000000", "sellingGeneralAndAdministrative": "1855000000", "researchAndDevelopment": "393000000", "operatingExpenses": "1620000000", "investmentIncomeNet": "None", "netInterestIncome": "None", "interestIncome": "None", "interestExpense": "98000000", "nonInterestIncome": "None", "otherNonOperatingIncome": "None", "depreciation": "None", "depreciationAndAmortization": "171000000", "incomeBeforeTax": "1031000000", "incomeTaxExpense": "143000000", "interestAndDebtExpense": "None", "netIncomeFromContinuingOperations": "0", "comprehensiveIncomeNetOfTax": "None", "ebit": "1129000000", "ebitda": "1300000000", "netIncome": "991000000"}, {"fiscalDateEnding": "2012-01-31", "reportedCurrency": "USD", "grossProfit": "2987000000", "totalRevenue": "3918000000", "costOfRevenue": "931000000", "costofGoodsAndServicesSold": "931000000", "operatingIncome": "1232000000", "sellingGeneralAndAdministrative": "1735000000", "researchAndDevelopment": "364000000", "operatingExpenses": "1901000000", "investmentIncomeNet": "None", "netInterestIncome": "None", "interestIncome": "None", "interestExpense": "89000000", "nonInterestIncome": "None", "otherNonOperatingIncome": "None", "depreciation": "None", "depreciationAndAmortization": "225000000", "incomeBeforeTax": "1053000000", "incomeTaxExpense": "208000000", "interestAndDebtExpense": "None", "netIncomeFromContinuingOperations": "0", "comprehensiveIncomeNetOfTax": "None", "ebit": "1126000000", "ebitda": "1351000000", "netIncome": "935000000"}, {"fiscalDateEnding": "2011-10-31", "reportedCurrency": "USD", "grossProfit": "3118000000", "totalRevenue": "4132000000", "costOfRevenue": "1014000000", "costofGoodsAndServicesSold": "1014000000", "operatingIncome": "1138000000", "sellingGeneralAndAdministrative": "1781000000", "researchAndDevelopment": "379000000", "operatingExpenses": "2044000000", "investmentIncomeNet": "None", "netInterestIncome": "None", "interestIncome": "None", "interestExpense": "85000000", "nonInterestIncome": "None", "otherNonOperatingIncome": "None", "depreciation": "None", "depreciationAndAmortization": "226000000", "incomeBeforeTax": "1053000000", "incomeTaxExpense": "182000000", "interestAndDebtExpense": "None", "netIncomeFromContinuingOperations": "0", "comprehensiveIncomeNetOfTax": "None", "ebit": "1115000000", "ebitda": "1341000000", "netIncome": "871000000"}, {"fiscalDateEnding": "2011-07-31", "reportedCurrency": "USD", "grossProfit": "3043000000", "totalRevenue": "4049000000", "costOfRevenue": "1006000000", "costofGoodsAndServicesSold": "1006000000", "operatingIncome": "1099000000", "sellingGeneralAndAdministrative": "1742000000", "researchAndDevelopment": "371000000", "operatingExpenses": "1976000000", "investmentIncomeNet": "None", "netInterestIncome": "None", "interestIncome": "None", "interestExpense": "32000000", "nonInterestIncome": "None", "otherNonOperatingIncome": "None", "depreciation": "None", "depreciationAndAmortization": "211000000", "incomeBeforeTax": "1022000000", "incomeTaxExpense": "201000000", "interestAndDebtExpense": "None", "netIncomeFromContinuingOperations": "0", "comprehensiveIncomeNetOfTax": "None", "ebit": "1095000000", "ebitda": "1306000000", "netIncome": "821000000"}, {"fiscalDateEnding": "2011-04-30", "reportedCurrency": "USD", "grossProfit": "3225000000", "totalRevenue": "4295000000", "costOfRevenue": "1070000000", "costofGoodsAndServicesSold": "1070000000", "operatingIncome": "1036000000", "sellingGeneralAndAdministrative": "1789000000", "researchAndDevelopment": "394000000", "operatingExpenses": "1299000000", "investmentIncomeNet": "None", "netInterestIncome": "None", "interestIncome": "None", "interestExpense": "118000000", "nonInterestIncome": "None", "otherNonOperatingIncome": "None", "depreciation": "None", "depreciationAndAmortization": "213000000", "incomeBeforeTax": "918000000", "incomeTaxExpense": "142000000", "interestAndDebtExpense": "None", "netIncomeFromContinuingOperations": "0", "comprehensiveIncomeNetOfTax": "None", "ebit": "1036000000", "ebitda": "1249000000", "netIncome": "776000000"}, {"fiscalDateEnding": "2011-01-31", "reportedCurrency": "USD", "grossProfit": "2975000000", "totalRevenue": "3961000000", "costOfRevenue": "986000000", "costofGoodsAndServicesSold": "986000000", "operatingIncome": "1126000000", "sellingGeneralAndAdministrative": "1729000000", "researchAndDevelopment": "371000000", "operatingExpenses": "1931000000", "investmentIncomeNet": "None", "netInterestIncome": "None", "interestIncome": "None", "interestExpense": "70000000", "nonInterestIncome": "None", "otherNonOperatingIncome": "None", "depreciation": "None", "depreciationAndAmortization": "258000000", "incomeBeforeTax": "1013000000", "incomeTaxExpense": "89000000", "interestAndDebtExpense": "None", "netIncomeFromContinuingOperations": "0", "comprehensiveIncomeNetOfTax": "None", "ebit": "1041000000", "ebitda": "1299000000", "netIncome": "924000000"}, {"fiscalDateEnding": "2010-10-31", "reportedCurrency": "USD", "grossProfit": "2942000000", "totalRevenue": "3903000000", "costOfRevenue": "961000000", "costofGoodsAndServicesSold": "961000000", "operatingIncome": "865000000", "sellingGeneralAndAdministrative": "1677000000", "researchAndDevelopment": "397000000", "operatingExpenses": "2123000000", "investmentIncomeNet": "None", "netInterestIncome": "None", "interestIncome": "None", "interestExpense": "67000000", "nonInterestIncome": "None", "otherNonOperatingIncome": "None", "depreciation": "None", "depreciationAndAmortization": "215000000", "incomeBeforeTax": "752000000", "incomeTaxExpense": "186000000", "interestAndDebtExpense": "None", "netIncomeFromContinuingOperations": "0", "comprehensiveIncomeNetOfTax": "None", "ebit": "865000000", "ebitda": "1080000000", "netIncome": "566000000"}, {"fiscalDateEnding": "2010-07-31", "reportedCurrency": "USD", "grossProfit": "2880000000", "totalRevenue": "3773000000", "costOfRevenue": "893000000", "costofGoodsAndServicesSold": "893000000", "operatingIncome": "1147000000", "sellingGeneralAndAdministrative": "1704000000", "researchAndDevelopment": "385000000", "operatingExpenses": "1766000000", "investmentIncomeNet": "None", "netInterestIncome": "None", "interestIncome": "None", "interestExpense": "74000000", "nonInterestIncome": "None", "otherNonOperatingIncome": "None", "depreciation": "None", "depreciationAndAmortization": "187000000", "incomeBeforeTax": "1040000000", "incomeTaxExpense": "210000000", "interestAndDebtExpense": "None", "netIncomeFromContinuingOperations": "0", "comprehensiveIncomeNetOfTax": "None", "ebit": "1114000000", "ebitda": "1301000000", "netIncome": "830000000"}, {"fiscalDateEnding": "2010-04-30", "reportedCurrency": "USD", "grossProfit": "3184000000", "totalRevenue": "4196000000", "costOfRevenue": "1012000000", "costofGoodsAndServicesSold": "1012000000", "operatingIncome": "1342000000", "sellingGeneralAndAdministrative": "1773000000", "researchAndDevelopment": "377000000", "operatingExpenses": "1869000000", "investmentIncomeNet": "None", "netInterestIncome": "None", "interestIncome": "None", "interestExpense": "108000000", "nonInterestIncome": "None", "otherNonOperatingIncome": "None", "depreciation": "None", "depreciationAndAmortization": "206000000", "incomeBeforeTax": "1234000000", "incomeTaxExpense": "280000000", "interestAndDebtExpense": "None", "netIncomeFromContinuingOperations": "0", "comprehensiveIncomeNetOfTax": "None", "ebit": "1342000000", "ebitda": "1548000000", "netIncome": "954000000"}, {"fiscalDateEnding": "2010-01-31", "reportedCurrency": "USD", "grossProfit": "2939000000", "totalRevenue": "3851000000", "costOfRevenue": "912000000", "costofGoodsAndServicesSold": "912000000", "operatingIncome": "1160000000", "sellingGeneralAndAdministrative": "1672000000", "researchAndDevelopment": "344000000", "operatingExpenses": "1672000000", "investmentIncomeNet": "None", "netInterestIncome": "None", "interestIncome": "None", "interestExpense": "56000000", "nonInterestIncome": "None", "otherNonOperatingIncome": "None", "depreciation": "None", "depreciationAndAmortization": "194000000", "incomeBeforeTax": "1063000000", "incomeTaxExpense": "232000000", "interestAndDebtExpense": "None", "netIncomeFromContinuingOperations": "0", "comprehensiveIncomeNetOfTax": "None", "ebit": "1160000000", "ebitda": "1354000000", "netIncome": "831000000"}, {"fiscalDateEnding": "2009-10-31", "reportedCurrency": "USD", "grossProfit": "2916000000", "totalRevenue": "3838000000", "costOfRevenue": "922000000", "costofGoodsAndServicesSold": "922000000", "operatingIncome": "1203000000", "sellingGeneralAndAdministrative": "1692000000", "researchAndDevelopment": "369000000", "operatingExpenses": "1752000000", "investmentIncomeNet": "None", "netInterestIncome": "None", "interestIncome": "None", "interestExpense": "93000000", "nonInterestIncome": "None", "otherNonOperatingIncome": "None", "depreciation": "None", "depreciationAndAmortization": "184000000", "incomeBeforeTax": "1110000000", "incomeTaxExpense": "242000000", "interestAndDebtExpense": "None", "netIncomeFromContinuingOperations": "0", "comprehensiveIncomeNetOfTax": "None", "ebit": "1164000000", "ebitda": "1348000000", "netIncome": "868000000"}, {"fiscalDateEnding": "2009-07-31", "reportedCurrency": "USD", "grossProfit": "2967000000", "totalRevenue": "3933000000", "costOfRevenue": "966000000", "costofGoodsAndServicesSold": "966000000", "operatingIncome": "665000000", "sellingGeneralAndAdministrative": "1738000000", "researchAndDevelopment": "370000000", "operatingExpenses": "1834000000", "investmentIncomeNet": "None", "netInterestIncome": "None", "interestIncome": "None", "interestExpense": "66000000", "nonInterestIncome": "None", "otherNonOperatingIncome": "None", "depreciation": "None", "depreciationAndAmortization": "188000000", "incomeBeforeTax": "561000000", "incomeTaxExpense": "116000000", "interestAndDebtExpense": "None", "netIncomeFromContinuingOperations": "0", "comprehensiveIncomeNetOfTax": "None", "ebit": "665000000", "ebitda": "853000000", "netIncome": "445000000"}, {"fiscalDateEnding": "2009-04-30", "reportedCurrency": "USD", "grossProfit": "2897000000", "totalRevenue": "3829000000", "costOfRevenue": "932000000", "costofGoodsAndServicesSold": "932000000", "operatingIncome": "48000000", "sellingGeneralAndAdministrative": "1682000000", "researchAndDevelopment": "368000000", "operatingExpenses": "2078000000", "investmentIncomeNet": "None", "netInterestIncome": "None", "interestIncome": "None", "interestExpense": "92000000", "nonInterestIncome": "None", "otherNonOperatingIncome": "None", "depreciation": "None", "depreciationAndAmortization": "177000000", "incomeBeforeTax": "48000000", "incomeTaxExpense": "-80000000", "interestAndDebtExpense": "None", "netIncomeFromContinuingOperations": "0", "comprehensiveIncomeNetOfTax": "None", "ebit": "-548000000", "ebitda": "-371000000", "netIncome": "128000000"}, {"fiscalDateEnding": "2009-01-31", "reportedCurrency": "USD", "grossProfit": "2646000000", "totalRevenue": "3494000000", "costOfRevenue": "848000000", "costofGoodsAndServicesSold": "848000000", "operatingIncome": "932000000", "sellingGeneralAndAdministrative": "1594000000", "researchAndDevelopment": "337000000", "operatingExpenses": "1594000000", "investmentIncomeNet": "None", "netInterestIncome": "None", "interestIncome": "None", "interestExpense": "91000000", "nonInterestIncome": "None", "otherNonOperatingIncome": "None", "depreciation": "None", "depreciationAndAmortization": "170000000", "incomeBeforeTax": "932000000", "incomeTaxExpense": "209000000", "interestAndDebtExpense": "None", "netIncomeFromContinuingOperations": "0", "comprehensiveIncomeNetOfTax": "None", "ebit": "984000000", "ebitda": "1154000000", "netIncome": "723000000"}, {"fiscalDateEnding": "2008-10-31", "reportedCurrency": "USD", "grossProfit": "2687000000", "totalRevenue": "3570000000", "costOfRevenue": "883000000", "costofGoodsAndServicesSold": "883000000", "operatingIncome": "661000000", "sellingGeneralAndAdministrative": "1589000000", "researchAndDevelopment": "326000000", "operatingExpenses": "1589000000", "investmentIncomeNet": "None", "netInterestIncome": "None", "interestIncome": "None", "interestExpense": "90000000", "nonInterestIncome": "None", "otherNonOperatingIncome": "None", "depreciation": "None", "depreciationAndAmortization": "179000000", "incomeBeforeTax": "661000000", "incomeTaxExpense": "90000000", "interestAndDebtExpense": "None", "netIncomeFromContinuingOperations": "0", "comprehensiveIncomeNetOfTax": "None", "ebit": "713000000", "ebitda": "892000000", "netIncome": "571000000"}, {"fiscalDateEnding": "2008-07-31", "reportedCurrency": "USD", "grossProfit": "2851000000", "totalRevenue": "3706000000", "costOfRevenue": "855000000", "costofGoodsAndServicesSold": "855000000", "operatingIncome": "953000000", "sellingGeneralAndAdministrative": "1642000000", "researchAndDevelopment": "324000000", "operatingExpenses": "1642000000", "investmentIncomeNet": "None", "netInterestIncome": "None", "interestIncome": "None", "interestExpense": "24000000", "nonInterestIncome": "None", "otherNonOperatingIncome": "None", "depreciation": "None", "depreciationAndAmortization": "173000000", "incomeBeforeTax": "953000000", "incomeTaxExpense": "206000000", "interestAndDebtExpense": "None", "netIncomeFromContinuingOperations": "0", "comprehensiveIncomeNetOfTax": "None", "ebit": "1014000000", "ebitda": "1187000000", "netIncome": "747000000"}, {"fiscalDateEnding": "2008-04-30", "reportedCurrency": "USD", "grossProfit": "2916000000", "totalRevenue": "3860000000", "costOfRevenue": "944000000", "costofGoodsAndServicesSold": "944000000", "operatingIncome": "1004000000", "sellingGeneralAndAdministrative": "1645000000", "researchAndDevelopment": "348000000", "operatingExpenses": "1645000000", "investmentIncomeNet": "None", "netInterestIncome": "None", "interestIncome": "None", "interestExpense": "62000000", "nonInterestIncome": "None", "otherNonOperatingIncome": "None", "depreciation": "None", "depreciationAndAmortization": "180000000", "incomeBeforeTax": "1004000000", "incomeTaxExpense": "191000000", "interestAndDebtExpense": "None", "netIncomeFromContinuingOperations": "0", "comprehensiveIncomeNetOfTax": "None", "ebit": "1271000000", "ebitda": "1451000000", "netIncome": "813000000"}, {"fiscalDateEnding": "2008-01-31", "reportedCurrency": "USD", "grossProfit": "2535000000", "totalRevenue": "3405000000", "costOfRevenue": "870000000", "costofGoodsAndServicesSold": "870000000", "operatingIncome": "135000000", "sellingGeneralAndAdministrative": "1536000000", "researchAndDevelopment": "329000000", "operatingExpenses": "1536000000", "investmentIncomeNet": "None", "netInterestIncome": "None", "interestIncome": "None", "interestExpense": "75000000", "nonInterestIncome": "None", "otherNonOperatingIncome": "None", "depreciation": "None", "depreciationAndAmortization": "181000000", "incomeBeforeTax": "135000000", "incomeTaxExpense": "58000000", "interestAndDebtExpense": "None", "netIncomeFromContinuingOperations": "0", "comprehensiveIncomeNetOfTax": "None", "ebit": "999000000", "ebitda": "1180000000", "netIncome": "77000000"}, {"fiscalDateEnding": "2007-10-31", "reportedCurrency": "USD", "grossProfit": "2284000000", "totalRevenue": "3124000000", "costOfRevenue": "840000000", "costofGoodsAndServicesSold": "840000000", "operatingIncome": "868000000", "sellingGeneralAndAdministrative": "1405000000", "researchAndDevelopment": "298000000", "operatingExpenses": "1405000000", "investmentIncomeNet": "None", "netInterestIncome": "None", "interestIncome": "None", "interestExpense": "65000000", "nonInterestIncome": "None", "otherNonOperatingIncome": "None", "depreciation": "None", "depreciationAndAmortization": "127000000", "incomeBeforeTax": "868000000", "incomeTaxExpense": "202000000", "interestAndDebtExpense": "None", "netIncomeFromContinuingOperations": "0", "comprehensiveIncomeNetOfTax": "None", "ebit": "879000000", "ebitda": "1006000000", "netIncome": "666000000"}, {"fiscalDateEnding": "2007-07-31", "reportedCurrency": "USD", "grossProfit": "2335000000", "totalRevenue": "3127000000", "costOfRevenue": "792000000", "costofGoodsAndServicesSold": "792000000", "operatingIncome": "879000000", "sellingGeneralAndAdministrative": "1396000000", "researchAndDevelopment": "300000000", "operatingExpenses": "1396000000", "investmentIncomeNet": "None", "netInterestIncome": "None", "interestIncome": "None", "interestExpense": "53000000", "nonInterestIncome": "None", "otherNonOperatingIncome": "None", "depreciation": "None", "depreciationAndAmortization": "149000000", "incomeBeforeTax": "879000000", "incomeTaxExpense": "204000000", "interestAndDebtExpense": "None", "netIncomeFromContinuingOperations": "0", "comprehensiveIncomeNetOfTax": "None", "ebit": "939000000", "ebitda": "1088000000", "netIncome": "675000000"}, {"fiscalDateEnding": "2007-04-30", "reportedCurrency": "USD", "grossProfit": "2414000000", "totalRevenue": "3280000000", "costOfRevenue": "866000000", "costofGoodsAndServicesSold": "866000000", "operatingIncome": "855000000", "sellingGeneralAndAdministrative": "1422000000", "researchAndDevelopment": "327000000", "operatingExpenses": "1382000000", "investmentIncomeNet": "None", "netInterestIncome": "None", "interestIncome": "None", "interestExpense": "67000000", "nonInterestIncome": "None", "otherNonOperatingIncome": "None", "depreciation": "None", "depreciationAndAmortization": "168000000", "incomeBeforeTax": "855000000", "incomeTaxExpense": "43000000", "interestAndDebtExpense": "None", "netIncomeFromContinuingOperations": "0", "comprehensiveIncomeNetOfTax": "None", "ebit": "1032000000", "ebitda": "1200000000", "netIncome": "812000000"}, {"fiscalDateEnding": "2007-01-31", "reportedCurrency": "USD", "grossProfit": "2273000000", "totalRevenue": "3048000000", "costOfRevenue": "775000000", "costofGoodsAndServicesSold": "775000000", "operatingIncome": "934000000", "sellingGeneralAndAdministrative": "1331000000", "researchAndDevelopment": "293000000", "operatingExpenses": "1331000000", "investmentIncomeNet": "None", "netInterestIncome": "None", "interestIncome": "None", "interestExpense": "111000000", "nonInterestIncome": "None", "otherNonOperatingIncome": "None", "depreciation": "None", "depreciationAndAmortization": "138000000", "incomeBeforeTax": "934000000", "incomeTaxExpense": "224000000", "interestAndDebtExpense": "None", "netIncomeFromContinuingOperations": "0", "comprehensiveIncomeNetOfTax": "None", "ebit": "942000000", "ebitda": "1080000000", "netIncome": "710000000"}, {"fiscalDateEnding": "2006-10-31", "reportedCurrency": "USD", "grossProfit": "2280000000", "totalRevenue": "3075000000", "costOfRevenue": "795000000", "costofGoodsAndServicesSold": "795000000", "operatingIncome": "911000000", "sellingGeneralAndAdministrative": "1356000000", "researchAndDevelopment": "320000000", "operatingExpenses": "1356000000", "investmentIncomeNet": "None", "netInterestIncome": "None", "interestIncome": "None", "interestExpense": "57000000", "nonInterestIncome": "None", "otherNonOperatingIncome": "None", "depreciation": "None", "depreciationAndAmortization": "137000000", "incomeBeforeTax": "911000000", "incomeTaxExpense": "230000000", "interestAndDebtExpense": "None", "netIncomeFromContinuingOperations": "0", "comprehensiveIncomeNetOfTax": "None", "ebit": "924000000", "ebitda": "1061000000", "netIncome": "681000000"}, {"fiscalDateEnding": "2006-07-31", "reportedCurrency": "USD", "grossProfit": "2165000000", "totalRevenue": "2897000000", "costOfRevenue": "732000000", "costofGoodsAndServicesSold": "732000000", "operatingIncome": "815000000", "sellingGeneralAndAdministrative": "1283000000", "researchAndDevelopment": "299000000", "operatingExpenses": "1283000000", "investmentIncomeNet": "None", "netInterestIncome": "None", "interestIncome": "None", "interestExpense": "111000000", "nonInterestIncome": "None", "otherNonOperatingIncome": "None", "depreciation": "None", "depreciationAndAmortization": "140000000", "incomeBeforeTax": "815000000", "incomeTaxExpense": "216000000", "interestAndDebtExpense": "None", "netIncomeFromContinuingOperations": "0", "comprehensiveIncomeNetOfTax": "None", "ebit": "882000000", "ebitda": "1022000000", "netIncome": "599000000"}, {"fiscalDateEnding": "2006-04-30", "reportedCurrency": "USD", "grossProfit": "2298700000", "totalRevenue": "3066700000", "costOfRevenue": "768000000", "costofGoodsAndServicesSold": "768000000", "operatingIncome": "999900000", "sellingGeneralAndAdministrative": "1268100000", "researchAndDevelopment": "294000000", "operatingExpenses": "1268100000", "investmentIncomeNet": "None", "netInterestIncome": "None", "interestIncome": "None", "interestExpense": "34300000", "nonInterestIncome": "None", "otherNonOperatingIncome": "None", "depreciation": "None", "depreciationAndAmortization": "136500000", "incomeBeforeTax": "999900000", "incomeTaxExpense": "259900000", "interestAndDebtExpense": "None", "netIncomeFromContinuingOperations": "0", "comprehensiveIncomeNetOfTax": "None", "ebit": "1030600000", "ebitda": "1167100000", "netIncome": "740000000"}, {"fiscalDateEnding": "2006-01-31", "reportedCurrency": "USD", "grossProfit": "2070800000", "totalRevenue": "2769500000", "costOfRevenue": "698700000", "costofGoodsAndServicesSold": "698700000", "operatingIncome": "904900000", "sellingGeneralAndAdministrative": "1180000000", "researchAndDevelopment": "280300000", "operatingExpenses": "1180000000", "investmentIncomeNet": "None", "netInterestIncome": "None", "interestIncome": "None", "interestExpense": "31900000", "nonInterestIncome": "None", "otherNonOperatingIncome": "None", "depreciation": "None", "depreciationAndAmortization": "138400000", "incomeBeforeTax": "904900000", "incomeTaxExpense": "235300000", "interestAndDebtExpense": "None", "netIncomeFromContinuingOperations": "0", "comprehensiveIncomeNetOfTax": "None", "ebit": "889600000", "ebitda": "1028000000", "netIncome": "669600000"}, {"fiscalDateEnding": "2005-10-31", "reportedCurrency": "USD", "grossProfit": "2070600000", "totalRevenue": "2765400000", "costOfRevenue": "694800000", "costofGoodsAndServicesSold": "694800000", "operatingIncome": "764900000", "sellingGeneralAndAdministrative": "1178600000", "researchAndDevelopment": "275400000", "operatingExpenses": "1178600000", "investmentIncomeNet": "None", "netInterestIncome": "None", "interestIncome": "None", "interestExpense": "28400000", "nonInterestIncome": "None", "otherNonOperatingIncome": "None", "depreciation": "None", "depreciationAndAmortization": "141100000", "incomeBeforeTax": "764900000", "incomeTaxExpense": "-51600000", "interestAndDebtExpense": "None", "netIncomeFromContinuingOperations": "0", "comprehensiveIncomeNetOfTax": "None", "ebit": "891900000", "ebitda": "1033000000", "netIncome": "816500000"}, {"fiscalDateEnding": "2005-07-31", "reportedCurrency": "USD", "grossProfit": "2036600000", "totalRevenue": "2690400000", "costOfRevenue": "653800000", "costofGoodsAndServicesSold": "653800000", "operatingIncome": "491600000", "sellingGeneralAndAdministrative": "1145600000", "researchAndDevelopment": "263200000", "operatingExpenses": "1145600000", "investmentIncomeNet": "None", "netInterestIncome": "None", "interestIncome": "None", "interestExpense": "21400000", "nonInterestIncome": "None", "otherNonOperatingIncome": "None", "depreciation": "None", "depreciationAndAmortization": "127600000", "incomeBeforeTax": "491600000", "incomeTaxExpense": "171000000", "interestAndDebtExpense": "None", "netIncomeFromContinuingOperations": "0", "comprehensiveIncomeNetOfTax": "None", "ebit": "891400000", "ebitda": "1019000000", "netIncome": "320600000"}, {"fiscalDateEnding": "2005-04-30", "reportedCurrency": "USD", "grossProfit": "2072300000", "totalRevenue": "2778000000", "costOfRevenue": "705700000", "costofGoodsAndServicesSold": "705700000", "operatingIncome": "278900000", "sellingGeneralAndAdministrative": "1105600000", "researchAndDevelopment": "247900000", "operatingExpenses": "1105600000", "investmentIncomeNet": "None", "netInterestIncome": "None", "interestIncome": "None", "interestExpense": "15200000", "nonInterestIncome": "None", "otherNonOperatingIncome": "None", "depreciation": "None", "depreciationAndAmortization": "124000000", "incomeBeforeTax": "278900000", "incomeTaxExpense": "84500000", "interestAndDebtExpense": "None", "netIncomeFromContinuingOperations": "0", "comprehensiveIncomeNetOfTax": "None", "ebit": "966700000", "ebitda": "1090700000", "netIncome": "194400000"}, {"fiscalDateEnding": "2005-01-31", "reportedCurrency": "USD", "grossProfit": "1925100000", "totalRevenue": "2530700000", "costOfRevenue": "605600000", "costofGoodsAndServicesSold": "605600000", "operatingIncome": "764000000", "sellingGeneralAndAdministrative": "1055200000", "researchAndDevelopment": "241000000", "operatingExpenses": "1055200000", "investmentIncomeNet": "None", "netInterestIncome": "None", "interestIncome": "None", "interestExpense": "14400000", "nonInterestIncome": "None", "otherNonOperatingIncome": "None", "depreciation": "None", "depreciationAndAmortization": "115600000", "incomeBeforeTax": "764000000", "incomeTaxExpense": "219900000", "interestAndDebtExpense": "None", "netIncomeFromContinuingOperations": "0", "comprehensiveIncomeNetOfTax": "None", "ebit": "869900000", "ebitda": "985500000", "netIncome": "544100000"}]}