{"symbol": "BSX", "annualReports": [{"fiscalDateEnding": "2024-12-31", "reportedCurrency": "USD", "grossProfit": "11490000000", "totalRevenue": "16747000000", "costOfRevenue": "5257000000", "costofGoodsAndServicesSold": "5257000000", "operatingIncome": "2603000000", "sellingGeneralAndAdministrative": "5984000000", "researchAndDevelopment": "1615000000", "operatingExpenses": "8887000000", "investmentIncomeNet": "None", "netInterestIncome": "-198000000", "interestIncome": "107000000", "interestExpense": "305000000", "nonInterestIncome": "None", "otherNonOperatingIncome": "None", "depreciation": "None", "depreciationAndAmortization": "16000000", "incomeBeforeTax": "2282000000", "incomeTaxExpense": "436000000", "interestAndDebtExpense": "None", "netIncomeFromContinuingOperations": "1846000000", "comprehensiveIncomeNetOfTax": "None", "ebit": "2587000000", "ebitda": "2603000000", "netIncome": "1853000000"}, {"fiscalDateEnding": "2023-12-31", "reportedCurrency": "USD", "grossProfit": "9895000000", "totalRevenue": "14240000000", "costOfRevenue": "4345000000", "costofGoodsAndServicesSold": "4345000000", "operatingIncome": "2343000000", "sellingGeneralAndAdministrative": "4974000000", "researchAndDevelopment": "1414000000", "operatingExpenses": "7552000000", "investmentIncomeNet": "None", "netInterestIncome": "-254000000", "interestIncome": "22000000", "interestExpense": "265000000", "nonInterestIncome": "None", "otherNonOperatingIncome": "None", "depreciation": "None", "depreciationAndAmortization": "1196000000", "incomeBeforeTax": "1985000000", "incomeTaxExpense": "393000000", "interestAndDebtExpense": "None", "netIncomeFromContinuingOperations": "1228000000", "comprehensiveIncomeNetOfTax": "None", "ebit": "2257000000", "ebitda": "3453000000", "netIncome": "1593000000"}, {"fiscalDateEnding": "2022-12-31", "reportedCurrency": "USD", "grossProfit": "8679000000", "totalRevenue": "12682000000", "costOfRevenue": "4003000000", "costofGoodsAndServicesSold": "4003000000", "operatingIncome": "1649000000", "sellingGeneralAndAdministrative": "4520000000", "researchAndDevelopment": "1323000000", "operatingExpenses": "6646000000", "investmentIncomeNet": "None", "netInterestIncome": "-470000000", "interestIncome": "470000000", "interestExpense": "470000000", "nonInterestIncome": "None", "otherNonOperatingIncome": "-38000000", "depreciation": "None", "depreciationAndAmortization": "1136000000", "incomeBeforeTax": "1141000000", "incomeTaxExpense": "443000000", "interestAndDebtExpense": "None", "netIncomeFromContinuingOperations": "698000000", "comprehensiveIncomeNetOfTax": "None", "ebit": "1605000000", "ebitda": "2741000000", "netIncome": "698000000"}, {"fiscalDateEnding": "2021-12-31", "reportedCurrency": "USD", "grossProfit": "8128000000", "totalRevenue": "11888000000", "costOfRevenue": "3760000000", "costofGoodsAndServicesSold": "3760000000", "operatingIncome": "2043000000", "sellingGeneralAndAdministrative": "4359000000", "researchAndDevelopment": "1204000000", "operatingExpenses": "6304000000", "investmentIncomeNet": "None", "netInterestIncome": "-341000000", "interestIncome": "341000000", "interestExpense": "341000000", "nonInterestIncome": "None", "otherNonOperatingIncome": "218000000", "depreciation": "None", "depreciationAndAmortization": "1093000000", "incomeBeforeTax": "1076000000", "incomeTaxExpense": "36000000", "interestAndDebtExpense": "None", "netIncomeFromContinuingOperations": "1041000000", "comprehensiveIncomeNetOfTax": "None", "ebit": "1425000000", "ebitda": "2518000000", "netIncome": "1041000000"}, {"fiscalDateEnding": "2020-12-31", "reportedCurrency": "USD", "grossProfit": "6403000000", "totalRevenue": "9913000000", "costOfRevenue": "3510000000", "costofGoodsAndServicesSold": "3510000000", "operatingIncome": "1044000000", "sellingGeneralAndAdministrative": "3787000000", "researchAndDevelopment": "1143000000", "operatingExpenses": "5719000000", "investmentIncomeNet": "None", "netInterestIncome": "-361000000", "interestIncome": "361000000", "interestExpense": "361000000", "nonInterestIncome": "None", "otherNonOperatingIncome": "362000000", "depreciation": "None", "depreciationAndAmortization": "1122000000", "incomeBeforeTax": "-138000000", "incomeTaxExpense": "2000000", "interestAndDebtExpense": "None", "netIncomeFromContinuingOperations": "-81000000", "comprehensiveIncomeNetOfTax": "None", "ebit": "389000000", "ebitda": "1511000000", "netIncome": "-140000000"}, {"fiscalDateEnding": "2019-12-31", "reportedCurrency": "USD", "grossProfit": "7554000000", "totalRevenue": "10735000000", "costOfRevenue": "3181000000", "costofGoodsAndServicesSold": "3181000000", "operatingIncome": "1518000000", "sellingGeneralAndAdministrative": "3941000000", "researchAndDevelopment": "1174000000", "operatingExpenses": "5814000000", "investmentIncomeNet": "None", "netInterestIncome": "-443000000", "interestIncome": "30000000", "interestExpense": "473000000", "nonInterestIncome": "None", "otherNonOperatingIncome": "-358000000", "depreciation": "None", "depreciationAndAmortization": "1010000000", "incomeBeforeTax": "687000000", "incomeTaxExpense": "-4013000000", "interestAndDebtExpense": "None", "netIncomeFromContinuingOperations": "4700000000", "comprehensiveIncomeNetOfTax": "None", "ebit": "1200000000", "ebitda": "2210000000", "netIncome": "4700000000"}, {"fiscalDateEnding": "2018-12-31", "reportedCurrency": "USD", "grossProfit": "6940000000", "totalRevenue": "9823000000", "costOfRevenue": "2883000000", "costofGoodsAndServicesSold": "2883000000", "operatingIncome": "1506000000", "sellingGeneralAndAdministrative": "3569000000", "researchAndDevelopment": "1113000000", "operatingExpenses": "5281000000", "investmentIncomeNet": "None", "netInterestIncome": "-238000000", "interestIncome": "3000000", "interestExpense": "241000000", "nonInterestIncome": "None", "otherNonOperatingIncome": "156000000", "depreciation": "None", "depreciationAndAmortization": "894000000", "incomeBeforeTax": "1422000000", "incomeTaxExpense": "-249000000", "interestAndDebtExpense": "None", "netIncomeFromContinuingOperations": "1671000000", "comprehensiveIncomeNetOfTax": "None", "ebit": "1691000000", "ebitda": "2585000000", "netIncome": "1671000000"}, {"fiscalDateEnding": "2017-12-31", "reportedCurrency": "USD", "grossProfit": "6387000000", "totalRevenue": "9048000000", "costOfRevenue": "2661000000", "costofGoodsAndServicesSold": "2661000000", "operatingIncome": "1285000000", "sellingGeneralAndAdministrative": "3294000000", "researchAndDevelopment": "997000000", "operatingExpenses": "4856000000", "investmentIncomeNet": "None", "netInterestIncome": "-224000000", "interestIncome": "5000000", "interestExpense": "229000000", "nonInterestIncome": "None", "otherNonOperatingIncome": "-124000000", "depreciation": "None", "depreciationAndAmortization": "844000000", "incomeBeforeTax": "933000000", "incomeTaxExpense": "828000000", "interestAndDebtExpense": "None", "netIncomeFromContinuingOperations": "105000000", "comprehensiveIncomeNetOfTax": "None", "ebit": "1163000000", "ebitda": "2007000000", "netIncome": "104000000"}, {"fiscalDateEnding": "2016-12-31", "reportedCurrency": "USD", "grossProfit": "5883000000", "totalRevenue": "8386000000", "costOfRevenue": "2503000000", "costofGoodsAndServicesSold": "2503000000", "operatingIncome": "447000000", "sellingGeneralAndAdministrative": "3099000000", "researchAndDevelopment": "920000000", "operatingExpenses": "4564000000", "investmentIncomeNet": "None", "netInterestIncome": "-228000000", "interestIncome": "5000000", "interestExpense": "233000000", "nonInterestIncome": "None", "otherNonOperatingIncome": "-37000000", "depreciation": "None", "depreciationAndAmortization": "815000000", "incomeBeforeTax": "177000000", "incomeTaxExpense": "-170000000", "interestAndDebtExpense": "None", "netIncomeFromContinuingOperations": "347000000", "comprehensiveIncomeNetOfTax": "None", "ebit": "411000000", "ebitda": "1226000000", "netIncome": "347000000"}, {"fiscalDateEnding": "2015-12-31", "reportedCurrency": "USD", "grossProfit": "5234000000", "totalRevenue": "7477000000", "costOfRevenue": "2243000000", "costofGoodsAndServicesSold": "2243000000", "operatingIncome": "-327000000", "sellingGeneralAndAdministrative": "2873000000", "researchAndDevelopment": "876000000", "operatingExpenses": "4244000000", "investmentIncomeNet": "None", "netInterestIncome": "None", "interestIncome": "309000000", "interestExpense": "284000000", "nonInterestIncome": "None", "otherNonOperatingIncome": "-39000000", "depreciation": "None", "depreciationAndAmortization": "495000000", "incomeBeforeTax": "-650000000", "incomeTaxExpense": "-411000000", "interestAndDebtExpense": "None", "netIncomeFromContinuingOperations": "-239000000", "comprehensiveIncomeNetOfTax": "None", "ebit": "-135000000", "ebitda": "360000000", "netIncome": "-239000000"}, {"fiscalDateEnding": "2014-12-31", "reportedCurrency": "USD", "grossProfit": "5059000000", "totalRevenue": "7380000000", "costOfRevenue": "2321000000", "costofGoodsAndServicesSold": "2321000000", "operatingIncome": "299000000", "sellingGeneralAndAdministrative": "2902000000", "researchAndDevelopment": "817000000", "operatingExpenses": "4157000000", "investmentIncomeNet": "None", "netInterestIncome": "None", "interestIncome": "None", "interestExpense": "216000000", "nonInterestIncome": "None", "otherNonOperatingIncome": "8000000", "depreciation": "None", "depreciationAndAmortization": "438000000", "incomeBeforeTax": "91000000", "incomeTaxExpense": "-176000000", "interestAndDebtExpense": "None", "netIncomeFromContinuingOperations": "-119000000", "comprehensiveIncomeNetOfTax": "None", "ebit": "-5000000", "ebitda": "433000000", "netIncome": "267000000"}, {"fiscalDateEnding": "2013-12-31", "reportedCurrency": "USD", "grossProfit": "4829000000", "totalRevenue": "7143000000", "costOfRevenue": "2314000000", "costofGoodsAndServicesSold": "2314000000", "operatingIncome": "120000000", "sellingGeneralAndAdministrative": "2674000000", "researchAndDevelopment": "861000000", "operatingExpenses": "3945000000", "investmentIncomeNet": "None", "netInterestIncome": "None", "interestIncome": "None", "interestExpense": "324000000", "nonInterestIncome": "None", "otherNonOperatingIncome": "-19000000", "depreciation": "None", "depreciationAndAmortization": "410000000", "incomeBeforeTax": "-223000000", "incomeTaxExpense": "-102000000", "interestAndDebtExpense": "None", "netIncomeFromContinuingOperations": "-121000000", "comprehensiveIncomeNetOfTax": "None", "ebit": "311000000", "ebitda": "721000000", "netIncome": "-121000000"}, {"fiscalDateEnding": "2012-12-31", "reportedCurrency": "USD", "grossProfit": "4747000000", "totalRevenue": "7249000000", "costOfRevenue": "2502000000", "costofGoodsAndServicesSold": "2502000000", "operatingIncome": "-3868000000", "sellingGeneralAndAdministrative": "2535000000", "researchAndDevelopment": "886000000", "operatingExpenses": "3816000000", "investmentIncomeNet": "None", "netInterestIncome": "None", "interestIncome": "None", "interestExpense": "261000000", "nonInterestIncome": "None", "otherNonOperatingIncome": "22000000", "depreciation": "None", "depreciationAndAmortization": "395000000", "incomeBeforeTax": "-4107000000", "incomeTaxExpense": "-39000000", "interestAndDebtExpense": "None", "netIncomeFromContinuingOperations": "-4068000000", "comprehensiveIncomeNetOfTax": "None", "ebit": "-3556000000", "ebitda": "-3161000000", "netIncome": "-4068000000"}, {"fiscalDateEnding": "2011-12-31", "reportedCurrency": "USD", "grossProfit": "4963000000", "totalRevenue": "7622000000", "costOfRevenue": "2659000000", "costofGoodsAndServicesSold": "2659000000", "operatingIncome": "904000000", "sellingGeneralAndAdministrative": "2659000000", "researchAndDevelopment": "895000000", "operatingExpenses": "3252000000", "investmentIncomeNet": "None", "netInterestIncome": "None", "interestIncome": "None", "interestExpense": "281000000", "nonInterestIncome": "None", "otherNonOperatingIncome": "19000000", "depreciation": "None", "depreciationAndAmortization": "421000000", "incomeBeforeTax": "642000000", "incomeTaxExpense": "201000000", "interestAndDebtExpense": "None", "netIncomeFromContinuingOperations": "441000000", "comprehensiveIncomeNetOfTax": "None", "ebit": "1214000000", "ebitda": "1635000000", "netIncome": "441000000"}, {"fiscalDateEnding": "2010-12-31", "reportedCurrency": "USD", "grossProfit": "5207000000", "totalRevenue": "7806000000", "costOfRevenue": "2599000000", "costofGoodsAndServicesSold": "2599000000", "operatingIncome": "-656000000", "sellingGeneralAndAdministrative": "2765000000", "researchAndDevelopment": "939000000", "operatingExpenses": "4217000000", "investmentIncomeNet": "None", "netInterestIncome": "None", "interestIncome": "None", "interestExpense": "393000000", "nonInterestIncome": "None", "otherNonOperatingIncome": "-14000000", "depreciation": "None", "depreciationAndAmortization": "513000000", "incomeBeforeTax": "-1063000000", "incomeTaxExpense": "2000000", "interestAndDebtExpense": "None", "netIncomeFromContinuingOperations": "-1065000000", "comprehensiveIncomeNetOfTax": "None", "ebit": "-364000000", "ebitda": "149000000", "netIncome": "-1065000000"}, {"fiscalDateEnding": "2009-12-31", "reportedCurrency": "USD", "grossProfit": "5612000000", "totalRevenue": "8188000000", "costOfRevenue": "2576000000", "costofGoodsAndServicesSold": "2576000000", "operatingIncome": "-894000000", "sellingGeneralAndAdministrative": "4848000000", "researchAndDevelopment": "1035000000", "operatingExpenses": "6410000000", "investmentIncomeNet": "None", "netInterestIncome": "None", "interestIncome": "None", "interestExpense": "407000000", "nonInterestIncome": "None", "otherNonOperatingIncome": "None", "depreciation": "None", "depreciationAndAmortization": "511000000", "incomeBeforeTax": "-1308000000", "incomeTaxExpense": "-283000000", "interestAndDebtExpense": "None", "netIncomeFromContinuingOperations": "-1025000000", "comprehensiveIncomeNetOfTax": "None", "ebit": "-619000000", "ebitda": "-108000000", "netIncome": "-1025000000"}, {"fiscalDateEnding": "2008-12-31", "reportedCurrency": "USD", "grossProfit": "5581000000", "totalRevenue": "8050000000", "costOfRevenue": "2469000000", "costofGoodsAndServicesSold": "2469000000", "operatingIncome": "-1536000000", "sellingGeneralAndAdministrative": "2792000000", "researchAndDevelopment": "1006000000", "operatingExpenses": "7039000000", "investmentIncomeNet": "None", "netInterestIncome": "None", "interestIncome": "None", "interestExpense": "468000000", "nonInterestIncome": "None", "otherNonOperatingIncome": "None", "depreciation": "None", "depreciationAndAmortization": "543000000", "incomeBeforeTax": "-2062000000", "incomeTaxExpense": "10000000", "interestAndDebtExpense": "None", "netIncomeFromContinuingOperations": "None", "comprehensiveIncomeNetOfTax": "None", "ebit": "-1242000000", "ebitda": "-699000000", "netIncome": "-2072000000"}, {"fiscalDateEnding": "2007-12-31", "reportedCurrency": "USD", "grossProfit": "6015000000", "totalRevenue": "8357000000", "costOfRevenue": "2342000000", "costofGoodsAndServicesSold": "2342000000", "operatingIncome": "-14000000", "sellingGeneralAndAdministrative": "2909000000", "researchAndDevelopment": "1091000000", "operatingExpenses": "5768000000", "investmentIncomeNet": "None", "netInterestIncome": "None", "interestIncome": "None", "interestExpense": "570000000", "nonInterestIncome": "None", "otherNonOperatingIncome": "None", "depreciation": "None", "depreciationAndAmortization": "939000000", "incomeBeforeTax": "-569000000", "incomeTaxExpense": "-74000000", "interestAndDebtExpense": "None", "netIncomeFromContinuingOperations": "None", "comprehensiveIncomeNetOfTax": "None", "ebit": "1000000", "ebitda": "940000000", "netIncome": "-495000000"}, {"fiscalDateEnding": "2006-12-31", "reportedCurrency": "USD", "grossProfit": "5614000000", "totalRevenue": "7821000000", "costOfRevenue": "2207000000", "costofGoodsAndServicesSold": "2207000000", "operatingIncome": "-2949000000", "sellingGeneralAndAdministrative": "2675000000", "researchAndDevelopment": "1008000000", "operatingExpenses": "4444000000", "investmentIncomeNet": "None", "netInterestIncome": "None", "interestIncome": "None", "interestExpense": "0", "nonInterestIncome": "None", "otherNonOperatingIncome": "None", "depreciation": "None", "depreciationAndAmortization": "781000000", "incomeBeforeTax": "-3535000000", "incomeTaxExpense": "42000000", "interestAndDebtExpense": "None", "netIncomeFromContinuingOperations": "None", "comprehensiveIncomeNetOfTax": "None", "ebit": "-3100000000", "ebitda": "-2319000000", "netIncome": "-3577000000"}, {"fiscalDateEnding": "2005-12-31", "reportedCurrency": "USD", "grossProfit": "4897000000", "totalRevenue": "6283000000", "costOfRevenue": "1386000000", "costofGoodsAndServicesSold": "1386000000", "operatingIncome": "968000000", "sellingGeneralAndAdministrative": "1814000000", "researchAndDevelopment": "680000000", "operatingExpenses": "3653000000", "investmentIncomeNet": "None", "netInterestIncome": "None", "interestIncome": "None", "interestExpense": "0", "nonInterestIncome": "None", "otherNonOperatingIncome": "None", "depreciation": "None", "depreciationAndAmortization": "314000000", "incomeBeforeTax": "891000000", "incomeTaxExpense": "263000000", "interestAndDebtExpense": "None", "netIncomeFromContinuingOperations": "None", "comprehensiveIncomeNetOfTax": "None", "ebit": "981000000", "ebitda": "1295000000", "netIncome": "628000000"}], "quarterlyReports": [{"fiscalDateEnding": "2024-12-31", "reportedCurrency": "USD", "grossProfit": "3095000000", "totalRevenue": "4561000000", "costOfRevenue": "1466000000", "costofGoodsAndServicesSold": "1466000000", "operatingIncome": "675000000", "sellingGeneralAndAdministrative": "1612000000", "researchAndDevelopment": "459000000", "operatingExpenses": "2420000000", "investmentIncomeNet": "None", "netInterestIncome": "27000000", "interestIncome": "None", "interestExpense": "80000000", "nonInterestIncome": "None", "otherNonOperatingIncome": "None", "depreciation": "None", "depreciationAndAmortization": "348000000", "incomeBeforeTax": "585000000", "incomeTaxExpense": "23000000", "interestAndDebtExpense": "None", "netIncomeFromContinuingOperations": "562000000", "comprehensiveIncomeNetOfTax": "None", "ebit": "665000000", "ebitda": "1013000000", "netIncome": "566000000"}, {"fiscalDateEnding": "2024-09-30", "reportedCurrency": "USD", "grossProfit": "2897000000", "totalRevenue": "4209000000", "costOfRevenue": "1312000000", "costofGoodsAndServicesSold": "1312000000", "operatingIncome": "733000000", "sellingGeneralAndAdministrative": "1562000000", "researchAndDevelopment": "407000000", "operatingExpenses": "2164000000", "investmentIncomeNet": "None", "netInterestIncome": "-79000000", "interestIncome": "None", "interestExpense": "79000000", "nonInterestIncome": "None", "otherNonOperatingIncome": "None", "depreciation": "None", "depreciationAndAmortization": "306000000", "incomeBeforeTax": "669000000", "incomeTaxExpense": "200000000", "interestAndDebtExpense": "None", "netIncomeFromContinuingOperations": "469000000", "comprehensiveIncomeNetOfTax": "None", "ebit": "748000000", "ebitda": "1054000000", "netIncome": "468000000"}, {"fiscalDateEnding": "2024-06-30", "reportedCurrency": "USD", "grossProfit": "2585000000", "totalRevenue": "4120000000", "costOfRevenue": "1535000000", "costofGoodsAndServicesSold": "1535000000", "operatingIncome": "747000000", "sellingGeneralAndAdministrative": "1446000000", "researchAndDevelopment": "383000000", "operatingExpenses": "1838000000", "investmentIncomeNet": "None", "netInterestIncome": "-77000000", "interestIncome": "None", "interestExpense": "77000000", "nonInterestIncome": "None", "otherNonOperatingIncome": "None", "depreciation": "None", "depreciationAndAmortization": "311000000", "incomeBeforeTax": "420000000", "incomeTaxExpense": "98000000", "interestAndDebtExpense": "None", "netIncomeFromContinuingOperations": "322000000", "comprehensiveIncomeNetOfTax": "None", "ebit": "501000000", "ebitda": "812000000", "netIncome": "324000000"}, {"fiscalDateEnding": "2024-03-31", "reportedCurrency": "USD", "grossProfit": "2647000000", "totalRevenue": "3856000000", "costOfRevenue": "1209000000", "costofGoodsAndServicesSold": "1209000000", "operatingIncome": "693000000", "sellingGeneralAndAdministrative": "1364000000", "researchAndDevelopment": "366000000", "operatingExpenses": "1954000000", "investmentIncomeNet": "None", "netInterestIncome": "-69000000", "interestIncome": "None", "interestExpense": "69000000", "nonInterestIncome": "None", "otherNonOperatingIncome": "None", "depreciation": "None", "depreciationAndAmortization": "304000000", "incomeBeforeTax": "608000000", "incomeTaxExpense": "115000000", "interestAndDebtExpense": "None", "netIncomeFromContinuingOperations": "493000000", "comprehensiveIncomeNetOfTax": "None", "ebit": "680000000", "ebitda": "984000000", "netIncome": "492000000"}, {"fiscalDateEnding": "2023-12-31", "reportedCurrency": "USD", "grossProfit": "2578000000", "totalRevenue": "3725000000", "costOfRevenue": "1147000000", "costofGoodsAndServicesSold": "1147000000", "operatingIncome": "584000000", "sellingGeneralAndAdministrative": "1379000000", "researchAndDevelopment": "363000000", "operatingExpenses": "1961000000", "investmentIncomeNet": "None", "netInterestIncome": "-43000000", "interestIncome": "None", "interestExpense": "65000000", "nonInterestIncome": "None", "otherNonOperatingIncome": "None", "depreciation": "None", "depreciationAndAmortization": "313000000", "incomeBeforeTax": "505000000", "incomeTaxExpense": "1000000", "interestAndDebtExpense": "None", "netIncomeFromContinuingOperations": "504000000", "comprehensiveIncomeNetOfTax": "None", "ebit": "570000000", "ebitda": "883000000", "netIncome": "505000000"}, {"fiscalDateEnding": "2023-09-30", "reportedCurrency": "USD", "grossProfit": "2415000000", "totalRevenue": "3527000000", "costOfRevenue": "1112000000", "costofGoodsAndServicesSold": "1112000000", "operatingIncome": "693000000", "sellingGeneralAndAdministrative": "1242000000", "researchAndDevelopment": "356000000", "operatingExpenses": "1806000000", "investmentIncomeNet": "None", "netInterestIncome": "-66000000", "interestIncome": "66000000", "interestExpense": "66000000", "nonInterestIncome": "None", "otherNonOperatingIncome": "None", "depreciation": "None", "depreciationAndAmortization": "301000000", "incomeBeforeTax": "610000000", "incomeTaxExpense": "105000000", "interestAndDebtExpense": "None", "netIncomeFromContinuingOperations": "504000000", "comprehensiveIncomeNetOfTax": "None", "ebit": "675000000", "ebitda": "976000000", "netIncome": "504000000"}, {"fiscalDateEnding": "2023-06-30", "reportedCurrency": "USD", "grossProfit": "2529000000", "totalRevenue": "3599000000", "costOfRevenue": "1070000000", "costofGoodsAndServicesSold": "1070000000", "operatingIncome": "514000000", "sellingGeneralAndAdministrative": "207000000", "researchAndDevelopment": "359000000", "operatingExpenses": "1923000000", "investmentIncomeNet": "None", "netInterestIncome": "-70000000", "interestIncome": "79000000", "interestExpense": "70000000", "nonInterestIncome": "None", "otherNonOperatingIncome": "-18000000", "depreciation": "None", "depreciationAndAmortization": "298000000", "incomeBeforeTax": "426000000", "incomeTaxExpense": "156000000", "interestAndDebtExpense": "None", "netIncomeFromContinuingOperations": "270000000", "comprehensiveIncomeNetOfTax": "None", "ebit": "497000000", "ebitda": "795000000", "netIncome": "270000000"}, {"fiscalDateEnding": "2023-03-31", "reportedCurrency": "USD", "grossProfit": "2349000000", "totalRevenue": "3389000000", "costOfRevenue": "1040000000", "costofGoodsAndServicesSold": "1040000000", "operatingIncome": "552000000", "sellingGeneralAndAdministrative": "207000000", "researchAndDevelopment": "337000000", "operatingExpenses": "1797000000", "investmentIncomeNet": "None", "netInterestIncome": "-65000000", "interestIncome": "65000000", "interestExpense": "65000000", "nonInterestIncome": "None", "otherNonOperatingIncome": "-43000000", "depreciation": "None", "depreciationAndAmortization": "285000000", "incomeBeforeTax": "444000000", "incomeTaxExpense": "131000000", "interestAndDebtExpense": "None", "netIncomeFromContinuingOperations": "314000000", "comprehensiveIncomeNetOfTax": "None", "ebit": "509000000", "ebitda": "794000000", "netIncome": "314000000"}, {"fiscalDateEnding": "2022-12-31", "reportedCurrency": "USD", "grossProfit": "2218000000", "totalRevenue": "3242000000", "costOfRevenue": "1024000000", "costofGoodsAndServicesSold": "1024000000", "operatingIncome": "586000000", "sellingGeneralAndAdministrative": "207000000", "researchAndDevelopment": "330000000", "operatingExpenses": "1692000000", "investmentIncomeNet": "None", "netInterestIncome": "-64000000", "interestIncome": "64000000", "interestExpense": "64000000", "nonInterestIncome": "None", "otherNonOperatingIncome": "58000000", "depreciation": "None", "depreciationAndAmortization": "294000000", "incomeBeforeTax": "396000000", "incomeTaxExpense": "256000000", "interestAndDebtExpense": "None", "netIncomeFromContinuingOperations": "140000000", "comprehensiveIncomeNetOfTax": "None", "ebit": "463000000", "ebitda": "757000000", "netIncome": "140000000"}, {"fiscalDateEnding": "2022-09-30", "reportedCurrency": "USD", "grossProfit": "2180000000", "totalRevenue": "3170000000", "costOfRevenue": "990000000", "costofGoodsAndServicesSold": "990000000", "operatingIncome": "358000000", "sellingGeneralAndAdministrative": "1152000000", "researchAndDevelopment": "339000000", "operatingExpenses": "1673000000", "investmentIncomeNet": "None", "netInterestIncome": "-63000000", "interestIncome": "63000000", "interestExpense": "63000000", "nonInterestIncome": "None", "otherNonOperatingIncome": "-51000000", "depreciation": "None", "depreciationAndAmortization": "284000000", "incomeBeforeTax": "245000000", "incomeTaxExpense": "57000000", "interestAndDebtExpense": "None", "netIncomeFromContinuingOperations": "188000000", "comprehensiveIncomeNetOfTax": "None", "ebit": "309000000", "ebitda": "593000000", "netIncome": "174000000"}, {"fiscalDateEnding": "2022-06-30", "reportedCurrency": "USD", "grossProfit": "2222000000", "totalRevenue": "3244000000", "costOfRevenue": "1022000000", "costofGoodsAndServicesSold": "1022000000", "operatingIncome": "423000000", "sellingGeneralAndAdministrative": "207000000", "researchAndDevelopment": "335000000", "operatingExpenses": "1704000000", "investmentIncomeNet": "None", "netInterestIncome": "-64000000", "interestIncome": "1000000", "interestExpense": "64000000", "nonInterestIncome": "None", "otherNonOperatingIncome": "-14000000", "depreciation": "None", "depreciationAndAmortization": "284000000", "incomeBeforeTax": "345000000", "incomeTaxExpense": "85000000", "interestAndDebtExpense": "None", "netIncomeFromContinuingOperations": "260000000", "comprehensiveIncomeNetOfTax": "None", "ebit": "408000000", "ebitda": "692000000", "netIncome": "246000000"}, {"fiscalDateEnding": "2022-03-31", "reportedCurrency": "USD", "grossProfit": "2059000000", "totalRevenue": "3026000000", "costOfRevenue": "967000000", "costofGoodsAndServicesSold": "967000000", "operatingIncome": "466000000", "sellingGeneralAndAdministrative": "1060000000", "researchAndDevelopment": "319000000", "operatingExpenses": "1577000000", "investmentIncomeNet": "None", "netInterestIncome": "-279000000", "interestIncome": "4000000", "interestExpense": "279000000", "nonInterestIncome": "None", "otherNonOperatingIncome": "-31000000", "depreciation": "None", "depreciationAndAmortization": "274000000", "incomeBeforeTax": "156000000", "incomeTaxExpense": "45000000", "interestAndDebtExpense": "None", "netIncomeFromContinuingOperations": "110000000", "comprehensiveIncomeNetOfTax": "None", "ebit": "451000000", "ebitda": "725000000", "netIncome": "96000000"}, {"fiscalDateEnding": "2021-12-31", "reportedCurrency": "USD", "grossProfit": "2145000000", "totalRevenue": "3127000000", "costOfRevenue": "982000000", "costofGoodsAndServicesSold": "982000000", "operatingIncome": "180000000", "sellingGeneralAndAdministrative": "1153000000", "researchAndDevelopment": "320000000", "operatingExpenses": "1665000000", "investmentIncomeNet": "None", "netInterestIncome": "-87000000", "interestIncome": "87000000", "interestExpense": "87000000", "nonInterestIncome": "None", "otherNonOperatingIncome": "26000000", "depreciation": "None", "depreciationAndAmortization": "290000000", "incomeBeforeTax": "120000000", "incomeTaxExpense": "26000000", "interestAndDebtExpense": "None", "netIncomeFromContinuingOperations": "94000000", "comprehensiveIncomeNetOfTax": "None", "ebit": "208000000", "ebitda": "498000000", "netIncome": "82000000"}, {"fiscalDateEnding": "2021-09-30", "reportedCurrency": "USD", "grossProfit": "2018000000", "totalRevenue": "2932000000", "costOfRevenue": "914000000", "costofGoodsAndServicesSold": "914000000", "operatingIncome": "387000000", "sellingGeneralAndAdministrative": "1066000000", "researchAndDevelopment": "310000000", "operatingExpenses": "1560000000", "investmentIncomeNet": "None", "netInterestIncome": "-86000000", "interestIncome": "86000000", "interestExpense": "86000000", "nonInterestIncome": "None", "otherNonOperatingIncome": "181000000", "depreciation": "None", "depreciationAndAmortization": "272000000", "incomeBeforeTax": "483000000", "incomeTaxExpense": "64000000", "interestAndDebtExpense": "None", "netIncomeFromContinuingOperations": "419000000", "comprehensiveIncomeNetOfTax": "None", "ebit": "569000000", "ebitda": "841000000", "netIncome": "405000000"}, {"fiscalDateEnding": "2021-06-30", "reportedCurrency": "USD", "grossProfit": "2120000000", "totalRevenue": "3077000000", "costOfRevenue": "957000000", "costofGoodsAndServicesSold": "957000000", "operatingIncome": "262000000", "sellingGeneralAndAdministrative": "1121000000", "researchAndDevelopment": "298000000", "operatingExpenses": "1599000000", "investmentIncomeNet": "None", "netInterestIncome": "-86000000", "interestIncome": "86000000", "interestExpense": "86000000", "nonInterestIncome": "None", "otherNonOperatingIncome": "-26000000", "depreciation": "None", "depreciationAndAmortization": "263000000", "incomeBeforeTax": "149000000", "incomeTaxExpense": "-37000000", "interestAndDebtExpense": "None", "netIncomeFromContinuingOperations": "186000000", "comprehensiveIncomeNetOfTax": "None", "ebit": "237000000", "ebitda": "500000000", "netIncome": "172000000"}, {"fiscalDateEnding": "2021-03-31", "reportedCurrency": "USD", "grossProfit": "1846000000", "totalRevenue": "2752000000", "costOfRevenue": "906000000", "costofGoodsAndServicesSold": "906000000", "operatingIncome": "370000000", "sellingGeneralAndAdministrative": "1013000000", "researchAndDevelopment": "276000000", "operatingExpenses": "1480000000", "investmentIncomeNet": "None", "netInterestIncome": "-82000000", "interestIncome": "82000000", "interestExpense": "82000000", "nonInterestIncome": "None", "otherNonOperatingIncome": "37000000", "depreciation": "None", "depreciationAndAmortization": "268000000", "incomeBeforeTax": "325000000", "incomeTaxExpense": "-16000000", "interestAndDebtExpense": "None", "netIncomeFromContinuingOperations": "341000000", "comprehensiveIncomeNetOfTax": "None", "ebit": "414000000", "ebitda": "682000000", "netIncome": "327000000"}, {"fiscalDateEnding": "2020-12-31", "reportedCurrency": "USD", "grossProfit": "1694000000", "totalRevenue": "2708000000", "costOfRevenue": "1014000000", "costofGoodsAndServicesSold": "1014000000", "operatingIncome": "-8000000", "sellingGeneralAndAdministrative": "1027000000", "researchAndDevelopment": "286000000", "operatingExpenses": "1507000000", "investmentIncomeNet": "None", "netInterestIncome": "-96000000", "interestIncome": "96000000", "interestExpense": "96000000", "nonInterestIncome": "None", "otherNonOperatingIncome": "352000000", "depreciation": "None", "depreciationAndAmortization": "194000000", "incomeBeforeTax": "248000000", "incomeTaxExpense": "96000000", "interestAndDebtExpense": "None", "netIncomeFromContinuingOperations": "212000000", "comprehensiveIncomeNetOfTax": "None", "ebit": "403000000", "ebitda": "597000000", "netIncome": "152000000"}, {"fiscalDateEnding": "2020-09-30", "reportedCurrency": "USD", "grossProfit": "1778000000", "totalRevenue": "2659000000", "costOfRevenue": "881000000", "costofGoodsAndServicesSold": "881000000", "operatingIncome": "-205000000", "sellingGeneralAndAdministrative": "984000000", "researchAndDevelopment": "315000000", "operatingExpenses": "1496000000", "investmentIncomeNet": "None", "netInterestIncome": "-86000000", "interestIncome": "38000000", "interestExpense": "86000000", "nonInterestIncome": "None", "otherNonOperatingIncome": "64000000", "depreciation": "None", "depreciationAndAmortization": "282000000", "incomeBeforeTax": "-227000000", "incomeTaxExpense": "-72000000", "interestAndDebtExpense": "None", "netIncomeFromContinuingOperations": "-155000000", "comprehensiveIncomeNetOfTax": "None", "ebit": "-137000000", "ebitda": "145000000", "netIncome": "-155000000"}, {"fiscalDateEnding": "2020-06-30", "reportedCurrency": "USD", "grossProfit": "1204000000", "totalRevenue": "2003000000", "costOfRevenue": "799000000", "costofGoodsAndServicesSold": "799000000", "operatingIncome": "-71000000", "sellingGeneralAndAdministrative": "798000000", "researchAndDevelopment": "242000000", "operatingExpenses": "1237000000", "investmentIncomeNet": "None", "netInterestIncome": "-91000000", "interestIncome": "108000000", "interestExpense": "91000000", "nonInterestIncome": "None", "otherNonOperatingIncome": "-18000000", "depreciation": "None", "depreciationAndAmortization": "275000000", "incomeBeforeTax": "-181000000", "incomeTaxExpense": "-33000000", "interestAndDebtExpense": "None", "netIncomeFromContinuingOperations": "-148000000", "comprehensiveIncomeNetOfTax": "None", "ebit": "-84000000", "ebitda": "191000000", "netIncome": "-147000000"}, {"fiscalDateEnding": "2020-03-31", "reportedCurrency": "USD", "grossProfit": "1725000000", "totalRevenue": "2543000000", "costOfRevenue": "818000000", "costofGoodsAndServicesSold": "818000000", "operatingIncome": "146000000", "sellingGeneralAndAdministrative": "978000000", "researchAndDevelopment": "300000000", "operatingExpenses": "1479000000", "investmentIncomeNet": "None", "netInterestIncome": "-87000000", "interestIncome": "1000000", "interestExpense": "88000000", "nonInterestIncome": "None", "otherNonOperatingIncome": "-36000000", "depreciation": "None", "depreciationAndAmortization": "277000000", "incomeBeforeTax": "22000000", "incomeTaxExpense": "12000000", "interestAndDebtExpense": "None", "netIncomeFromContinuingOperations": "10000000", "comprehensiveIncomeNetOfTax": "None", "ebit": "115000000", "ebitda": "392000000", "netIncome": "11000000"}, {"fiscalDateEnding": "2019-12-31", "reportedCurrency": "USD", "grossProfit": "2037000000", "totalRevenue": "2905000000", "costOfRevenue": "868000000", "costofGoodsAndServicesSold": "868000000", "operatingIncome": "210000000", "sellingGeneralAndAdministrative": "1092000000", "researchAndDevelopment": "309000000", "operatingExpenses": "1602000000", "investmentIncomeNet": "None", "netInterestIncome": "-178000000", "interestIncome": "1000000", "interestExpense": "179000000", "nonInterestIncome": "None", "otherNonOperatingIncome": "-36000000", "depreciation": "None", "depreciationAndAmortization": "201000000", "incomeBeforeTax": "-6000000", "incomeTaxExpense": "-4002000000", "interestAndDebtExpense": "None", "netIncomeFromContinuingOperations": "3996000000", "comprehensiveIncomeNetOfTax": "None", "ebit": "173000000", "ebitda": "374000000", "netIncome": "3996000000"}, {"fiscalDateEnding": "2019-09-30", "reportedCurrency": "USD", "grossProfit": "1915000000", "totalRevenue": "2707000000", "costOfRevenue": "792000000", "costofGoodsAndServicesSold": "792000000", "operatingIncome": "383000000", "sellingGeneralAndAdministrative": "1012000000", "researchAndDevelopment": "306000000", "operatingExpenses": "1496000000", "investmentIncomeNet": "None", "netInterestIncome": "-87000000", "interestIncome": "8000000", "interestExpense": "95000000", "nonInterestIncome": "None", "otherNonOperatingIncome": "-197000000", "depreciation": "None", "depreciationAndAmortization": "178000000", "incomeBeforeTax": "91000000", "incomeTaxExpense": "-35000000", "interestAndDebtExpense": "None", "netIncomeFromContinuingOperations": "126000000", "comprehensiveIncomeNetOfTax": "None", "ebit": "186000000", "ebitda": "364000000", "netIncome": "126000000"}, {"fiscalDateEnding": "2019-06-30", "reportedCurrency": "USD", "grossProfit": "1856000000", "totalRevenue": "2631000000", "costOfRevenue": "775000000", "costofGoodsAndServicesSold": "775000000", "operatingIncome": "384000000", "sellingGeneralAndAdministrative": "968000000", "researchAndDevelopment": "280000000", "operatingExpenses": "1409000000", "investmentIncomeNet": "None", "netInterestIncome": "-75000000", "interestIncome": "14000000", "interestExpense": "89000000", "nonInterestIncome": "None", "otherNonOperatingIncome": "-150000000", "depreciation": "None", "depreciationAndAmortization": "161000000", "incomeBeforeTax": "145000000", "incomeTaxExpense": "-9000000", "interestAndDebtExpense": "None", "netIncomeFromContinuingOperations": "154000000", "comprehensiveIncomeNetOfTax": "None", "ebit": "234000000", "ebitda": "395000000", "netIncome": "154000000"}, {"fiscalDateEnding": "2019-03-31", "reportedCurrency": "USD", "grossProfit": "1747000000", "totalRevenue": "2493000000", "costOfRevenue": "746000000", "costofGoodsAndServicesSold": "746000000", "operatingIncome": "541000000", "sellingGeneralAndAdministrative": "869000000", "researchAndDevelopment": "280000000", "operatingExpenses": "1309000000", "investmentIncomeNet": "None", "netInterestIncome": "-102000000", "interestIncome": "7000000", "interestExpense": "109000000", "nonInterestIncome": "None", "otherNonOperatingIncome": "25000000", "depreciation": "None", "depreciationAndAmortization": "160000000", "incomeBeforeTax": "457000000", "incomeTaxExpense": "33000000", "interestAndDebtExpense": "None", "netIncomeFromContinuingOperations": "424000000", "comprehensiveIncomeNetOfTax": "None", "ebit": "566000000", "ebitda": "726000000", "netIncome": "424000000"}, {"fiscalDateEnding": "2018-12-31", "reportedCurrency": "USD", "grossProfit": "1814000000", "totalRevenue": "2561000000", "costOfRevenue": "747000000", "costofGoodsAndServicesSold": "747000000", "operatingIncome": "319000000", "sellingGeneralAndAdministrative": "953000000", "researchAndDevelopment": "288000000", "operatingExpenses": "1403000000", "investmentIncomeNet": "None", "netInterestIncome": "None", "interestIncome": "None", "interestExpense": "64000000", "nonInterestIncome": "None", "otherNonOperatingIncome": "41000000", "depreciation": "None", "depreciationAndAmortization": "162000000", "incomeBeforeTax": "296000000", "incomeTaxExpense": "-90000000", "interestAndDebtExpense": "None", "netIncomeFromContinuingOperations": "386000000", "comprehensiveIncomeNetOfTax": "None", "ebit": "360000000", "ebitda": "522000000", "netIncome": "386000000"}, {"fiscalDateEnding": "2018-09-30", "reportedCurrency": "USD", "grossProfit": "1704000000", "totalRevenue": "2393000000", "costOfRevenue": "689000000", "costofGoodsAndServicesSold": "689000000", "operatingIncome": "388000000", "sellingGeneralAndAdministrative": "870000000", "researchAndDevelopment": "289000000", "operatingExpenses": "1307000000", "investmentIncomeNet": "None", "netInterestIncome": "None", "interestIncome": "None", "interestExpense": "58000000", "nonInterestIncome": "None", "otherNonOperatingIncome": "126000000", "depreciation": "None", "depreciationAndAmortization": "148000000", "incomeBeforeTax": "456000000", "incomeTaxExpense": "24000000", "interestAndDebtExpense": "None", "netIncomeFromContinuingOperations": "432000000", "comprehensiveIncomeNetOfTax": "None", "ebit": "514000000", "ebitda": "662000000", "netIncome": "432000000"}, {"fiscalDateEnding": "2018-06-30", "reportedCurrency": "USD", "grossProfit": "1734000000", "totalRevenue": "2490000000", "costOfRevenue": "756000000", "costofGoodsAndServicesSold": "756000000", "operatingIncome": "392000000", "sellingGeneralAndAdministrative": "886000000", "researchAndDevelopment": "275000000", "operatingExpenses": "1308000000", "investmentIncomeNet": "None", "netInterestIncome": "None", "interestIncome": "None", "interestExpense": "57000000", "nonInterestIncome": "None", "otherNonOperatingIncome": "12000000", "depreciation": "None", "depreciationAndAmortization": "147000000", "incomeBeforeTax": "347000000", "incomeTaxExpense": "-209000000", "interestAndDebtExpense": "None", "netIncomeFromContinuingOperations": "556000000", "comprehensiveIncomeNetOfTax": "None", "ebit": "404000000", "ebitda": "551000000", "netIncome": "555000000"}, {"fiscalDateEnding": "2018-03-31", "reportedCurrency": "USD", "grossProfit": "1689000000", "totalRevenue": "2379000000", "costOfRevenue": "690000000", "costofGoodsAndServicesSold": "690000000", "operatingIncome": "407000000", "sellingGeneralAndAdministrative": "860000000", "researchAndDevelopment": "261000000", "operatingExpenses": "1262000000", "investmentIncomeNet": "None", "netInterestIncome": "None", "interestIncome": "None", "interestExpense": "61000000", "nonInterestIncome": "None", "otherNonOperatingIncome": "-23000000", "depreciation": "None", "depreciationAndAmortization": "141000000", "incomeBeforeTax": "323000000", "incomeTaxExpense": "26000000", "interestAndDebtExpense": "None", "netIncomeFromContinuingOperations": "297000000", "comprehensiveIncomeNetOfTax": "None", "ebit": "384000000", "ebitda": "525000000", "netIncome": "298000000"}, {"fiscalDateEnding": "2017-12-31", "reportedCurrency": "USD", "grossProfit": "1717000000", "totalRevenue": "2408000000", "costOfRevenue": "691000000", "costofGoodsAndServicesSold": "691000000", "operatingIncome": "319000000", "sellingGeneralAndAdministrative": "886000000", "researchAndDevelopment": "264000000", "operatingExpenses": "1292000000", "investmentIncomeNet": "None", "netInterestIncome": "None", "interestIncome": "None", "interestExpense": "56000000", "nonInterestIncome": "None", "otherNonOperatingIncome": "-35000000", "depreciation": "None", "depreciationAndAmortization": "142000000", "incomeBeforeTax": "227000000", "incomeTaxExpense": "842000000", "interestAndDebtExpense": "None", "netIncomeFromContinuingOperations": "-614000000", "comprehensiveIncomeNetOfTax": "None", "ebit": "364000000", "ebitda": "506000000", "netIncome": "-615000000"}, {"fiscalDateEnding": "2017-09-30", "reportedCurrency": "USD", "grossProfit": "1569000000", "totalRevenue": "2222000000", "costOfRevenue": "653000000", "costofGoodsAndServicesSold": "653000000", "operatingIncome": "377000000", "sellingGeneralAndAdministrative": "800000000", "researchAndDevelopment": "254000000", "operatingExpenses": "1193000000", "investmentIncomeNet": "None", "netInterestIncome": "None", "interestIncome": "None", "interestExpense": "57000000", "nonInterestIncome": "None", "otherNonOperatingIncome": "-11000000", "depreciation": "None", "depreciationAndAmortization": "139000000", "incomeBeforeTax": "309000000", "incomeTaxExpense": "26000000", "interestAndDebtExpense": "None", "netIncomeFromContinuingOperations": "283000000", "comprehensiveIncomeNetOfTax": "None", "ebit": "437000000", "ebitda": "576000000", "netIncome": "283000000"}, {"fiscalDateEnding": "2017-06-30", "reportedCurrency": "USD", "grossProfit": "1608000000", "totalRevenue": "2257000000", "costOfRevenue": "649000000", "costofGoodsAndServicesSold": "649000000", "operatingIncome": "225000000", "sellingGeneralAndAdministrative": "815000000", "researchAndDevelopment": "244000000", "operatingExpenses": "1201000000", "investmentIncomeNet": "None", "netInterestIncome": "None", "interestIncome": "None", "interestExpense": "58000000", "nonInterestIncome": "None", "otherNonOperatingIncome": "-76000000", "depreciation": "None", "depreciationAndAmortization": "142000000", "incomeBeforeTax": "91000000", "incomeTaxExpense": "-55000000", "interestAndDebtExpense": "None", "netIncomeFromContinuingOperations": "146000000", "comprehensiveIncomeNetOfTax": "None", "ebit": "214000000", "ebitda": "356000000", "netIncome": "146000000"}, {"fiscalDateEnding": "2017-03-31", "reportedCurrency": "USD", "grossProfit": "1493000000", "totalRevenue": "2160000000", "costOfRevenue": "667000000", "costofGoodsAndServicesSold": "667000000", "operatingIncome": "364000000", "sellingGeneralAndAdministrative": "794000000", "researchAndDevelopment": "235000000", "operatingExpenses": "1172000000", "investmentIncomeNet": "None", "netInterestIncome": "None", "interestIncome": "None", "interestExpense": "57000000", "nonInterestIncome": "None", "otherNonOperatingIncome": "-2000000", "depreciation": "None", "depreciationAndAmortization": "143000000", "incomeBeforeTax": "305000000", "incomeTaxExpense": "15000000", "interestAndDebtExpense": "None", "netIncomeFromContinuingOperations": "290000000", "comprehensiveIncomeNetOfTax": "None", "ebit": "425000000", "ebitda": "568000000", "netIncome": "290000000"}, {"fiscalDateEnding": "2016-12-31", "reportedCurrency": "USD", "grossProfit": "1552000000", "totalRevenue": "2191000000", "costOfRevenue": "639000000", "costofGoodsAndServicesSold": "639000000", "operatingIncome": "140000000", "sellingGeneralAndAdministrative": "831000000", "researchAndDevelopment": "256000000", "operatingExpenses": "1225000000", "investmentIncomeNet": "None", "netInterestIncome": "None", "interestIncome": "None", "interestExpense": "58000000", "nonInterestIncome": "None", "otherNonOperatingIncome": "6000000", "depreciation": "None", "depreciationAndAmortization": "138000000", "incomeBeforeTax": "89000000", "incomeTaxExpense": "-35000000", "interestAndDebtExpense": "None", "netIncomeFromContinuingOperations": "124000000", "comprehensiveIncomeNetOfTax": "None", "ebit": "223000000", "ebitda": "361000000", "netIncome": "124000000"}, {"fiscalDateEnding": "2016-09-30", "reportedCurrency": "USD", "grossProfit": "1491000000", "totalRevenue": "2105000000", "costOfRevenue": "614000000", "costofGoodsAndServicesSold": "614000000", "operatingIncome": "348000000", "sellingGeneralAndAdministrative": "772000000", "researchAndDevelopment": "232000000", "operatingExpenses": "1140000000", "investmentIncomeNet": "None", "netInterestIncome": "None", "interestIncome": "None", "interestExpense": "58000000", "nonInterestIncome": "None", "otherNonOperatingIncome": "-33000000", "depreciation": "None", "depreciationAndAmortization": "136000000", "incomeBeforeTax": "257000000", "incomeTaxExpense": "29000000", "interestAndDebtExpense": "None", "netIncomeFromContinuingOperations": "228000000", "comprehensiveIncomeNetOfTax": "None", "ebit": "382000000", "ebitda": "518000000", "netIncome": "228000000"}, {"fiscalDateEnding": "2016-06-30", "reportedCurrency": "USD", "grossProfit": "1467000000", "totalRevenue": "2126000000", "costOfRevenue": "659000000", "costofGoodsAndServicesSold": "659000000", "operatingIncome": "-334000000", "sellingGeneralAndAdministrative": "779000000", "researchAndDevelopment": "222000000", "operatingExpenses": "1136000000", "investmentIncomeNet": "None", "netInterestIncome": "None", "interestIncome": "None", "interestExpense": "59000000", "nonInterestIncome": "None", "otherNonOperatingIncome": "-4000000", "depreciation": "None", "depreciationAndAmortization": "135000000", "incomeBeforeTax": "-397000000", "incomeTaxExpense": "-190000000", "interestAndDebtExpense": "None", "netIncomeFromContinuingOperations": "-207000000", "comprehensiveIncomeNetOfTax": "None", "ebit": "-469000000", "ebitda": "-334000000", "netIncome": "-207000000"}, {"fiscalDateEnding": "2016-03-31", "reportedCurrency": "USD", "grossProfit": "1372000000", "totalRevenue": "1964000000", "costOfRevenue": "592000000", "costofGoodsAndServicesSold": "592000000", "operatingIncome": "293000000", "sellingGeneralAndAdministrative": "716000000", "researchAndDevelopment": "210000000", "operatingExpenses": "1062000000", "investmentIncomeNet": "None", "netInterestIncome": "None", "interestIncome": "None", "interestExpense": "59000000", "nonInterestIncome": "None", "otherNonOperatingIncome": "-6000000", "depreciation": "None", "depreciationAndAmortization": "136000000", "incomeBeforeTax": "228000000", "incomeTaxExpense": "26000000", "interestAndDebtExpense": "None", "netIncomeFromContinuingOperations": "202000000", "comprehensiveIncomeNetOfTax": "None", "ebit": "287000000", "ebitda": "423000000", "netIncome": "202000000"}, {"fiscalDateEnding": "2015-12-31", "reportedCurrency": "USD", "grossProfit": "1388000000", "totalRevenue": "1978000000", "costOfRevenue": "590000000", "costofGoodsAndServicesSold": "590000000", "operatingIncome": "-271000000", "sellingGeneralAndAdministrative": "778000000", "researchAndDevelopment": "244000000", "operatingExpenses": "1156000000", "investmentIncomeNet": "None", "netInterestIncome": "None", "interestIncome": "None", "interestExpense": "59000000", "nonInterestIncome": "None", "otherNonOperatingIncome": "-6000000", "depreciation": "None", "depreciationAndAmortization": "135000000", "incomeBeforeTax": "-338000000", "incomeTaxExpense": "-196000000", "interestAndDebtExpense": "None", "netIncomeFromContinuingOperations": "-142000000", "comprehensiveIncomeNetOfTax": "None", "ebit": "-406000000", "ebitda": "-271000000", "netIncome": "-142000000"}, {"fiscalDateEnding": "2015-09-30", "reportedCurrency": "USD", "grossProfit": "1332000000", "totalRevenue": "1888000000", "costOfRevenue": "556000000", "costofGoodsAndServicesSold": "556000000", "operatingIncome": "-299000000", "sellingGeneralAndAdministrative": "729000000", "researchAndDevelopment": "221000000", "operatingExpenses": "1081000000", "investmentIncomeNet": "None", "netInterestIncome": "None", "interestIncome": "None", "interestExpense": "58000000", "nonInterestIncome": "None", "otherNonOperatingIncome": "-10000000", "depreciation": "None", "depreciationAndAmortization": "131000000", "incomeBeforeTax": "-367000000", "incomeTaxExpense": "-169000000", "interestAndDebtExpense": "None", "netIncomeFromContinuingOperations": "-198000000", "comprehensiveIncomeNetOfTax": "None", "ebit": "-430000000", "ebitda": "-299000000", "netIncome": "-198000000"}, {"fiscalDateEnding": "2015-06-30", "reportedCurrency": "USD", "grossProfit": "1285000000", "totalRevenue": "1843000000", "costOfRevenue": "558000000", "costofGoodsAndServicesSold": "558000000", "operatingIncome": "219000000", "sellingGeneralAndAdministrative": "700000000", "researchAndDevelopment": "220000000", "operatingExpenses": "1036000000", "investmentIncomeNet": "None", "netInterestIncome": "None", "interestIncome": "None", "interestExpense": "106000000", "nonInterestIncome": "None", "otherNonOperatingIncome": "-8000000", "depreciation": "None", "depreciationAndAmortization": "116000000", "incomeBeforeTax": "105000000", "incomeTaxExpense": "3000000", "interestAndDebtExpense": "None", "netIncomeFromContinuingOperations": "102000000", "comprehensiveIncomeNetOfTax": "None", "ebit": "211000000", "ebitda": "327000000", "netIncome": "102000000"}, {"fiscalDateEnding": "2015-03-31", "reportedCurrency": "USD", "grossProfit": "1231000000", "totalRevenue": "1768000000", "costOfRevenue": "537000000", "costofGoodsAndServicesSold": "537000000", "operatingIncome": "24000000", "sellingGeneralAndAdministrative": "668000000", "researchAndDevelopment": "192000000", "operatingExpenses": "973000000", "investmentIncomeNet": "None", "netInterestIncome": "None", "interestIncome": "None", "interestExpense": "60000000", "nonInterestIncome": "None", "otherNonOperatingIncome": "-15000000", "depreciation": "None", "depreciationAndAmortization": "113000000", "incomeBeforeTax": "-51000000", "incomeTaxExpense": "-50000000", "interestAndDebtExpense": "None", "netIncomeFromContinuingOperations": "-1000000", "comprehensiveIncomeNetOfTax": "None", "ebit": "9000000", "ebitda": "122000000", "netIncome": "-1000000"}, {"fiscalDateEnding": "2014-12-31", "reportedCurrency": "USD", "grossProfit": "1303000000", "totalRevenue": "1887000000", "costOfRevenue": "584000000", "costofGoodsAndServicesSold": "584000000", "operatingIncome": "107000000", "sellingGeneralAndAdministrative": "752000000", "researchAndDevelopment": "208000000", "operatingExpenses": "1072000000", "investmentIncomeNet": "None", "netInterestIncome": "None", "interestIncome": "None", "interestExpense": "54000000", "nonInterestIncome": "None", "otherNonOperatingIncome": "-6000000", "depreciation": "None", "depreciationAndAmortization": "111000000", "incomeBeforeTax": "46000000", "incomeTaxExpense": "-41000000", "interestAndDebtExpense": "None", "netIncomeFromContinuingOperations": "-299000000", "comprehensiveIncomeNetOfTax": "None", "ebit": "-604000000", "ebitda": "-493000000", "netIncome": "87000000"}, {"fiscalDateEnding": "2014-09-30", "reportedCurrency": "USD", "grossProfit": "1275000000", "totalRevenue": "1846000000", "costOfRevenue": "571000000", "costofGoodsAndServicesSold": "571000000", "operatingIncome": "64000000", "sellingGeneralAndAdministrative": "741000000", "researchAndDevelopment": "212000000", "operatingExpenses": "1062000000", "investmentIncomeNet": "None", "netInterestIncome": "None", "interestIncome": "None", "interestExpense": "54000000", "nonInterestIncome": "None", "otherNonOperatingIncome": "-7000000", "depreciation": "None", "depreciationAndAmortization": "109000000", "incomeBeforeTax": "3000000", "incomeTaxExpense": "-40000000", "interestAndDebtExpense": "None", "netIncomeFromContinuingOperations": "43000000", "comprehensiveIncomeNetOfTax": "None", "ebit": "57000000", "ebitda": "166000000", "netIncome": "43000000"}, {"fiscalDateEnding": "2014-06-30", "reportedCurrency": "USD", "grossProfit": "1285000000", "totalRevenue": "1873000000", "costOfRevenue": "588000000", "costofGoodsAndServicesSold": "588000000", "operatingIncome": "-69000000", "sellingGeneralAndAdministrative": "743000000", "researchAndDevelopment": "206000000", "operatingExpenses": "1058000000", "investmentIncomeNet": "None", "netInterestIncome": "None", "interestIncome": "None", "interestExpense": "53000000", "nonInterestIncome": "None", "otherNonOperatingIncome": "18000000", "depreciation": "None", "depreciationAndAmortization": "109000000", "incomeBeforeTax": "-104000000", "incomeTaxExpense": "-108000000", "interestAndDebtExpense": "None", "netIncomeFromContinuingOperations": "4000000", "comprehensiveIncomeNetOfTax": "None", "ebit": "-51000000", "ebitda": "58000000", "netIncome": "4000000"}, {"fiscalDateEnding": "2014-03-31", "reportedCurrency": "USD", "grossProfit": "1197000000", "totalRevenue": "1774000000", "costOfRevenue": "577000000", "costofGoodsAndServicesSold": "577000000", "operatingIncome": "197000000", "sellingGeneralAndAdministrative": "666000000", "researchAndDevelopment": "191000000", "operatingExpenses": "966000000", "investmentIncomeNet": "None", "netInterestIncome": "None", "interestIncome": "None", "interestExpense": "54000000", "nonInterestIncome": "None", "otherNonOperatingIncome": "3000000", "depreciation": "None", "depreciationAndAmortization": "109000000", "incomeBeforeTax": "146000000", "incomeTaxExpense": "13000000", "interestAndDebtExpense": "None", "netIncomeFromContinuingOperations": "133000000", "comprehensiveIncomeNetOfTax": "None", "ebit": "200000000", "ebitda": "309000000", "netIncome": "133000000"}, {"fiscalDateEnding": "2013-12-31", "reportedCurrency": "USD", "grossProfit": "1259000000", "totalRevenue": "1838000000", "costOfRevenue": "579000000", "costofGoodsAndServicesSold": "579000000", "operatingIncome": "127000000", "sellingGeneralAndAdministrative": "724000000", "researchAndDevelopment": "216000000", "operatingExpenses": "1046000000", "investmentIncomeNet": "None", "netInterestIncome": "None", "interestIncome": "None", "interestExpense": "58000000", "nonInterestIncome": "None", "otherNonOperatingIncome": "-11000000", "depreciation": "None", "depreciationAndAmortization": "106000000", "incomeBeforeTax": "59000000", "incomeTaxExpense": "-49000000", "interestAndDebtExpense": "None", "netIncomeFromContinuingOperations": "108000000", "comprehensiveIncomeNetOfTax": "None", "ebit": "116000000", "ebitda": "222000000", "netIncome": "108000000"}, {"fiscalDateEnding": "2013-09-30", "reportedCurrency": "USD", "grossProfit": "1197000000", "totalRevenue": "1735000000", "costOfRevenue": "538000000", "costofGoodsAndServicesSold": "538000000", "operatingIncome": "103000000", "sellingGeneralAndAdministrative": "658000000", "researchAndDevelopment": "217000000", "operatingExpenses": "976000000", "investmentIncomeNet": "None", "netInterestIncome": "None", "interestIncome": "None", "interestExpense": "137000000", "nonInterestIncome": "None", "otherNonOperatingIncome": "-6000000", "depreciation": "None", "depreciationAndAmortization": "101000000", "incomeBeforeTax": "-40000000", "incomeTaxExpense": "-35000000", "interestAndDebtExpense": "None", "netIncomeFromContinuingOperations": "-5000000", "comprehensiveIncomeNetOfTax": "None", "ebit": "97000000", "ebitda": "198000000", "netIncome": "-5000000"}, {"fiscalDateEnding": "2013-06-30", "reportedCurrency": "USD", "grossProfit": "1232000000", "totalRevenue": "1809000000", "costOfRevenue": "577000000", "costofGoodsAndServicesSold": "577000000", "operatingIncome": "220000000", "sellingGeneralAndAdministrative": "661000000", "researchAndDevelopment": "223000000", "operatingExpenses": "985000000", "investmentIncomeNet": "None", "netInterestIncome": "None", "interestIncome": "None", "interestExpense": "65000000", "nonInterestIncome": "None", "otherNonOperatingIncome": "-3000000", "depreciation": "None", "depreciationAndAmortization": "101000000", "incomeBeforeTax": "152000000", "incomeTaxExpense": "22000000", "interestAndDebtExpense": "None", "netIncomeFromContinuingOperations": "130000000", "comprehensiveIncomeNetOfTax": "None", "ebit": "217000000", "ebitda": "318000000", "netIncome": "130000000"}, {"fiscalDateEnding": "2013-03-31", "reportedCurrency": "USD", "grossProfit": "1142000000", "totalRevenue": "1761000000", "costOfRevenue": "619000000", "costofGoodsAndServicesSold": "619000000", "operatingIncome": "-330000000", "sellingGeneralAndAdministrative": "631000000", "researchAndDevelopment": "204000000", "operatingExpenses": "938000000", "investmentIncomeNet": "None", "netInterestIncome": "None", "interestIncome": "None", "interestExpense": "65000000", "nonInterestIncome": "None", "otherNonOperatingIncome": "1000000", "depreciation": "None", "depreciationAndAmortization": "103000000", "incomeBeforeTax": "-394000000", "incomeTaxExpense": "-40000000", "interestAndDebtExpense": "None", "netIncomeFromContinuingOperations": "-354000000", "comprehensiveIncomeNetOfTax": "None", "ebit": "-433000000", "ebitda": "-330000000", "netIncome": "-354000000"}, {"fiscalDateEnding": "2012-12-31", "reportedCurrency": "USD", "grossProfit": "1210000000", "totalRevenue": "1821000000", "costOfRevenue": "611000000", "costofGoodsAndServicesSold": "611000000", "operatingIncome": "115000000", "sellingGeneralAndAdministrative": "515000000", "researchAndDevelopment": "239000000", "operatingExpenses": "979000000", "investmentIncomeNet": "None", "netInterestIncome": "None", "interestIncome": "None", "interestExpense": "64000000", "nonInterestIncome": "None", "otherNonOperatingIncome": "-3000000", "depreciation": "None", "depreciationAndAmortization": "101000000", "incomeBeforeTax": "50000000", "incomeTaxExpense": "-10000000", "interestAndDebtExpense": "None", "netIncomeFromContinuingOperations": "61000000", "comprehensiveIncomeNetOfTax": "None", "ebit": "116000000", "ebitda": "217000000", "netIncome": "61000000"}, {"fiscalDateEnding": "2012-09-30", "reportedCurrency": "USD", "grossProfit": "1177000000", "totalRevenue": "1735000000", "costOfRevenue": "558000000", "costofGoodsAndServicesSold": "558000000", "operatingIncome": "-655000000", "sellingGeneralAndAdministrative": "618000000", "researchAndDevelopment": "220000000", "operatingExpenses": "906000000", "investmentIncomeNet": "None", "netInterestIncome": "None", "interestIncome": "None", "interestExpense": "65000000", "nonInterestIncome": "None", "otherNonOperatingIncome": "-4000000", "depreciation": "None", "depreciationAndAmortization": "99000000", "incomeBeforeTax": "-724000000", "incomeTaxExpense": "1000000", "interestAndDebtExpense": "None", "netIncomeFromContinuingOperations": "-664000000", "comprehensiveIncomeNetOfTax": "None", "ebit": "-693000000", "ebitda": "-594000000", "netIncome": "-725000000"}, {"fiscalDateEnding": "2012-06-30", "reportedCurrency": "USD", "grossProfit": "1250000000", "totalRevenue": "1828000000", "costOfRevenue": "578000000", "costofGoodsAndServicesSold": "578000000", "operatingIncome": "-3412000000", "sellingGeneralAndAdministrative": "696000000", "researchAndDevelopment": "213000000", "operatingExpenses": "1009000000", "investmentIncomeNet": "None", "netInterestIncome": "None", "interestIncome": "None", "interestExpense": "64000000", "nonInterestIncome": "None", "otherNonOperatingIncome": "33000000", "depreciation": "None", "depreciationAndAmortization": "99000000", "incomeBeforeTax": "-3443000000", "incomeTaxExpense": "-39000000", "interestAndDebtExpense": "None", "netIncomeFromContinuingOperations": "-3578000000", "comprehensiveIncomeNetOfTax": "None", "ebit": "-3554000000", "ebitda": "-3455000000", "netIncome": "-3404000000"}, {"fiscalDateEnding": "2012-03-31", "reportedCurrency": "USD", "grossProfit": "1235000000", "totalRevenue": "1866000000", "costOfRevenue": "631000000", "costofGoodsAndServicesSold": "631000000", "operatingIncome": "196000000", "sellingGeneralAndAdministrative": "707000000", "researchAndDevelopment": "215000000", "operatingExpenses": "1019000000", "investmentIncomeNet": "None", "netInterestIncome": "None", "interestIncome": "None", "interestExpense": "69000000", "nonInterestIncome": "None", "otherNonOperatingIncome": "-4000000", "depreciation": "None", "depreciationAndAmortization": "97000000", "incomeBeforeTax": "123000000", "incomeTaxExpense": "10000000", "interestAndDebtExpense": "None", "netIncomeFromContinuingOperations": "113000000", "comprehensiveIncomeNetOfTax": "None", "ebit": "192000000", "ebitda": "289000000", "netIncome": "113000000"}, {"fiscalDateEnding": "2011-12-31", "reportedCurrency": "USD", "grossProfit": "1188000000", "totalRevenue": "1848000000", "costOfRevenue": "660000000", "costofGoodsAndServicesSold": "660000000", "operatingIncome": "170000000", "sellingGeneralAndAdministrative": "653000000", "researchAndDevelopment": "230000000", "operatingExpenses": "1017000000", "investmentIncomeNet": "None", "netInterestIncome": "None", "interestIncome": "None", "interestExpense": "71000000", "nonInterestIncome": "None", "otherNonOperatingIncome": "None", "depreciation": "None", "depreciationAndAmortization": "96000000", "incomeBeforeTax": "100000000", "incomeTaxExpense": "-7000000", "interestAndDebtExpense": "None", "netIncomeFromContinuingOperations": "107000000", "comprehensiveIncomeNetOfTax": "None", "ebit": "75000000", "ebitda": "171000000", "netIncome": "107000000"}, {"fiscalDateEnding": "2011-09-30", "reportedCurrency": "USD", "grossProfit": "1194000000", "totalRevenue": "1874000000", "costOfRevenue": "680000000", "costofGoodsAndServicesSold": "680000000", "operatingIncome": "174000000", "sellingGeneralAndAdministrative": "665000000", "researchAndDevelopment": "229000000", "operatingExpenses": "983000000", "investmentIncomeNet": "None", "netInterestIncome": "None", "interestIncome": "None", "interestExpense": "62000000", "nonInterestIncome": "None", "otherNonOperatingIncome": "-1000000", "depreciation": "None", "depreciationAndAmortization": "97000000", "incomeBeforeTax": "111000000", "incomeTaxExpense": "-31000000", "interestAndDebtExpense": "None", "netIncomeFromContinuingOperations": "142000000", "comprehensiveIncomeNetOfTax": "None", "ebit": "173000000", "ebitda": "270000000", "netIncome": "142000000"}, {"fiscalDateEnding": "2011-06-30", "reportedCurrency": "USD", "grossProfit": "1287000000", "totalRevenue": "1975000000", "costOfRevenue": "688000000", "costofGoodsAndServicesSold": "688000000", "operatingIncome": "237000000", "sellingGeneralAndAdministrative": "694000000", "researchAndDevelopment": "223000000", "operatingExpenses": "1013000000", "investmentIncomeNet": "None", "netInterestIncome": "None", "interestIncome": "None", "interestExpense": "73000000", "nonInterestIncome": "None", "otherNonOperatingIncome": "-6000000", "depreciation": "None", "depreciationAndAmortization": "96000000", "incomeBeforeTax": "158000000", "incomeTaxExpense": "12000000", "interestAndDebtExpense": "None", "netIncomeFromContinuingOperations": "146000000", "comprehensiveIncomeNetOfTax": "None", "ebit": "231000000", "ebitda": "327000000", "netIncome": "146000000"}, {"fiscalDateEnding": "2011-03-31", "reportedCurrency": "USD", "grossProfit": "1294000000", "totalRevenue": "1925000000", "costOfRevenue": "631000000", "costofGoodsAndServicesSold": "631000000", "operatingIncome": "296000000", "sellingGeneralAndAdministrative": "647000000", "researchAndDevelopment": "212000000", "operatingExpenses": "231000000", "investmentIncomeNet": "None", "netInterestIncome": "None", "interestIncome": "None", "interestExpense": "75000000", "nonInterestIncome": "None", "otherNonOperatingIncome": "26000000", "depreciation": "None", "depreciationAndAmortization": "132000000", "incomeBeforeTax": "247000000", "incomeTaxExpense": "227000000", "interestAndDebtExpense": "None", "netIncomeFromContinuingOperations": "46000000", "comprehensiveIncomeNetOfTax": "None", "ebit": "348000000", "ebitda": "480000000", "netIncome": "20000000"}, {"fiscalDateEnding": "2010-12-31", "reportedCurrency": "USD", "grossProfit": "1342000000", "totalRevenue": "2002000000", "costOfRevenue": "660000000", "costofGoodsAndServicesSold": "660000000", "operatingIncome": "348000000", "sellingGeneralAndAdministrative": "721000000", "researchAndDevelopment": "225000000", "operatingExpenses": "830000000", "investmentIncomeNet": "None", "netInterestIncome": "None", "interestIncome": "None", "interestExpense": "107000000", "nonInterestIncome": "None", "otherNonOperatingIncome": "-14000000", "depreciation": "None", "depreciationAndAmortization": "132000000", "incomeBeforeTax": "229000000", "incomeTaxExpense": "-7000000", "interestAndDebtExpense": "None", "netIncomeFromContinuingOperations": "236000000", "comprehensiveIncomeNetOfTax": "None", "ebit": "336000000", "ebitda": "468000000", "netIncome": "236000000"}, {"fiscalDateEnding": "2010-09-30", "reportedCurrency": "USD", "grossProfit": "1293000000", "totalRevenue": "1916000000", "costOfRevenue": "623000000", "costofGoodsAndServicesSold": "623000000", "operatingIncome": "251000000", "sellingGeneralAndAdministrative": "673000000", "researchAndDevelopment": "230000000", "operatingExpenses": "1032000000", "investmentIncomeNet": "None", "netInterestIncome": "None", "interestIncome": "None", "interestExpense": "91000000", "nonInterestIncome": "None", "otherNonOperatingIncome": "None", "depreciation": "None", "depreciationAndAmortization": "129000000", "incomeBeforeTax": "163000000", "incomeTaxExpense": "-27000000", "interestAndDebtExpense": "None", "netIncomeFromContinuingOperations": "190000000", "comprehensiveIncomeNetOfTax": "None", "ebit": "254000000", "ebitda": "383000000", "netIncome": "190000000"}, {"fiscalDateEnding": "2010-06-30", "reportedCurrency": "USD", "grossProfit": "1274000000", "totalRevenue": "1928000000", "costOfRevenue": "654000000", "costofGoodsAndServicesSold": "654000000", "operatingIncome": "231000000", "sellingGeneralAndAdministrative": "691000000", "researchAndDevelopment": "232000000", "operatingExpenses": "1047000000", "investmentIncomeNet": "None", "netInterestIncome": "None", "interestIncome": "None", "interestExpense": "103000000", "nonInterestIncome": "None", "otherNonOperatingIncome": "None", "depreciation": "None", "depreciationAndAmortization": "124000000", "incomeBeforeTax": "119000000", "incomeTaxExpense": "21000000", "interestAndDebtExpense": "None", "netIncomeFromContinuingOperations": "98000000", "comprehensiveIncomeNetOfTax": "None", "ebit": "222000000", "ebitda": "346000000", "netIncome": "98000000"}, {"fiscalDateEnding": "2010-03-31", "reportedCurrency": "USD", "grossProfit": "1297000000", "totalRevenue": "1960000000", "costOfRevenue": "663000000", "costofGoodsAndServicesSold": "663000000", "operatingIncome": "-1486000000", "sellingGeneralAndAdministrative": "679000000", "researchAndDevelopment": "253000000", "operatingExpenses": "1060000000", "investmentIncomeNet": "None", "netInterestIncome": "None", "interestIncome": "None", "interestExpense": "93000000", "nonInterestIncome": "None", "otherNonOperatingIncome": "None", "depreciation": "None", "depreciationAndAmortization": "128000000", "incomeBeforeTax": "-1575000000", "incomeTaxExpense": "14000000", "interestAndDebtExpense": "None", "netIncomeFromContinuingOperations": "-1589000000", "comprehensiveIncomeNetOfTax": "None", "ebit": "-1482000000", "ebitda": "-1354000000", "netIncome": "-1589000000"}, {"fiscalDateEnding": "2009-12-31", "reportedCurrency": "USD", "grossProfit": "1370000000", "totalRevenue": "2079000000", "costOfRevenue": "709000000", "costofGoodsAndServicesSold": "709000000", "operatingIncome": "-1231000000", "sellingGeneralAndAdministrative": "2189000000", "researchAndDevelopment": "241000000", "operatingExpenses": "2576000000", "investmentIncomeNet": "None", "netInterestIncome": "None", "interestIncome": "None", "interestExpense": "122000000", "nonInterestIncome": "None", "otherNonOperatingIncome": "None", "depreciation": "None", "depreciationAndAmortization": "130000000", "incomeBeforeTax": "-1347000000", "incomeTaxExpense": "-271000000", "interestAndDebtExpense": "None", "netIncomeFromContinuingOperations": "0", "comprehensiveIncomeNetOfTax": "None", "ebit": "-1225000000", "ebitda": "-1095000000", "netIncome": "-1076000000"}, {"fiscalDateEnding": "2009-09-30", "reportedCurrency": "USD", "grossProfit": "1396000000", "totalRevenue": "2025000000", "costOfRevenue": "629000000", "costofGoodsAndServicesSold": "629000000", "operatingIncome": "345000000", "sellingGeneralAndAdministrative": "952000000", "researchAndDevelopment": "258000000", "operatingExpenses": "1042000000", "investmentIncomeNet": "None", "netInterestIncome": "None", "interestIncome": "None", "interestExpense": "91000000", "nonInterestIncome": "None", "otherNonOperatingIncome": "-4000000", "depreciation": "None", "depreciationAndAmortization": "126000000", "incomeBeforeTax": "250000000", "incomeTaxExpense": "50000000", "interestAndDebtExpense": "None", "netIncomeFromContinuingOperations": "-94000000", "comprehensiveIncomeNetOfTax": "None", "ebit": "47000000", "ebitda": "173000000", "netIncome": "200000000"}, {"fiscalDateEnding": "2009-06-30", "reportedCurrency": "USD", "grossProfit": "1444000000", "totalRevenue": "2074000000", "costOfRevenue": "630000000", "costofGoodsAndServicesSold": "630000000", "operatingIncome": "275000000", "sellingGeneralAndAdministrative": "724000000", "researchAndDevelopment": "263000000", "operatingExpenses": "1129000000", "investmentIncomeNet": "None", "netInterestIncome": "None", "interestIncome": "None", "interestExpense": "92000000", "nonInterestIncome": "None", "otherNonOperatingIncome": "-3000000", "depreciation": "None", "depreciationAndAmortization": "126000000", "incomeBeforeTax": "180000000", "incomeTaxExpense": "22000000", "interestAndDebtExpense": "None", "netIncomeFromContinuingOperations": "158000000", "comprehensiveIncomeNetOfTax": "None", "ebit": "272000000", "ebitda": "398000000", "netIncome": "158000000"}, {"fiscalDateEnding": "2009-03-31", "reportedCurrency": "USD", "grossProfit": "1403000000", "totalRevenue": "2010000000", "costOfRevenue": "607000000", "costofGoodsAndServicesSold": "607000000", "operatingIncome": "11000000", "sellingGeneralAndAdministrative": "984000000", "researchAndDevelopment": "257000000", "operatingExpenses": "1369000000", "investmentIncomeNet": "None", "netInterestIncome": "None", "interestIncome": "None", "interestExpense": "102000000", "nonInterestIncome": "None", "otherNonOperatingIncome": "None", "depreciation": "None", "depreciationAndAmortization": "128000000", "incomeBeforeTax": "-97000000", "incomeTaxExpense": "-84000000", "interestAndDebtExpense": "None", "netIncomeFromContinuingOperations": "0", "comprehensiveIncomeNetOfTax": "None", "ebit": "5000000", "ebitda": "133000000", "netIncome": "-13000000"}, {"fiscalDateEnding": "2008-12-31", "reportedCurrency": "USD", "grossProfit": "1372000000", "totalRevenue": "2002000000", "costOfRevenue": "630000000", "costofGoodsAndServicesSold": "630000000", "operatingIncome": "-2417000000", "sellingGeneralAndAdministrative": "723000000", "researchAndDevelopment": "257000000", "operatingExpenses": "624000000", "investmentIncomeNet": "None", "netInterestIncome": "None", "interestIncome": "None", "interestExpense": "468000000", "nonInterestIncome": "None", "otherNonOperatingIncome": "None", "depreciation": "None", "depreciationAndAmortization": "133000000", "incomeBeforeTax": "-2525000000", "incomeTaxExpense": "-131000000", "interestAndDebtExpense": "None", "netIncomeFromContinuingOperations": "0", "comprehensiveIncomeNetOfTax": "None", "ebit": "-2305000000", "ebitda": "-2172000000", "netIncome": "-2394000000"}, {"fiscalDateEnding": "2008-09-30", "reportedCurrency": "USD", "grossProfit": "1323000000", "totalRevenue": "1978000000", "costOfRevenue": "655000000", "costofGoodsAndServicesSold": "655000000", "operatingIncome": "28000000", "sellingGeneralAndAdministrative": "995000000", "researchAndDevelopment": "252000000", "operatingExpenses": "1533000000", "investmentIncomeNet": "None", "netInterestIncome": "None", "interestIncome": "None", "interestExpense": "112000000", "nonInterestIncome": "None", "otherNonOperatingIncome": "None", "depreciation": "None", "depreciationAndAmortization": "131000000", "incomeBeforeTax": "-68000000", "incomeTaxExpense": "-6000000", "interestAndDebtExpense": "None", "netIncomeFromContinuingOperations": "0", "comprehensiveIncomeNetOfTax": "None", "ebit": "44000000", "ebitda": "175000000", "netIncome": "-62000000"}, {"fiscalDateEnding": "2008-06-30", "reportedCurrency": "USD", "grossProfit": "1420000000", "totalRevenue": "2024000000", "costOfRevenue": "604000000", "costofGoodsAndServicesSold": "604000000", "operatingIncome": "303000000", "sellingGeneralAndAdministrative": "655000000", "researchAndDevelopment": "253000000", "operatingExpenses": "1091000000", "investmentIncomeNet": "None", "netInterestIncome": "None", "interestIncome": "None", "interestExpense": "118000000", "nonInterestIncome": "None", "otherNonOperatingIncome": "None", "depreciation": "None", "depreciationAndAmortization": "135000000", "incomeBeforeTax": "100000000", "incomeTaxExpense": "2000000", "interestAndDebtExpense": "None", "netIncomeFromContinuingOperations": "0", "comprehensiveIncomeNetOfTax": "None", "ebit": "329000000", "ebitda": "464000000", "netIncome": "98000000"}, {"fiscalDateEnding": "2008-03-31", "reportedCurrency": "USD", "grossProfit": "1466000000", "totalRevenue": "2046000000", "costOfRevenue": "580000000", "costofGoodsAndServicesSold": "580000000", "operatingIncome": "580000000", "sellingGeneralAndAdministrative": "661000000", "researchAndDevelopment": "244000000", "operatingExpenses": "1094000000", "investmentIncomeNet": "None", "netInterestIncome": "None", "interestIncome": "None", "interestExpense": "131000000", "nonInterestIncome": "None", "otherNonOperatingIncome": "None", "depreciation": "None", "depreciationAndAmortization": "143000000", "incomeBeforeTax": "462000000", "incomeTaxExpense": "140000000", "interestAndDebtExpense": "None", "netIncomeFromContinuingOperations": "0", "comprehensiveIncomeNetOfTax": "None", "ebit": "372000000", "ebitda": "515000000", "netIncome": "322000000"}, {"fiscalDateEnding": "2007-12-31", "reportedCurrency": "USD", "grossProfit": "1517000000", "totalRevenue": "2153000000", "costOfRevenue": "636000000", "costofGoodsAndServicesSold": "636000000", "operatingIncome": "-430000000", "sellingGeneralAndAdministrative": "704000000", "researchAndDevelopment": "256000000", "operatingExpenses": "1758000000", "investmentIncomeNet": "None", "netInterestIncome": "None", "interestIncome": "None", "interestExpense": "435000000", "nonInterestIncome": "None", "otherNonOperatingIncome": "None", "depreciation": "None", "depreciationAndAmortization": "174000000", "incomeBeforeTax": "-596000000", "incomeTaxExpense": "-138000000", "interestAndDebtExpense": "None", "netIncomeFromContinuingOperations": "0", "comprehensiveIncomeNetOfTax": "None", "ebit": "-241000000", "ebitda": "-67000000", "netIncome": "-458000000"}, {"fiscalDateEnding": "2007-09-30", "reportedCurrency": "USD", "grossProfit": "1473000000", "totalRevenue": "2048000000", "costOfRevenue": "575000000", "costofGoodsAndServicesSold": "575000000", "operatingIncome": "-147000000", "sellingGeneralAndAdministrative": "719000000", "researchAndDevelopment": "271000000", "operatingExpenses": "1545000000", "investmentIncomeNet": "None", "netInterestIncome": "None", "interestIncome": "None", "interestExpense": "147000000", "nonInterestIncome": "None", "otherNonOperatingIncome": "None", "depreciation": "None", "depreciationAndAmortization": "155000000", "incomeBeforeTax": "-259000000", "incomeTaxExpense": "13000000", "interestAndDebtExpense": "None", "netIncomeFromContinuingOperations": "0", "comprehensiveIncomeNetOfTax": "None", "ebit": "-72000000", "ebitda": "83000000", "netIncome": "-272000000"}, {"fiscalDateEnding": "2007-06-30", "reportedCurrency": "USD", "grossProfit": "1508000000", "totalRevenue": "2071000000", "costOfRevenue": "563000000", "costofGoodsAndServicesSold": "563000000", "operatingIncome": "280000000", "sellingGeneralAndAdministrative": "803000000", "researchAndDevelopment": "275000000", "operatingExpenses": "1236000000", "investmentIncomeNet": "None", "netInterestIncome": "None", "interestIncome": "None", "interestExpense": "146000000", "nonInterestIncome": "None", "otherNonOperatingIncome": "None", "depreciation": "None", "depreciationAndAmortization": "158000000", "incomeBeforeTax": "126000000", "incomeTaxExpense": "11000000", "interestAndDebtExpense": "None", "netIncomeFromContinuingOperations": "0", "comprehensiveIncomeNetOfTax": "None", "ebit": "272000000", "ebitda": "430000000", "netIncome": "115000000"}, {"fiscalDateEnding": "2007-03-31", "reportedCurrency": "USD", "grossProfit": "1518000000", "totalRevenue": "2086000000", "costOfRevenue": "568000000", "costofGoodsAndServicesSold": "568000000", "operatingIncome": "282000000", "sellingGeneralAndAdministrative": "787000000", "researchAndDevelopment": "294000000", "operatingExpenses": "1236000000", "investmentIncomeNet": "None", "netInterestIncome": "None", "interestIncome": "None", "interestExpense": "141000000", "nonInterestIncome": "None", "otherNonOperatingIncome": "None", "depreciation": "None", "depreciationAndAmortization": "155000000", "incomeBeforeTax": "159000000", "incomeTaxExpense": "39000000", "interestAndDebtExpense": "None", "netIncomeFromContinuingOperations": "0", "comprehensiveIncomeNetOfTax": "None", "ebit": "127000000", "ebitda": "282000000", "netIncome": "120000000"}, {"fiscalDateEnding": "2006-12-31", "reportedCurrency": "USD", "grossProfit": "1539000000", "totalRevenue": "2065000000", "costOfRevenue": "526000000", "costofGoodsAndServicesSold": "526000000", "operatingIncome": "284000000", "sellingGeneralAndAdministrative": "758000000", "researchAndDevelopment": "267000000", "operatingExpenses": "1253000000", "investmentIncomeNet": "None", "netInterestIncome": "None", "interestIncome": "None", "interestExpense": "144000000", "nonInterestIncome": "None", "otherNonOperatingIncome": "None", "depreciation": "None", "depreciationAndAmortization": "174000000", "incomeBeforeTax": "169000000", "incomeTaxExpense": "-108000000", "interestAndDebtExpense": "None", "netIncomeFromContinuingOperations": "0", "comprehensiveIncomeNetOfTax": "None", "ebit": "286000000", "ebitda": "460000000", "netIncome": "277000000"}, {"fiscalDateEnding": "2006-09-30", "reportedCurrency": "USD", "grossProfit": "1396000000", "totalRevenue": "2026000000", "costOfRevenue": "630000000", "costofGoodsAndServicesSold": "630000000", "operatingIncome": "195000000", "sellingGeneralAndAdministrative": "719000000", "researchAndDevelopment": "272000000", "operatingExpenses": "1201000000", "investmentIncomeNet": "None", "netInterestIncome": "None", "interestIncome": "None", "interestExpense": "143000000", "nonInterestIncome": "None", "otherNonOperatingIncome": "None", "depreciation": "None", "depreciationAndAmortization": "153000000", "incomeBeforeTax": "51000000", "incomeTaxExpense": "-25000000", "interestAndDebtExpense": "None", "netIncomeFromContinuingOperations": "0", "comprehensiveIncomeNetOfTax": "None", "ebit": "42000000", "ebitda": "195000000", "netIncome": "76000000"}, {"fiscalDateEnding": "2006-06-30", "reportedCurrency": "USD", "grossProfit": "1433000000", "totalRevenue": "2110000000", "costOfRevenue": "677000000", "costofGoodsAndServicesSold": "677000000", "operatingIncome": "-3925000000", "sellingGeneralAndAdministrative": "728000000", "researchAndDevelopment": "283000000", "operatingExpenses": "1241000000", "investmentIncomeNet": "None", "netInterestIncome": "None", "interestIncome": "None", "interestExpense": "111000000", "nonInterestIncome": "None", "otherNonOperatingIncome": "None", "depreciation": "None", "depreciationAndAmortization": "165000000", "incomeBeforeTax": "-4186000000", "incomeTaxExpense": "76000000", "interestAndDebtExpense": "None", "netIncomeFromContinuingOperations": "0", "comprehensiveIncomeNetOfTax": "None", "ebit": "192000000", "ebitda": "357000000", "netIncome": "-4262000000"}, {"fiscalDateEnding": "2006-03-31", "reportedCurrency": "USD", "grossProfit": "1246000000", "totalRevenue": "1620000000", "costOfRevenue": "374000000", "costofGoodsAndServicesSold": "374000000", "operatingIncome": "497000000", "sellingGeneralAndAdministrative": "525000000", "researchAndDevelopment": "186000000", "operatingExpenses": "749000000", "investmentIncomeNet": "None", "netInterestIncome": "None", "interestIncome": "None", "interestExpense": "37000000", "nonInterestIncome": "None", "otherNonOperatingIncome": "None", "depreciation": "None", "depreciationAndAmortization": "38000000", "incomeBeforeTax": "431000000", "incomeTaxExpense": "99000000", "interestAndDebtExpense": "None", "netIncomeFromContinuingOperations": "0", "comprehensiveIncomeNetOfTax": "None", "ebit": "459000000", "ebitda": "497000000", "netIncome": "332000000"}, {"fiscalDateEnding": "2005-12-31", "reportedCurrency": "USD", "grossProfit": "1198000000", "totalRevenue": "1540000000", "costOfRevenue": "342000000", "costofGoodsAndServicesSold": "342000000", "operatingIncome": "465000000", "sellingGeneralAndAdministrative": "468000000", "researchAndDevelopment": "174000000", "operatingExpenses": "733000000", "investmentIncomeNet": "None", "netInterestIncome": "None", "interestIncome": "None", "interestExpense": "32000000", "nonInterestIncome": "None", "otherNonOperatingIncome": "None", "depreciation": "None", "depreciationAndAmortization": "38000000", "incomeBeforeTax": "438000000", "incomeTaxExpense": "104000000", "interestAndDebtExpense": "None", "netIncomeFromContinuingOperations": "0", "comprehensiveIncomeNetOfTax": "None", "ebit": "465000000", "ebitda": "503000000", "netIncome": "334000000"}, {"fiscalDateEnding": "2005-09-30", "reportedCurrency": "USD", "grossProfit": "1168000000", "totalRevenue": "1511000000", "costOfRevenue": "343000000", "costofGoodsAndServicesSold": "343000000", "operatingIncome": "-336000000", "sellingGeneralAndAdministrative": "444000000", "researchAndDevelopment": "181000000", "operatingExpenses": "1504000000", "investmentIncomeNet": "None", "netInterestIncome": "None", "interestIncome": "None", "interestExpense": "21000000", "nonInterestIncome": "None", "otherNonOperatingIncome": "None", "depreciation": "None", "depreciationAndAmortization": "47000000", "incomeBeforeTax": "-352000000", "incomeTaxExpense": "-83000000", "interestAndDebtExpense": "None", "netIncomeFromContinuingOperations": "0", "comprehensiveIncomeNetOfTax": "None", "ebit": "-336000000", "ebitda": "-289000000", "netIncome": "-269000000"}, {"fiscalDateEnding": "2005-06-30", "reportedCurrency": "USD", "grossProfit": "1260000000", "totalRevenue": "1617000000", "costOfRevenue": "357000000", "costofGoodsAndServicesSold": "357000000", "operatingIncome": "326000000", "sellingGeneralAndAdministrative": "471000000", "researchAndDevelopment": "166000000", "operatingExpenses": "731000000", "investmentIncomeNet": "None", "netInterestIncome": "None", "interestIncome": "None", "interestExpense": "14000000", "nonInterestIncome": "None", "otherNonOperatingIncome": "None", "depreciation": "None", "depreciationAndAmortization": "36000000", "incomeBeforeTax": "311000000", "incomeTaxExpense": "106000000", "interestAndDebtExpense": "None", "netIncomeFromContinuingOperations": "0", "comprehensiveIncomeNetOfTax": "None", "ebit": "529000000", "ebitda": "565000000", "netIncome": "205000000"}, {"fiscalDateEnding": "2005-03-31", "reportedCurrency": "USD", "grossProfit": "1271000000", "totalRevenue": "1615000000", "costOfRevenue": "344000000", "costofGoodsAndServicesSold": "344000000", "operatingIncome": "513000000", "sellingGeneralAndAdministrative": "431000000", "researchAndDevelopment": "159000000", "operatingExpenses": "685000000", "investmentIncomeNet": "None", "netInterestIncome": "None", "interestIncome": "None", "interestExpense": "23000000", "nonInterestIncome": "None", "otherNonOperatingIncome": "None", "depreciation": "None", "depreciationAndAmortization": "31000000", "incomeBeforeTax": "494000000", "incomeTaxExpense": "136000000", "interestAndDebtExpense": "None", "netIncomeFromContinuingOperations": "0", "comprehensiveIncomeNetOfTax": "None", "ebit": "586000000", "ebitda": "617000000", "netIncome": "358000000"}, {"fiscalDateEnding": "2004-12-31", "reportedCurrency": "USD", "grossProfit": "1272000000", "totalRevenue": "1600000000", "costOfRevenue": "328000000", "costofGoodsAndServicesSold": "328000000", "operatingIncome": "504000000", "sellingGeneralAndAdministrative": "515000000", "researchAndDevelopment": "158000000", "operatingExpenses": "767000000", "investmentIncomeNet": "None", "netInterestIncome": "None", "interestIncome": "None", "interestExpense": "20000000", "nonInterestIncome": "None", "otherNonOperatingIncome": "None", "depreciation": "None", "depreciationAndAmortization": "30000000", "incomeBeforeTax": "459000000", "incomeTaxExpense": "162000000", "interestAndDebtExpense": "None", "netIncomeFromContinuingOperations": "0", "comprehensiveIncomeNetOfTax": "None", "ebit": "505000000", "ebitda": "535000000", "netIncome": "297000000"}]}