{"symbol": "JBL", "annualReports": [{"fiscalDateEnding": "2024-08-31", "reportedCurrency": "USD", "grossProfit": "2676000000", "totalRevenue": "28883000000", "costOfRevenue": "26207000000", "costofGoodsAndServicesSold": "26207000000", "operatingIncome": "2013000000", "sellingGeneralAndAdministrative": "1160000000", "researchAndDevelopment": "39000000", "operatingExpenses": "663000000", "investmentIncomeNet": "None", "netInterestIncome": "-173000000", "interestIncome": "None", "interestExpense": "173000000", "nonInterestIncome": "None", "otherNonOperatingIncome": "None", "depreciation": "None", "depreciationAndAmortization": "696000000", "incomeBeforeTax": "1751000000", "incomeTaxExpense": "363000000", "interestAndDebtExpense": "None", "netIncomeFromContinuingOperations": "1388000000", "comprehensiveIncomeNetOfTax": "None", "ebit": "1927000000", "ebitda": "2623000000", "netIncome": "1388000000"}, {"fiscalDateEnding": "2023-08-31", "reportedCurrency": "USD", "grossProfit": "2867000000", "totalRevenue": "34702000000", "costOfRevenue": "31835000000", "costofGoodsAndServicesSold": "31835000000", "operatingIncome": "1537000000", "sellingGeneralAndAdministrative": "1206000000", "researchAndDevelopment": "34000000", "operatingExpenses": "1273000000", "investmentIncomeNet": "None", "netInterestIncome": "-275000000", "interestIncome": "275000000", "interestExpense": "202000000", "nonInterestIncome": "None", "otherNonOperatingIncome": "None", "depreciation": "None", "depreciationAndAmortization": "924000000", "incomeBeforeTax": "1262000000", "incomeTaxExpense": "444000000", "interestAndDebtExpense": "None", "netIncomeFromContinuingOperations": "818000000", "comprehensiveIncomeNetOfTax": "None", "ebit": "1609000000", "ebitda": "2533000000", "netIncome": "818000000"}, {"fiscalDateEnding": "2022-08-31", "reportedCurrency": "USD", "grossProfit": "2632000000", "totalRevenue": "33478000000", "costOfRevenue": "30846000000", "costofGoodsAndServicesSold": "30846000000", "operatingIncome": "1393000000", "sellingGeneralAndAdministrative": "1154000000", "researchAndDevelopment": "33000000", "operatingExpenses": "1221000000", "investmentIncomeNet": "None", "netInterestIncome": "-158000000", "interestIncome": "158000000", "interestExpense": "151000000", "nonInterestIncome": "None", "otherNonOperatingIncome": "-11000000", "depreciation": "None", "depreciationAndAmortization": "925000000", "incomeBeforeTax": "1231000000", "incomeTaxExpense": "235000000", "interestAndDebtExpense": "None", "netIncomeFromContinuingOperations": "996000000", "comprehensiveIncomeNetOfTax": "None", "ebit": "1433000000", "ebitda": "2358000000", "netIncome": "996000000"}, {"fiscalDateEnding": "2021-08-31", "reportedCurrency": "USD", "grossProfit": "2359000000", "totalRevenue": "29285000000", "costOfRevenue": "26926000000", "costofGoodsAndServicesSold": "26926000000", "operatingIncome": "1055000000", "sellingGeneralAndAdministrative": "1213000000", "researchAndDevelopment": "34000000", "operatingExpenses": "1294000000", "investmentIncomeNet": "None", "netInterestIncome": "-113000000", "interestIncome": "111000000", "interestExpense": "130000000", "nonInterestIncome": "None", "otherNonOperatingIncome": "17000000", "depreciation": "None", "depreciationAndAmortization": "876000000", "incomeBeforeTax": "944000000", "incomeTaxExpense": "246000000", "interestAndDebtExpense": "None", "netIncomeFromContinuingOperations": "698000000", "comprehensiveIncomeNetOfTax": "None", "ebit": "1090000000", "ebitda": "1966000000", "netIncome": "696000000"}, {"fiscalDateEnding": "2020-08-31", "reportedCurrency": "USD", "grossProfit": "1930813000", "totalRevenue": "27266438000", "costOfRevenue": "25335625000", "costofGoodsAndServicesSold": "25335625000", "operatingIncome": "861643000", "sellingGeneralAndAdministrative": "1174694000", "researchAndDevelopment": "44143000", "operatingExpenses": "1274381000", "investmentIncomeNet": "None", "netInterestIncome": "-190483000", "interestIncome": "159318000", "interestExpense": "173877000", "nonInterestIncome": "None", "otherNonOperatingIncome": "-16606000", "depreciation": "None", "depreciationAndAmortization": "794582000", "incomeBeforeTax": "260738000", "incomeTaxExpense": "203959000", "interestAndDebtExpense": "None", "netIncomeFromContinuingOperations": "56779000", "comprehensiveIncomeNetOfTax": "None", "ebit": "435716000", "ebitda": "1230298000", "netIncome": "54000000"}, {"fiscalDateEnding": "2019-08-31", "reportedCurrency": "USD", "grossProfit": "1913401000", "totalRevenue": "25282320000", "costOfRevenue": "23368919000", "costofGoodsAndServicesSold": "23368919000", "operatingIncome": "701356000", "sellingGeneralAndAdministrative": "1111347000", "researchAndDevelopment": "42861000", "operatingExpenses": "1186131000", "investmentIncomeNet": "None", "netInterestIncome": "-167270000", "interestIncome": "21460000", "interestExpense": "221020000", "nonInterestIncome": "None", "otherNonOperatingIncome": "-32290000", "depreciation": "None", "depreciationAndAmortization": "771833000", "incomeBeforeTax": "450704000", "incomeTaxExpense": "161230000", "interestAndDebtExpense": "None", "netIncomeFromContinuingOperations": "289474000", "comprehensiveIncomeNetOfTax": "None", "ebit": "641157000", "ebitda": "1412990000", "netIncome": "287111000"}, {"fiscalDateEnding": "2018-08-31", "reportedCurrency": "USD", "grossProfit": "1706792000", "totalRevenue": "22095416000", "costOfRevenue": "20388624000", "costofGoodsAndServicesSold": "20388624000", "operatingIncome": "542153000", "sellingGeneralAndAdministrative": "1050716000", "researchAndDevelopment": "38531000", "operatingExpenses": "1127737000", "investmentIncomeNet": "None", "netInterestIncome": "-131189000", "interestIncome": "17813000", "interestExpense": "168752000", "nonInterestIncome": "None", "otherNonOperatingIncome": "-19750000", "depreciation": "None", "depreciationAndAmortization": "773703000", "incomeBeforeTax": "373401000", "incomeTaxExpense": "285860000", "interestAndDebtExpense": "None", "netIncomeFromContinuingOperations": "87541000", "comprehensiveIncomeNetOfTax": "None", "ebit": "522403000", "ebitda": "1296106000", "netIncome": "86330000"}, {"fiscalDateEnding": "2017-08-31", "reportedCurrency": "USD", "grossProfit": "1545643000", "totalRevenue": "19063121000", "costOfRevenue": "17517478000", "costofGoodsAndServicesSold": "17517478000", "operatingIncome": "410230000", "sellingGeneralAndAdministrative": "907702000", "researchAndDevelopment": "29680000", "operatingExpenses": "972906000", "investmentIncomeNet": "None", "netInterestIncome": "-125549000", "interestIncome": "12525000", "interestExpense": "153997000", "nonInterestIncome": "None", "otherNonOperatingIncome": "-15923000", "depreciation": "None", "depreciationAndAmortization": "760380000", "incomeBeforeTax": "256233000", "incomeTaxExpense": "129066000", "interestAndDebtExpense": "None", "netIncomeFromContinuingOperations": "127167000", "comprehensiveIncomeNetOfTax": "None", "ebit": "394307000", "ebitda": "1154687000", "netIncome": "129090000"}, {"fiscalDateEnding": "2016-08-31", "reportedCurrency": "USD", "grossProfit": "1527704000", "totalRevenue": "18353086000", "costOfRevenue": "16825382000", "costofGoodsAndServicesSold": "16825382000", "operatingIncome": "522833000", "sellingGeneralAndAdministrative": "924427000", "researchAndDevelopment": "31954000", "operatingExpenses": "993502000", "investmentIncomeNet": "None", "netInterestIncome": "-127408000", "interestIncome": "9128000", "interestExpense": "135788000", "nonInterestIncome": "None", "otherNonOperatingIncome": "748000", "depreciation": "None", "depreciationAndAmortization": "696752000", "incomeBeforeTax": "387045000", "incomeTaxExpense": "132149000", "interestAndDebtExpense": "None", "netIncomeFromContinuingOperations": "254896000", "comprehensiveIncomeNetOfTax": "None", "ebit": "534202000", "ebitda": "1230954000", "netIncome": "254095000"}, {"fiscalDateEnding": "2015-08-31", "reportedCurrency": "USD", "grossProfit": "1503218000", "totalRevenue": "17899196000", "costOfRevenue": "16395978000", "costofGoodsAndServicesSold": "16395978000", "operatingIncome": "555411000", "sellingGeneralAndAdministrative": "862647000", "researchAndDevelopment": "27645000", "operatingExpenses": "914741000", "investmentIncomeNet": "None", "netInterestIncome": "None", "interestIncome": "118138000", "interestExpense": "123765000", "nonInterestIncome": "None", "otherNonOperatingIncome": "4326000", "depreciation": "None", "depreciationAndAmortization": "529176000", "incomeBeforeTax": "431646000", "incomeTaxExpense": "137461000", "interestAndDebtExpense": "None", "netIncomeFromContinuingOperations": "294185000", "comprehensiveIncomeNetOfTax": "None", "ebit": "588477000", "ebitda": "1117653000", "netIncome": "284019000"}, {"fiscalDateEnding": "2014-08-31", "reportedCurrency": "USD", "grossProfit": "1025603000", "totalRevenue": "15762146000", "costOfRevenue": "14736543000", "costofGoodsAndServicesSold": "14736543000", "operatingIncome": "204074000", "sellingGeneralAndAdministrative": "675730000", "researchAndDevelopment": "28611000", "operatingExpenses": "728198000", "investmentIncomeNet": "None", "netInterestIncome": "None", "interestIncome": "None", "interestExpense": "131951000", "nonInterestIncome": "None", "otherNonOperatingIncome": "-3896000", "depreciation": "None", "depreciationAndAmortization": "487278000", "incomeBeforeTax": "72123000", "incomeTaxExpense": "73711000", "interestAndDebtExpense": "None", "netIncomeFromContinuingOperations": "-1588000", "comprehensiveIncomeNetOfTax": "None", "ebit": "297405000", "ebitda": "784683000", "netIncome": "241313000"}, {"fiscalDateEnding": "2013-08-31", "reportedCurrency": "USD", "grossProfit": "1359862000", "totalRevenue": "18336894000", "costOfRevenue": "16977032000", "costofGoodsAndServicesSold": "16977032000", "operatingIncome": "511438000", "sellingGeneralAndAdministrative": "688752000", "researchAndDevelopment": "28468000", "operatingExpenses": "733374000", "investmentIncomeNet": "None", "netInterestIncome": "None", "interestIncome": "None", "interestExpense": "125374000", "nonInterestIncome": "None", "otherNonOperatingIncome": "-4312000", "depreciation": "None", "depreciationAndAmortization": "418117000", "incomeBeforeTax": "386064000", "incomeTaxExpense": "15973000", "interestAndDebtExpense": "None", "netIncomeFromContinuingOperations": "370091000", "comprehensiveIncomeNetOfTax": "None", "ebit": "503176000", "ebitda": "921293000", "netIncome": "371482000"}, {"fiscalDateEnding": "2012-08-31", "reportedCurrency": "USD", "grossProfit": "1309045000", "totalRevenue": "17151941000", "costOfRevenue": "15842896000", "costofGoodsAndServicesSold": "15842896000", "operatingIncome": "621931000", "sellingGeneralAndAdministrative": "644452000", "researchAndDevelopment": "25837000", "operatingExpenses": "687114000", "investmentIncomeNet": "None", "netInterestIncome": "None", "interestIncome": "None", "interestExpense": "113031000", "nonInterestIncome": "None", "otherNonOperatingIncome": "-6902000", "depreciation": "None", "depreciationAndAmortization": "353492000", "incomeBeforeTax": "508900000", "incomeTaxExpense": "112811000", "interestAndDebtExpense": "None", "netIncomeFromContinuingOperations": "396089000", "comprehensiveIncomeNetOfTax": "None", "ebit": "611079000", "ebitda": "964571000", "netIncome": "394687000"}, {"fiscalDateEnding": "2011-08-31", "reportedCurrency": "USD", "grossProfit": "1254570000", "totalRevenue": "16518827000", "costOfRevenue": "15264257000", "costofGoodsAndServicesSold": "15264257000", "operatingIncome": "578734000", "sellingGeneralAndAdministrative": "604179000", "researchAndDevelopment": "25034000", "operatingExpenses": "651264000", "investmentIncomeNet": "None", "netInterestIncome": "None", "interestIncome": "None", "interestExpense": "97547000", "nonInterestIncome": "None", "otherNonOperatingIncome": "146000", "depreciation": "None", "depreciationAndAmortization": "319179000", "incomeBeforeTax": "481187000", "incomeTaxExpense": "98229000", "interestAndDebtExpense": "None", "netIncomeFromContinuingOperations": "382958000", "comprehensiveIncomeNetOfTax": "None", "ebit": "586500000", "ebitda": "905679000", "netIncome": "381063000"}, {"fiscalDateEnding": "2010-08-31", "reportedCurrency": "USD", "grossProfit": "1004144000", "totalRevenue": "13409411000", "costOfRevenue": "12405267000", "costofGoodsAndServicesSold": "12405267000", "operatingIncome": "327566000", "sellingGeneralAndAdministrative": "589738000", "researchAndDevelopment": "28085000", "operatingExpenses": "668361000", "investmentIncomeNet": "None", "netInterestIncome": "None", "interestIncome": "None", "interestExpense": "80299000", "nonInterestIncome": "None", "otherNonOperatingIncome": "None", "depreciation": "None", "depreciationAndAmortization": "25934000", "incomeBeforeTax": "247267000", "incomeTaxExpense": "76501000", "interestAndDebtExpense": "None", "netIncomeFromContinuingOperations": "None", "comprehensiveIncomeNetOfTax": "None", "ebit": "579567000", "ebitda": "605501000", "netIncome": "168840000"}, {"fiscalDateEnding": "2009-08-31", "reportedCurrency": "USD", "grossProfit": "718815000", "totalRevenue": "11684538000", "costOfRevenue": "10965723000", "costofGoodsAndServicesSold": "10965723000", "operatingIncome": "-910201000", "sellingGeneralAndAdministrative": "495941000", "researchAndDevelopment": "27321000", "operatingExpenses": "554301000", "investmentIncomeNet": "None", "netInterestIncome": "None", "interestIncome": "None", "interestExpense": "82247000", "nonInterestIncome": "None", "otherNonOperatingIncome": "None", "depreciation": "None", "depreciationAndAmortization": "31039000", "incomeBeforeTax": "-1005133000", "incomeTaxExpense": "160898000", "interestAndDebtExpense": "None", "netIncomeFromContinuingOperations": "None", "comprehensiveIncomeNetOfTax": "None", "ebit": "-941240000", "ebitda": "-910201000", "netIncome": "-1165212000"}, {"fiscalDateEnding": "2008-08-31", "reportedCurrency": "USD", "grossProfit": "867801000", "totalRevenue": "12779703000", "costOfRevenue": "11911902000", "costofGoodsAndServicesSold": "11911902000", "operatingIncome": "251397000", "sellingGeneralAndAdministrative": "491324000", "researchAndDevelopment": "32984000", "operatingExpenses": "561596000", "investmentIncomeNet": "None", "netInterestIncome": "None", "interestIncome": "None", "interestExpense": "94316000", "nonInterestIncome": "None", "otherNonOperatingIncome": "None", "depreciation": "None", "depreciationAndAmortization": "276311000", "incomeBeforeTax": "157193000", "incomeTaxExpense": "25119000", "interestAndDebtExpense": "None", "netIncomeFromContinuingOperations": "None", "comprehensiveIncomeNetOfTax": "None", "ebit": "251509000", "ebitda": "527820000", "netIncome": "133892000"}, {"fiscalDateEnding": "2007-08-31", "reportedCurrency": "USD", "grossProfit": "812030000", "totalRevenue": "12290592000", "costOfRevenue": "11478562000", "costofGoodsAndServicesSold": "11478562000", "operatingIncome": "181939000", "sellingGeneralAndAdministrative": "491967000", "researchAndDevelopment": "36381000", "operatingExpenses": "557695000", "investmentIncomeNet": "None", "netInterestIncome": "None", "interestIncome": "None", "interestExpense": "86069000", "nonInterestIncome": "None", "otherNonOperatingIncome": "None", "depreciation": "None", "depreciationAndAmortization": "239702000", "incomeBeforeTax": "94513000", "incomeTaxExpense": "21401000", "interestAndDebtExpense": "None", "netIncomeFromContinuingOperations": "None", "comprehensiveIncomeNetOfTax": "None", "ebit": "180582000", "ebitda": "420284000", "netIncome": "73236000"}, {"fiscalDateEnding": "2006-08-31", "reportedCurrency": "USD", "grossProfit": "764900000", "totalRevenue": "10265447000", "costOfRevenue": "9500547000", "costofGoodsAndServicesSold": "9500547000", "operatingIncome": "323392000", "sellingGeneralAndAdministrative": "382210000", "researchAndDevelopment": "34975000", "operatingExpenses": "441508000", "investmentIncomeNet": "None", "netInterestIncome": "None", "interestIncome": "None", "interestExpense": "0", "nonInterestIncome": "None", "otherNonOperatingIncome": "None", "depreciation": "None", "depreciationAndAmortization": "24323000", "incomeBeforeTax": "225116000", "incomeTaxExpense": "60598000", "interestAndDebtExpense": "None", "netIncomeFromContinuingOperations": "None", "comprehensiveIncomeNetOfTax": "None", "ebit": "323392000", "ebitda": "347715000", "netIncome": "164518000"}, {"fiscalDateEnding": "2005-08-31", "reportedCurrency": "USD", "grossProfit": "628506000", "totalRevenue": "7524386000", "costOfRevenue": "6895880000", "costofGoodsAndServicesSold": "6895880000", "operatingIncome": "287371000", "sellingGeneralAndAdministrative": "278866000", "researchAndDevelopment": "22507000", "operatingExpenses": "341135000", "investmentIncomeNet": "None", "netInterestIncome": "None", "interestIncome": "None", "interestExpense": "24773000", "nonInterestIncome": "None", "otherNonOperatingIncome": "None", "depreciation": "None", "depreciationAndAmortization": "219121000", "incomeBeforeTax": "276372000", "incomeTaxExpense": "44525000", "interestAndDebtExpense": "None", "netIncomeFromContinuingOperations": "None", "comprehensiveIncomeNetOfTax": "None", "ebit": "287371000", "ebitda": "506492000", "netIncome": "231847000"}], "quarterlyReports": [{"fiscalDateEnding": "2025-02-28", "reportedCurrency": "USD", "grossProfit": "576000000", "totalRevenue": "6728000000", "costOfRevenue": "6152000000", "costofGoodsAndServicesSold": "6152000000", "operatingIncome": "245000000", "sellingGeneralAndAdministrative": "256000000", "researchAndDevelopment": "7000000", "operatingExpenses": "331000000", "investmentIncomeNet": "None", "netInterestIncome": "-37000000", "interestIncome": "None", "interestExpense": "37000000", "nonInterestIncome": "None", "otherNonOperatingIncome": "None", "depreciation": "None", "depreciationAndAmortization": "-20000000", "incomeBeforeTax": "184000000", "incomeTaxExpense": "67000000", "interestAndDebtExpense": "None", "netIncomeFromContinuingOperations": "117000000", "comprehensiveIncomeNetOfTax": "None", "ebit": "265000000", "ebitda": "245000000", "netIncome": "117000000"}, {"fiscalDateEnding": "2024-11-30", "reportedCurrency": "USD", "grossProfit": "606000000", "totalRevenue": "6994000000", "costOfRevenue": "6388000000", "costofGoodsAndServicesSold": "6388000000", "operatingIncome": "197000000", "sellingGeneralAndAdministrative": "305000000", "researchAndDevelopment": "8000000", "operatingExpenses": "409000000", "investmentIncomeNet": "None", "netInterestIncome": "-38000000", "interestIncome": "None", "interestExpense": "38000000", "nonInterestIncome": "None", "otherNonOperatingIncome": "None", "depreciation": "None", "depreciationAndAmortization": "182000000", "incomeBeforeTax": "139000000", "incomeTaxExpense": "39000000", "interestAndDebtExpense": "None", "netIncomeFromContinuingOperations": "100000000", "comprehensiveIncomeNetOfTax": "None", "ebit": "177000000", "ebitda": "359000000", "netIncome": "100000000"}, {"fiscalDateEnding": "2024-08-31", "reportedCurrency": "USD", "grossProfit": "663000000", "totalRevenue": "6964000000", "costOfRevenue": "6301000000", "costofGoodsAndServicesSold": "6301000000", "operatingIncome": "318000000", "sellingGeneralAndAdministrative": "270000000", "researchAndDevelopment": "10000000", "operatingExpenses": "345000000", "investmentIncomeNet": "None", "netInterestIncome": "-41000000", "interestIncome": "None", "interestExpense": "41000000", "nonInterestIncome": "None", "otherNonOperatingIncome": "None", "depreciation": "None", "depreciationAndAmortization": "139000000", "incomeBeforeTax": "253000000", "incomeTaxExpense": "115000000", "interestAndDebtExpense": "None", "netIncomeFromContinuingOperations": "138000000", "comprehensiveIncomeNetOfTax": "None", "ebit": "295000000", "ebitda": "434000000", "netIncome": "138000000"}, {"fiscalDateEnding": "2024-05-31", "reportedCurrency": "USD", "grossProfit": "597000000", "totalRevenue": "6765000000", "costOfRevenue": "6168000000", "costofGoodsAndServicesSold": "6168000000", "operatingIncome": "320000000", "sellingGeneralAndAdministrative": "268000000", "researchAndDevelopment": "9000000", "operatingExpenses": "277000000", "investmentIncomeNet": "None", "netInterestIncome": "-38000000", "interestIncome": "None", "interestExpense": "38000000", "nonInterestIncome": "None", "otherNonOperatingIncome": "None", "depreciation": "None", "depreciationAndAmortization": "201000000", "incomeBeforeTax": "201000000", "incomeTaxExpense": "72000000", "interestAndDebtExpense": "None", "netIncomeFromContinuingOperations": "129000000", "comprehensiveIncomeNetOfTax": "None", "ebit": "322000000", "ebitda": "523000000", "netIncome": "129000000"}, {"fiscalDateEnding": "2024-02-29", "reportedCurrency": "USD", "grossProfit": "633000000", "totalRevenue": "6767000000", "costOfRevenue": "6134000000", "costofGoodsAndServicesSold": "6134000000", "operatingIncome": "315000000", "sellingGeneralAndAdministrative": "308000000", "researchAndDevelopment": "10000000", "operatingExpenses": "318000000", "investmentIncomeNet": "None", "netInterestIncome": "-47000000", "interestIncome": "None", "interestExpense": "47000000", "nonInterestIncome": "None", "otherNonOperatingIncome": "None", "depreciation": "None", "depreciationAndAmortization": "150000000", "incomeBeforeTax": "1062000000", "incomeTaxExpense": "135000000", "interestAndDebtExpense": "None", "netIncomeFromContinuingOperations": "927000000", "comprehensiveIncomeNetOfTax": "None", "ebit": "306000000", "ebitda": "456000000", "netIncome": "927000000"}, {"fiscalDateEnding": "2023-11-30", "reportedCurrency": "USD", "grossProfit": "775000000", "totalRevenue": "8387000000", "costOfRevenue": "7612000000", "costofGoodsAndServicesSold": "7612000000", "operatingIncome": "303000000", "sellingGeneralAndAdministrative": "314000000", "researchAndDevelopment": "10000000", "operatingExpenses": "330000000", "investmentIncomeNet": "None", "netInterestIncome": "-68000000", "interestIncome": "None", "interestExpense": "47000000", "nonInterestIncome": "None", "otherNonOperatingIncome": "None", "depreciation": "None", "depreciationAndAmortization": "206000000", "incomeBeforeTax": "235000000", "incomeTaxExpense": "41000000", "interestAndDebtExpense": "None", "netIncomeFromContinuingOperations": "194000000", "comprehensiveIncomeNetOfTax": "None", "ebit": "448000000", "ebitda": "654000000", "netIncome": "194000000"}, {"fiscalDateEnding": "2023-08-31", "reportedCurrency": "USD", "grossProfit": "766000000", "totalRevenue": "8458000000", "costOfRevenue": "7692000000", "costofGoodsAndServicesSold": "7692000000", "operatingIncome": "441000000", "sellingGeneralAndAdministrative": "295000000", "researchAndDevelopment": "9000000", "operatingExpenses": "313000000", "investmentIncomeNet": "None", "netInterestIncome": "-71000000", "interestIncome": "71000000", "interestExpense": "4000000", "nonInterestIncome": "None", "otherNonOperatingIncome": "None", "depreciation": "None", "depreciationAndAmortization": "172000000", "incomeBeforeTax": "370000000", "incomeTaxExpense": "215000000", "interestAndDebtExpense": "None", "netIncomeFromContinuingOperations": "155000000", "comprehensiveIncomeNetOfTax": "None", "ebit": "457000000", "ebitda": "629000000", "netIncome": "155000000"}, {"fiscalDateEnding": "2023-05-31", "reportedCurrency": "USD", "grossProfit": "697000000", "totalRevenue": "8475000000", "costOfRevenue": "7778000000", "costofGoodsAndServicesSold": "7778000000", "operatingIncome": "375000000", "sellingGeneralAndAdministrative": "307000000", "researchAndDevelopment": "8000000", "operatingExpenses": "322000000", "investmentIncomeNet": "None", "netInterestIncome": "-69000000", "interestIncome": "69000000", "interestExpense": "69000000", "nonInterestIncome": "None", "otherNonOperatingIncome": "None", "depreciation": "None", "depreciationAndAmortization": "238000000", "incomeBeforeTax": "306000000", "incomeTaxExpense": "73000000", "interestAndDebtExpense": "None", "netIncomeFromContinuingOperations": "233000000", "comprehensiveIncomeNetOfTax": "None", "ebit": "379000000", "ebitda": "617000000", "netIncome": "233000000"}, {"fiscalDateEnding": "2023-02-28", "reportedCurrency": "USD", "grossProfit": "661000000", "totalRevenue": "8134000000", "costOfRevenue": "7473000000", "costofGoodsAndServicesSold": "7473000000", "operatingIncome": "359000000", "sellingGeneralAndAdministrative": "285000000", "researchAndDevelopment": "8000000", "operatingExpenses": "302000000", "investmentIncomeNet": "None", "netInterestIncome": "-72000000", "interestIncome": "72000000", "interestExpense": "55000000", "nonInterestIncome": "None", "otherNonOperatingIncome": "None", "depreciation": "None", "depreciationAndAmortization": "251000000", "incomeBeforeTax": "287000000", "incomeTaxExpense": "80000000", "interestAndDebtExpense": "None", "netIncomeFromContinuingOperations": "207000000", "comprehensiveIncomeNetOfTax": "None", "ebit": "342000000", "ebitda": "593000000", "netIncome": "207000000"}, {"fiscalDateEnding": "2022-11-30", "reportedCurrency": "USD", "grossProfit": "743000000", "totalRevenue": "9635000000", "costOfRevenue": "8892000000", "costofGoodsAndServicesSold": "8892000000", "operatingIncome": "362000000", "sellingGeneralAndAdministrative": "319000000", "researchAndDevelopment": "9000000", "operatingExpenses": "381000000", "investmentIncomeNet": "None", "netInterestIncome": "-63000000", "interestIncome": "63000000", "interestExpense": "48000000", "nonInterestIncome": "None", "otherNonOperatingIncome": "-2000000", "depreciation": "None", "depreciationAndAmortization": "263000000", "incomeBeforeTax": "299000000", "incomeTaxExpense": "76000000", "interestAndDebtExpense": "None", "netIncomeFromContinuingOperations": "223000000", "comprehensiveIncomeNetOfTax": "None", "ebit": "347000000", "ebitda": "610000000", "netIncome": "223000000"}, {"fiscalDateEnding": "2022-08-31", "reportedCurrency": "USD", "grossProfit": "729000000", "totalRevenue": "9030000000", "costOfRevenue": "8301000000", "costofGoodsAndServicesSold": "8301000000", "operatingIncome": "409000000", "sellingGeneralAndAdministrative": "284000000", "researchAndDevelopment": "8000000", "operatingExpenses": "302000000", "investmentIncomeNet": "None", "netInterestIncome": "-57000000", "interestIncome": "57000000", "interestExpense": "46000000", "nonInterestIncome": "None", "otherNonOperatingIncome": "-11000000", "depreciation": "None", "depreciationAndAmortization": "157000000", "incomeBeforeTax": "352000000", "incomeTaxExpense": "37000000", "interestAndDebtExpense": "None", "netIncomeFromContinuingOperations": "315000000", "comprehensiveIncomeNetOfTax": "None", "ebit": "428000000", "ebitda": "585000000", "netIncome": "315000000"}, {"fiscalDateEnding": "2022-05-31", "reportedCurrency": "USD", "grossProfit": "619000000", "totalRevenue": "8328000000", "costOfRevenue": "7709000000", "costofGoodsAndServicesSold": "7709000000", "operatingIncome": "321000000", "sellingGeneralAndAdministrative": "282000000", "researchAndDevelopment": "8000000", "operatingExpenses": "298000000", "investmentIncomeNet": "None", "netInterestIncome": "-39000000", "interestIncome": "1000000", "interestExpense": "39000000", "nonInterestIncome": "None", "otherNonOperatingIncome": "-4000000", "depreciation": "None", "depreciationAndAmortization": "244000000", "incomeBeforeTax": "278000000", "incomeTaxExpense": "60000000", "interestAndDebtExpense": "None", "netIncomeFromContinuingOperations": "218000000", "comprehensiveIncomeNetOfTax": "None", "ebit": "325000000", "ebitda": "569000000", "netIncome": "218000000"}, {"fiscalDateEnding": "2022-02-28", "reportedCurrency": "USD", "grossProfit": "609000000", "totalRevenue": "7553000000", "costOfRevenue": "6944000000", "costofGoodsAndServicesSold": "6944000000", "operatingIncome": "313000000", "sellingGeneralAndAdministrative": "280000000", "researchAndDevelopment": "8000000", "operatingExpenses": "296000000", "investmentIncomeNet": "None", "netInterestIncome": "-29000000", "interestIncome": "29000000", "interestExpense": "33000000", "nonInterestIncome": "None", "otherNonOperatingIncome": "4000000", "depreciation": "None", "depreciationAndAmortization": "255000000", "incomeBeforeTax": "284000000", "incomeTaxExpense": "62000000", "interestAndDebtExpense": "None", "netIncomeFromContinuingOperations": "222000000", "comprehensiveIncomeNetOfTax": "None", "ebit": "320000000", "ebitda": "575000000", "netIncome": "222000000"}, {"fiscalDateEnding": "2021-11-30", "reportedCurrency": "USD", "grossProfit": "675000000", "totalRevenue": "8567000000", "costOfRevenue": "7892000000", "costofGoodsAndServicesSold": "7892000000", "operatingIncome": "350000000", "sellingGeneralAndAdministrative": "308000000", "researchAndDevelopment": "9000000", "operatingExpenses": "325000000", "investmentIncomeNet": "None", "netInterestIncome": "-32000000", "interestIncome": "33000000", "interestExpense": "33000000", "nonInterestIncome": "None", "otherNonOperatingIncome": "None", "depreciation": "None", "depreciationAndAmortization": "269000000", "incomeBeforeTax": "317000000", "incomeTaxExpense": "76000000", "interestAndDebtExpense": "None", "netIncomeFromContinuingOperations": "241000000", "comprehensiveIncomeNetOfTax": "None", "ebit": "350000000", "ebitda": "619000000", "netIncome": "241000000"}, {"fiscalDateEnding": "2021-08-31", "reportedCurrency": "USD", "grossProfit": "587000000", "totalRevenue": "7409000000", "costOfRevenue": "6822000000", "costofGoodsAndServicesSold": "6822000000", "operatingIncome": "265000000", "sellingGeneralAndAdministrative": "299000000", "researchAndDevelopment": "7000000", "operatingExpenses": "318000000", "investmentIncomeNet": "None", "netInterestIncome": "-28000000", "interestIncome": "28000000", "interestExpense": "32825000", "nonInterestIncome": "None", "otherNonOperatingIncome": "5068000", "depreciation": "None", "depreciationAndAmortization": "231417000", "incomeBeforeTax": "237000000", "incomeTaxExpense": "62000000", "interestAndDebtExpense": "None", "netIncomeFromContinuingOperations": "175000000", "comprehensiveIncomeNetOfTax": "None", "ebit": "269266000", "ebitda": "500683000", "netIncome": "175000000"}, {"fiscalDateEnding": "2021-05-31", "reportedCurrency": "USD", "grossProfit": "567800000", "totalRevenue": "7214645000", "costOfRevenue": "6646845000", "costofGoodsAndServicesSold": "6646845000", "operatingIncome": "239774000", "sellingGeneralAndAdministrative": "305559000", "researchAndDevelopment": "9657000", "operatingExpenses": "327282000", "investmentIncomeNet": "None", "netInterestIncome": "-28888000", "interestIncome": "28888000", "interestExpense": "33803000", "nonInterestIncome": "None", "otherNonOperatingIncome": "4915000", "depreciation": "None", "depreciationAndAmortization": "224327000", "incomeBeforeTax": "213295000", "incomeTaxExpense": "43277000", "interestAndDebtExpense": "None", "netIncomeFromContinuingOperations": "170018000", "comprehensiveIncomeNetOfTax": "None", "ebit": "246284000", "ebitda": "470611000", "netIncome": "169480000"}, {"fiscalDateEnding": "2021-02-28", "reportedCurrency": "USD", "grossProfit": "569925000", "totalRevenue": "6828546000", "costOfRevenue": "6258621000", "costofGoodsAndServicesSold": "6258621000", "operatingIncome": "236350000", "sellingGeneralAndAdministrative": "305942000", "researchAndDevelopment": "9368000", "operatingExpenses": "326949000", "investmentIncomeNet": "None", "netInterestIncome": "-27812000", "interestIncome": "27812000", "interestExpense": "27812000", "nonInterestIncome": "None", "otherNonOperatingIncome": "3214000", "depreciation": "None", "depreciationAndAmortization": "214650000", "incomeBeforeTax": "208538000", "incomeTaxExpense": "56184000", "interestAndDebtExpense": "None", "netIncomeFromContinuingOperations": "152354000", "comprehensiveIncomeNetOfTax": "None", "ebit": "240374000", "ebitda": "455024000", "netIncome": "151654000"}, {"fiscalDateEnding": "2020-11-30", "reportedCurrency": "USD", "grossProfit": "634560000", "totalRevenue": "7832529000", "costOfRevenue": "7197969000", "costofGoodsAndServicesSold": "7197969000", "operatingIncome": "313950000", "sellingGeneralAndAdministrative": "302752000", "researchAndDevelopment": "8118000", "operatingExpenses": "322325000", "investmentIncomeNet": "None", "netInterestIncome": "-28543000", "interestIncome": "30465000", "interestExpense": "32346000", "nonInterestIncome": "None", "otherNonOperatingIncome": "3803000", "depreciation": "None", "depreciationAndAmortization": "205766000", "incomeBeforeTax": "285407000", "incomeTaxExpense": "84400000", "interestAndDebtExpense": "None", "netIncomeFromContinuingOperations": "201007000", "comprehensiveIncomeNetOfTax": "None", "ebit": "318570000", "ebitda": "524336000", "netIncome": "200442000"}, {"fiscalDateEnding": "2020-08-31", "reportedCurrency": "USD", "grossProfit": "490701000", "totalRevenue": "7300015000", "costOfRevenue": "6809314000", "costofGoodsAndServicesSold": "6809314000", "operatingIncome": "197053000", "sellingGeneralAndAdministrative": "613923000", "researchAndDevelopment": "10496000", "operatingExpenses": "281067000", "investmentIncomeNet": "None", "netInterestIncome": "-45385000", "interestIncome": "39495000", "interestExpense": "40910000", "nonInterestIncome": "None", "otherNonOperatingIncome": "-4475000", "depreciation": "None", "depreciationAndAmortization": "193889000", "incomeBeforeTax": "115248000", "incomeTaxExpense": "46339000", "interestAndDebtExpense": "None", "netIncomeFromContinuingOperations": "68909000", "comprehensiveIncomeNetOfTax": "None", "ebit": "156158000", "ebitda": "350047000", "netIncome": "67731000"}, {"fiscalDateEnding": "2020-05-31", "reportedCurrency": "USD", "grossProfit": "456148000", "totalRevenue": "6335642000", "costOfRevenue": "5879494000", "costofGoodsAndServicesSold": "5879494000", "operatingIncome": "59384000", "sellingGeneralAndAdministrative": "302849000", "researchAndDevelopment": "11587000", "operatingExpenses": "327614000", "investmentIncomeNet": "None", "netInterestIncome": "-40009000", "interestIncome": "1864000", "interestExpense": "45611000", "nonInterestIncome": "None", "otherNonOperatingIncome": "-3738000", "depreciation": "None", "depreciationAndAmortization": "198345000", "incomeBeforeTax": "13773000", "incomeTaxExpense": "64036000", "interestAndDebtExpense": "None", "netIncomeFromContinuingOperations": "-50263000", "comprehensiveIncomeNetOfTax": "None", "ebit": "137425000", "ebitda": "335770000", "netIncome": "-50958000"}, {"fiscalDateEnding": "2020-02-29", "reportedCurrency": "USD", "grossProfit": "430125000", "totalRevenue": "6125083000", "costOfRevenue": "5694958000", "costofGoodsAndServicesSold": "5694958000", "operatingIncome": "90630000", "sellingGeneralAndAdministrative": "285024000", "researchAndDevelopment": "11290000", "operatingExpenses": "309891000", "investmentIncomeNet": "None", "netInterestIncome": "-40847000", "interestIncome": "5336000", "interestExpense": "49348000", "nonInterestIncome": "None", "otherNonOperatingIncome": "-3165000", "depreciation": "None", "depreciationAndAmortization": "199488000", "incomeBeforeTax": "29077000", "incomeTaxExpense": "31658000", "interestAndDebtExpense": "None", "netIncomeFromContinuingOperations": "-2581000", "comprehensiveIncomeNetOfTax": "None", "ebit": "130751000", "ebitda": "330239000", "netIncome": "-3283000"}, {"fiscalDateEnding": "2019-11-30", "reportedCurrency": "USD", "grossProfit": "553839000", "totalRevenue": "7505698000", "costOfRevenue": "6951859000", "costofGoodsAndServicesSold": "6951859000", "operatingIncome": "152779000", "sellingGeneralAndAdministrative": "328899000", "researchAndDevelopment": "10770000", "operatingExpenses": "355809000", "investmentIncomeNet": "None", "netInterestIncome": "-38967000", "interestIncome": "5944000", "interestExpense": "50139000", "nonInterestIncome": "None", "otherNonOperatingIncome": "-5228000", "depreciation": "None", "depreciationAndAmortization": "202859000", "incomeBeforeTax": "102640000", "incomeTaxExpense": "61926000", "interestAndDebtExpense": "None", "netIncomeFromContinuingOperations": "40714000", "comprehensiveIncomeNetOfTax": "None", "ebit": "215975000", "ebitda": "418834000", "netIncome": "40422000"}, {"fiscalDateEnding": "2019-08-31", "reportedCurrency": "USD", "grossProfit": "495078000", "totalRevenue": "6573453000", "costOfRevenue": "6078375000", "costofGoodsAndServicesSold": "6078375000", "operatingIncome": "189745000", "sellingGeneralAndAdministrative": "276597000", "researchAndDevelopment": "10114000", "operatingExpenses": "295601000", "investmentIncomeNet": "None", "netInterestIncome": "-43841000", "interestIncome": "5563000", "interestExpense": "58200000", "nonInterestIncome": "None", "otherNonOperatingIncome": "-8796000", "depreciation": "None", "depreciationAndAmortization": "196911000", "incomeBeforeTax": "101913000", "incomeTaxExpense": "48152000", "interestAndDebtExpense": "None", "netIncomeFromContinuingOperations": "53761000", "comprehensiveIncomeNetOfTax": "None", "ebit": "216651000", "ebitda": "413562000", "netIncome": "52675000"}, {"fiscalDateEnding": "2019-05-31", "reportedCurrency": "USD", "grossProfit": "443799000", "totalRevenue": "6135602000", "costOfRevenue": "5691803000", "costofGoodsAndServicesSold": "5691803000", "operatingIncome": "140918000", "sellingGeneralAndAdministrative": "274482000", "researchAndDevelopment": "11449000", "operatingExpenses": "293541000", "investmentIncomeNet": "None", "netInterestIncome": "-43756000", "interestIncome": "6758000", "interestExpense": "57840000", "nonInterestIncome": "None", "otherNonOperatingIncome": "-7326000", "depreciation": "None", "depreciationAndAmortization": "193412000", "incomeBeforeTax": "83078000", "incomeTaxExpense": "39046000", "interestAndDebtExpense": "None", "netIncomeFromContinuingOperations": "44032000", "comprehensiveIncomeNetOfTax": "None", "ebit": "163814000", "ebitda": "357226000", "netIncome": "43482000"}, {"fiscalDateEnding": "2019-02-28", "reportedCurrency": "USD", "grossProfit": "454874000", "totalRevenue": "6066990000", "costOfRevenue": "5612116000", "costofGoodsAndServicesSold": "5612116000", "operatingIncome": "153983000", "sellingGeneralAndAdministrative": "282142000", "researchAndDevelopment": "10155000", "operatingExpenses": "300074000", "investmentIncomeNet": "None", "netInterestIncome": "-41400000", "interestIncome": "4760000", "interestExpense": "53157000", "nonInterestIncome": "None", "otherNonOperatingIncome": "-6997000", "depreciation": "None", "depreciationAndAmortization": "192674000", "incomeBeforeTax": "100826000", "incomeTaxExpense": "33219000", "interestAndDebtExpense": "None", "netIncomeFromContinuingOperations": "67607000", "comprehensiveIncomeNetOfTax": "None", "ebit": "167851000", "ebitda": "360525000", "netIncome": "67354000"}, {"fiscalDateEnding": "2018-11-30", "reportedCurrency": "USD", "grossProfit": "519650000", "totalRevenue": "6506275000", "costOfRevenue": "5986625000", "costofGoodsAndServicesSold": "5986625000", "operatingIncome": "216710000", "sellingGeneralAndAdministrative": "278126000", "researchAndDevelopment": "11143000", "operatingExpenses": "296915000", "investmentIncomeNet": "None", "netInterestIncome": "None", "interestIncome": "None", "interestExpense": "51823000", "nonInterestIncome": "None", "otherNonOperatingIncome": "-9171000", "depreciation": "None", "depreciationAndAmortization": "188836000", "incomeBeforeTax": "164887000", "incomeTaxExpense": "40813000", "interestAndDebtExpense": "None", "netIncomeFromContinuingOperations": "124074000", "comprehensiveIncomeNetOfTax": "None", "ebit": "231896000", "ebitda": "420732000", "netIncome": "123600000"}, {"fiscalDateEnding": "2018-08-31", "reportedCurrency": "USD", "grossProfit": "442147000", "totalRevenue": "5771831000", "costOfRevenue": "5329684000", "costofGoodsAndServicesSold": "5329684000", "operatingIncome": "153896000", "sellingGeneralAndAdministrative": "261234000", "researchAndDevelopment": "10996000", "operatingExpenses": "280811000", "investmentIncomeNet": "None", "netInterestIncome": "None", "interestIncome": "None", "interestExpense": "45349000", "nonInterestIncome": "None", "otherNonOperatingIncome": "-6567000", "depreciation": "None", "depreciationAndAmortization": "190058000", "incomeBeforeTax": "108547000", "incomeTaxExpense": "165155000", "interestAndDebtExpense": "None", "netIncomeFromContinuingOperations": "-56608000", "comprehensiveIncomeNetOfTax": "None", "ebit": "195272000", "ebitda": "385330000", "netIncome": "-57314000"}, {"fiscalDateEnding": "2018-05-31", "reportedCurrency": "USD", "grossProfit": "398227000", "totalRevenue": "5436952000", "costOfRevenue": "5038725000", "costofGoodsAndServicesSold": "5038725000", "operatingIncome": "112971000", "sellingGeneralAndAdministrative": "252487000", "researchAndDevelopment": "10082000", "operatingExpenses": "272609000", "investmentIncomeNet": "None", "netInterestIncome": "None", "interestIncome": "None", "interestExpense": "41818000", "nonInterestIncome": "None", "otherNonOperatingIncome": "-5640000", "depreciation": "None", "depreciationAndAmortization": "201324000", "incomeBeforeTax": "71153000", "incomeTaxExpense": "28451000", "interestAndDebtExpense": "None", "netIncomeFromContinuingOperations": "42702000", "comprehensiveIncomeNetOfTax": "None", "ebit": "125618000", "ebitda": "326942000", "netIncome": "42541000"}, {"fiscalDateEnding": "2018-02-28", "reportedCurrency": "USD", "grossProfit": "397133000", "totalRevenue": "5301101000", "costOfRevenue": "4903968000", "costofGoodsAndServicesSold": "4903968000", "operatingIncome": "129532000", "sellingGeneralAndAdministrative": "243940000", "researchAndDevelopment": "8344000", "operatingExpenses": "262174000", "investmentIncomeNet": "None", "netInterestIncome": "None", "interestIncome": "None", "interestExpense": "43270000", "nonInterestIncome": "None", "otherNonOperatingIncome": "-5474000", "depreciation": "None", "depreciationAndAmortization": "187689000", "incomeBeforeTax": "86262000", "incomeTaxExpense": "48734000", "interestAndDebtExpense": "None", "netIncomeFromContinuingOperations": "37528000", "comprehensiveIncomeNetOfTax": "None", "ebit": "134959000", "ebitda": "322648000", "netIncome": "37308000"}, {"fiscalDateEnding": "2017-11-30", "reportedCurrency": "USD", "grossProfit": "469285000", "totalRevenue": "5585532000", "costOfRevenue": "5116247000", "costofGoodsAndServicesSold": "5116247000", "operatingIncome": "145754000", "sellingGeneralAndAdministrative": "293055000", "researchAndDevelopment": "9109000", "operatingExpenses": "312143000", "investmentIncomeNet": "None", "netInterestIncome": "None", "interestIncome": "None", "interestExpense": "38315000", "nonInterestIncome": "None", "otherNonOperatingIncome": "-2069000", "depreciation": "None", "depreciationAndAmortization": "194633000", "incomeBeforeTax": "107439000", "incomeTaxExpense": "43520000", "interestAndDebtExpense": "None", "netIncomeFromContinuingOperations": "63919000", "comprehensiveIncomeNetOfTax": "None", "ebit": "164680000", "ebitda": "359313000", "netIncome": "63795000"}, {"fiscalDateEnding": "2017-08-31", "reportedCurrency": "USD", "grossProfit": "425818000", "totalRevenue": "5023029000", "costOfRevenue": "4597211000", "costofGoodsAndServicesSold": "4597211000", "operatingIncome": "118057000", "sellingGeneralAndAdministrative": "241823000", "researchAndDevelopment": "7698000", "operatingExpenses": "258783000", "investmentIncomeNet": "None", "netInterestIncome": "None", "interestIncome": "None", "interestExpense": "36445000", "nonInterestIncome": "None", "otherNonOperatingIncome": "-458000", "depreciation": "None", "depreciationAndAmortization": "189848000", "incomeBeforeTax": "81612000", "incomeTaxExpense": "35571000", "interestAndDebtExpense": "None", "netIncomeFromContinuingOperations": "46041000", "comprehensiveIncomeNetOfTax": "None", "ebit": "167035000", "ebitda": "356883000", "netIncome": "45679000"}, {"fiscalDateEnding": "2017-05-31", "reportedCurrency": "USD", "grossProfit": "326415000", "totalRevenue": "4489557000", "costOfRevenue": "4163142000", "costofGoodsAndServicesSold": "4163142000", "operatingIncome": "43383000", "sellingGeneralAndAdministrative": "233884000", "researchAndDevelopment": "7274000", "operatingExpenses": "250332000", "investmentIncomeNet": "None", "netInterestIncome": "None", "interestIncome": "None", "interestExpense": "47601000", "nonInterestIncome": "None", "otherNonOperatingIncome": "-12158000", "depreciation": "None", "depreciationAndAmortization": "190240000", "incomeBeforeTax": "-4218000", "incomeTaxExpense": "21481000", "interestAndDebtExpense": "None", "netIncomeFromContinuingOperations": "-25699000", "comprehensiveIncomeNetOfTax": "None", "ebit": "31225000", "ebitda": "221465000", "netIncome": "-25281000"}, {"fiscalDateEnding": "2017-02-28", "reportedCurrency": "USD", "grossProfit": "361904000", "totalRevenue": "4445637000", "costOfRevenue": "4083733000", "costofGoodsAndServicesSold": "4083733000", "operatingIncome": "83183000", "sellingGeneralAndAdministrative": "217943000", "researchAndDevelopment": "7085000", "operatingExpenses": "233794000", "investmentIncomeNet": "None", "netInterestIncome": "None", "interestIncome": "None", "interestExpense": "34882000", "nonInterestIncome": "None", "otherNonOperatingIncome": "-1082000", "depreciation": "None", "depreciationAndAmortization": "191416000", "incomeBeforeTax": "48301000", "incomeTaxExpense": "28177000", "interestAndDebtExpense": "None", "netIncomeFromContinuingOperations": "20124000", "comprehensiveIncomeNetOfTax": "None", "ebit": "128110000", "ebitda": "319526000", "netIncome": "20665000"}, {"fiscalDateEnding": "2016-11-30", "reportedCurrency": "USD", "grossProfit": "431506000", "totalRevenue": "5104898000", "costOfRevenue": "4673392000", "costofGoodsAndServicesSold": "4673392000", "operatingIncome": "165607000", "sellingGeneralAndAdministrative": "214052000", "researchAndDevelopment": "7623000", "operatingExpenses": "229997000", "investmentIncomeNet": "None", "netInterestIncome": "None", "interestIncome": "None", "interestExpense": "35069000", "nonInterestIncome": "None", "otherNonOperatingIncome": "-2225000", "depreciation": "None", "depreciationAndAmortization": "188901000", "incomeBeforeTax": "130538000", "incomeTaxExpense": "43837000", "interestAndDebtExpense": "None", "netIncomeFromContinuingOperations": "86701000", "comprehensiveIncomeNetOfTax": "None", "ebit": "201509000", "ebitda": "390410000", "netIncome": "88027000"}, {"fiscalDateEnding": "2016-08-31", "reportedCurrency": "USD", "grossProfit": "323649000", "totalRevenue": "4430763000", "costOfRevenue": "4107114000", "costofGoodsAndServicesSold": "4107114000", "operatingIncome": "93803000", "sellingGeneralAndAdministrative": "208330000", "researchAndDevelopment": "7521000", "operatingExpenses": "226826000", "investmentIncomeNet": "None", "netInterestIncome": "None", "interestIncome": "None", "interestExpense": "33586000", "nonInterestIncome": "None", "otherNonOperatingIncome": "439000", "depreciation": "None", "depreciationAndAmortization": "183780000", "incomeBeforeTax": "60217000", "incomeTaxExpense": "21510000", "interestAndDebtExpense": "None", "netIncomeFromContinuingOperations": "38709000", "comprehensiveIncomeNetOfTax": "None", "ebit": "99843000", "ebitda": "283623000", "netIncome": "38065000"}, {"fiscalDateEnding": "2016-05-31", "reportedCurrency": "USD", "grossProfit": "321087000", "totalRevenue": "4310752000", "costOfRevenue": "3989665000", "costofGoodsAndServicesSold": "3989665000", "operatingIncome": "59595000", "sellingGeneralAndAdministrative": "239646000", "researchAndDevelopment": "7675000", "operatingExpenses": "257032000", "investmentIncomeNet": "None", "netInterestIncome": "None", "interestIncome": "None", "interestExpense": "35322000", "nonInterestIncome": "None", "otherNonOperatingIncome": "-110000", "depreciation": "None", "depreciationAndAmortization": "183671000", "incomeBeforeTax": "24273000", "incomeTaxExpense": "18434000", "interestAndDebtExpense": "None", "netIncomeFromContinuingOperations": "5372000", "comprehensiveIncomeNetOfTax": "None", "ebit": "64055000", "ebitda": "247726000", "netIncome": "5213000"}, {"fiscalDateEnding": "2016-02-29", "reportedCurrency": "USD", "grossProfit": "399433000", "totalRevenue": "4403594000", "costOfRevenue": "4004161000", "costofGoodsAndServicesSold": "4004161000", "operatingIncome": "154929000", "sellingGeneralAndAdministrative": "224905000", "researchAndDevelopment": "8465000", "operatingExpenses": "241969000", "investmentIncomeNet": "None", "netInterestIncome": "None", "interestIncome": "None", "interestExpense": "34142000", "nonInterestIncome": "None", "otherNonOperatingIncome": "120000", "depreciation": "None", "depreciationAndAmortization": "167938000", "incomeBeforeTax": "120787000", "incomeTaxExpense": "42354000", "interestAndDebtExpense": "None", "netIncomeFromContinuingOperations": "78433000", "comprehensiveIncomeNetOfTax": "None", "ebit": "157464000", "ebitda": "325402000", "netIncome": "78930000"}, {"fiscalDateEnding": "2015-11-30", "reportedCurrency": "USD", "grossProfit": "483535000", "totalRevenue": "5207977000", "costOfRevenue": "4724442000", "costofGoodsAndServicesSold": "4724442000", "operatingIncome": "214503000", "sellingGeneralAndAdministrative": "251547000", "researchAndDevelopment": "8292000", "operatingExpenses": "267679000", "investmentIncomeNet": "None", "netInterestIncome": "None", "interestIncome": "None", "interestExpense": "32736000", "nonInterestIncome": "None", "otherNonOperatingIncome": "299000", "depreciation": "None", "depreciationAndAmortization": "161363000", "incomeBeforeTax": "181767000", "incomeTaxExpense": "49852000", "interestAndDebtExpense": "None", "netIncomeFromContinuingOperations": "131915000", "comprehensiveIncomeNetOfTax": "None", "ebit": "215856000", "ebitda": "377219000", "netIncome": "131885000"}, {"fiscalDateEnding": "2015-08-31", "reportedCurrency": "USD", "grossProfit": "376574000", "totalRevenue": "4680813000", "costOfRevenue": "4304239000", "costofGoodsAndServicesSold": "4304239000", "operatingIncome": "150383000", "sellingGeneralAndAdministrative": "209464000", "researchAndDevelopment": "8142000", "operatingExpenses": "224959000", "investmentIncomeNet": "None", "netInterestIncome": "None", "interestIncome": "None", "interestExpense": "29095000", "nonInterestIncome": "None", "otherNonOperatingIncome": "3113000", "depreciation": "None", "depreciationAndAmortization": "144040000", "incomeBeforeTax": "121288000", "incomeTaxExpense": "30276000", "interestAndDebtExpense": "None", "netIncomeFromContinuingOperations": "91012000", "comprehensiveIncomeNetOfTax": "None", "ebit": "151616000", "ebitda": "295656000", "netIncome": "87702000"}, {"fiscalDateEnding": "2015-05-31", "reportedCurrency": "USD", "grossProfit": "375837000", "totalRevenue": "4358641000", "costOfRevenue": "3982804000", "costofGoodsAndServicesSold": "3982804000", "operatingIncome": "135422000", "sellingGeneralAndAdministrative": "228476000", "researchAndDevelopment": "6997000", "operatingExpenses": "241197000", "investmentIncomeNet": "None", "netInterestIncome": "None", "interestIncome": "None", "interestExpense": "31041000", "nonInterestIncome": "None", "otherNonOperatingIncome": "956000", "depreciation": "None", "depreciationAndAmortization": "135695000", "incomeBeforeTax": "104381000", "incomeTaxExpense": "32124000", "interestAndDebtExpense": "None", "netIncomeFromContinuingOperations": "72257000", "comprehensiveIncomeNetOfTax": "None", "ebit": "134640000", "ebitda": "270335000", "netIncome": "72203000"}, {"fiscalDateEnding": "2015-02-28", "reportedCurrency": "USD", "grossProfit": "367819000", "totalRevenue": "4309323000", "costOfRevenue": "3941504000", "costofGoodsAndServicesSold": "3941504000", "operatingIncome": "124851000", "sellingGeneralAndAdministrative": "210326000", "researchAndDevelopment": "6501000", "operatingExpenses": "222610000", "investmentIncomeNet": "None", "netInterestIncome": "None", "interestIncome": "None", "interestExpense": "31797000", "nonInterestIncome": "None", "otherNonOperatingIncome": "251000", "depreciation": "None", "depreciationAndAmortization": "127061000", "incomeBeforeTax": "93054000", "incomeTaxExpense": "35272000", "interestAndDebtExpense": "None", "netIncomeFromContinuingOperations": "57782000", "comprehensiveIncomeNetOfTax": "None", "ebit": "145209000", "ebitda": "272270000", "netIncome": "51952000"}, {"fiscalDateEnding": "2014-11-30", "reportedCurrency": "USD", "grossProfit": "382987000", "totalRevenue": "4550418000", "costOfRevenue": "4167431000", "costofGoodsAndServicesSold": "4167431000", "operatingIncome": "144755000", "sellingGeneralAndAdministrative": "214380000", "researchAndDevelopment": "6005000", "operatingExpenses": "225975000", "investmentIncomeNet": "None", "netInterestIncome": "None", "interestIncome": "None", "interestExpense": "31833000", "nonInterestIncome": "None", "otherNonOperatingIncome": "6000", "depreciation": "None", "depreciationAndAmortization": "122380000", "incomeBeforeTax": "112922000", "incomeTaxExpense": "39788000", "interestAndDebtExpense": "None", "netIncomeFromContinuingOperations": "73134000", "comprehensiveIncomeNetOfTax": "None", "ebit": "157012000", "ebitda": "279392000", "netIncome": "72162000"}, {"fiscalDateEnding": "2014-08-31", "reportedCurrency": "USD", "grossProfit": "262252000", "totalRevenue": "4056245000", "costOfRevenue": "3793993000", "costofGoodsAndServicesSold": "3793993000", "operatingIncome": "46643000", "sellingGeneralAndAdministrative": "177934000", "researchAndDevelopment": "7224000", "operatingExpenses": "190835000", "investmentIncomeNet": "None", "netInterestIncome": "None", "interestIncome": "None", "interestExpense": "32243000", "nonInterestIncome": "None", "otherNonOperatingIncome": "-1419000", "depreciation": "None", "depreciationAndAmortization": "120656000", "incomeBeforeTax": "14400000", "incomeTaxExpense": "32788000", "interestAndDebtExpense": "None", "netIncomeFromContinuingOperations": "-34500000", "comprehensiveIncomeNetOfTax": "None", "ebit": "71417000", "ebitda": "192073000", "netIncome": "-26197000"}, {"fiscalDateEnding": "2014-05-31", "reportedCurrency": "USD", "grossProfit": "215950000", "totalRevenue": "3785875000", "costOfRevenue": "3569925000", "costofGoodsAndServicesSold": "3569925000", "operatingIncome": "-1613000", "sellingGeneralAndAdministrative": "190804000", "researchAndDevelopment": "5729000", "operatingExpenses": "202212000", "investmentIncomeNet": "None", "netInterestIncome": "None", "interestIncome": "None", "interestExpense": "32567000", "nonInterestIncome": "None", "otherNonOperatingIncome": "-460000", "depreciation": "None", "depreciationAndAmortization": "119453000", "incomeBeforeTax": "-34180000", "incomeTaxExpense": "18708000", "interestAndDebtExpense": "None", "netIncomeFromContinuingOperations": "-52888000", "comprehensiveIncomeNetOfTax": "None", "ebit": "13738000", "ebitda": "133191000", "netIncome": "188255000"}, {"fiscalDateEnding": "2014-02-28", "reportedCurrency": "USD", "grossProfit": "213150000", "totalRevenue": "3577315000", "costOfRevenue": "3364165000", "costofGoodsAndServicesSold": "3364165000", "operatingIncome": "3641000", "sellingGeneralAndAdministrative": "164522000", "researchAndDevelopment": "6604000", "operatingExpenses": "177306000", "investmentIncomeNet": "None", "netInterestIncome": "None", "interestIncome": "None", "interestExpense": "33367000", "nonInterestIncome": "None", "otherNonOperatingIncome": "-1509000", "depreciation": "None", "depreciationAndAmortization": "121573000", "incomeBeforeTax": "-29726000", "incomeTaxExpense": "2539000", "interestAndDebtExpense": "None", "netIncomeFromContinuingOperations": "-32265000", "comprehensiveIncomeNetOfTax": "None", "ebit": "35844000", "ebitda": "157417000", "netIncome": "-38667000"}, {"fiscalDateEnding": "2013-11-30", "reportedCurrency": "USD", "grossProfit": "368770000", "totalRevenue": "4611442000", "costOfRevenue": "4242672000", "costofGoodsAndServicesSold": "4242672000", "operatingIncome": "172668000", "sellingGeneralAndAdministrative": "158095000", "researchAndDevelopment": "9054000", "operatingExpenses": "174827000", "investmentIncomeNet": "None", "netInterestIncome": "None", "interestIncome": "None", "interestExpense": "33822000", "nonInterestIncome": "None", "otherNonOperatingIncome": "-508000", "depreciation": "None", "depreciationAndAmortization": "125596000", "incomeBeforeTax": "138846000", "incomeTaxExpense": "20781000", "interestAndDebtExpense": "None", "netIncomeFromContinuingOperations": "118065000", "comprehensiveIncomeNetOfTax": "None", "ebit": "176406000", "ebitda": "302002000", "netIncome": "117922000"}, {"fiscalDateEnding": "2013-08-31", "reportedCurrency": "USD", "grossProfit": "352245000", "totalRevenue": "4814858000", "costOfRevenue": "4462613000", "costofGoodsAndServicesSold": "4462613000", "operatingIncome": "88370000", "sellingGeneralAndAdministrative": "189979000", "researchAndDevelopment": "7075000", "operatingExpenses": "202814000", "investmentIncomeNet": "None", "netInterestIncome": "None", "interestIncome": "None", "interestExpense": "32547000", "nonInterestIncome": "None", "otherNonOperatingIncome": "-983000", "depreciation": "None", "depreciationAndAmortization": "122407000", "incomeBeforeTax": "55823000", "incomeTaxExpense": "-70967000", "interestAndDebtExpense": "None", "netIncomeFromContinuingOperations": "126790000", "comprehensiveIncomeNetOfTax": "None", "ebit": "87387000", "ebitda": "209794000", "netIncome": "127019000"}, {"fiscalDateEnding": "2013-05-31", "reportedCurrency": "USD", "grossProfit": "332495000", "totalRevenue": "4467767000", "costOfRevenue": "4135272000", "costofGoodsAndServicesSold": "4135272000", "operatingIncome": "103746000", "sellingGeneralAndAdministrative": "164813000", "researchAndDevelopment": "6475000", "operatingExpenses": "174760000", "investmentIncomeNet": "None", "netInterestIncome": "None", "interestIncome": "None", "interestExpense": "31850000", "nonInterestIncome": "None", "otherNonOperatingIncome": "-1138000", "depreciation": "None", "depreciationAndAmortization": "100688000", "incomeBeforeTax": "71896000", "incomeTaxExpense": "22268000", "interestAndDebtExpense": "None", "netIncomeFromContinuingOperations": "49628000", "comprehensiveIncomeNetOfTax": "None", "ebit": "92087000", "ebitda": "192775000", "netIncome": "50083000"}, {"fiscalDateEnding": "2013-02-28", "reportedCurrency": "USD", "grossProfit": "324527000", "totalRevenue": "4417251000", "costOfRevenue": "4092724000", "costofGoodsAndServicesSold": "4092724000", "operatingIncome": "149041000", "sellingGeneralAndAdministrative": "164360000", "researchAndDevelopment": "7655000", "operatingExpenses": "175486000", "investmentIncomeNet": "None", "netInterestIncome": "None", "interestIncome": "None", "interestExpense": "30314000", "nonInterestIncome": "None", "otherNonOperatingIncome": "-1132000", "depreciation": "None", "depreciationAndAmortization": "99819000", "incomeBeforeTax": "118727000", "incomeTaxExpense": "30638000", "interestAndDebtExpense": "None", "netIncomeFromContinuingOperations": "88089000", "comprehensiveIncomeNetOfTax": "None", "ebit": "131878000", "ebitda": "231697000", "netIncome": "88533000"}, {"fiscalDateEnding": "2012-11-30", "reportedCurrency": "USD", "grossProfit": "350595000", "totalRevenue": "4637018000", "costOfRevenue": "4286423000", "costofGoodsAndServicesSold": "4286423000", "operatingIncome": "170281000", "sellingGeneralAndAdministrative": "169600000", "researchAndDevelopment": "7263000", "operatingExpenses": "180314000", "investmentIncomeNet": "None", "netInterestIncome": "None", "interestIncome": "None", "interestExpense": "30663000", "nonInterestIncome": "None", "otherNonOperatingIncome": "-1059000", "depreciation": "None", "depreciationAndAmortization": "95203000", "incomeBeforeTax": "139618000", "incomeTaxExpense": "34034000", "interestAndDebtExpense": "None", "netIncomeFromContinuingOperations": "105584000", "comprehensiveIncomeNetOfTax": "None", "ebit": "169222000", "ebitda": "264425000", "netIncome": "105847000"}, {"fiscalDateEnding": "2012-08-31", "reportedCurrency": "USD", "grossProfit": "317548000", "totalRevenue": "4338080000", "costOfRevenue": "4020532000", "costofGoodsAndServicesSold": "4020532000", "operatingIncome": "144268000", "sellingGeneralAndAdministrative": "163070000", "researchAndDevelopment": "6784000", "operatingExpenses": "173280000", "investmentIncomeNet": "None", "netInterestIncome": "None", "interestIncome": "None", "interestExpense": "29804000", "nonInterestIncome": "None", "otherNonOperatingIncome": "-1978000", "depreciation": "None", "depreciationAndAmortization": "91306000", "incomeBeforeTax": "114464000", "incomeTaxExpense": "31999000", "interestAndDebtExpense": "None", "netIncomeFromContinuingOperations": "82465000", "comprehensiveIncomeNetOfTax": "None", "ebit": "142290000", "ebitda": "233596000", "netIncome": "82797000"}, {"fiscalDateEnding": "2012-05-31", "reportedCurrency": "USD", "grossProfit": "329323000", "totalRevenue": "4250918000", "costOfRevenue": "3921595000", "costofGoodsAndServicesSold": "3921595000", "operatingIncome": "156603000", "sellingGeneralAndAdministrative": "162748000", "researchAndDevelopment": "6518000", "operatingExpenses": "172720000", "investmentIncomeNet": "None", "netInterestIncome": "None", "interestIncome": "None", "interestExpense": "26462000", "nonInterestIncome": "None", "otherNonOperatingIncome": "-1166000", "depreciation": "None", "depreciationAndAmortization": "88452000", "incomeBeforeTax": "128975000", "incomeTaxExpense": "27377000", "interestAndDebtExpense": "None", "netIncomeFromContinuingOperations": "101598000", "comprehensiveIncomeNetOfTax": "None", "ebit": "155437000", "ebitda": "243889000", "netIncome": "101320000"}, {"fiscalDateEnding": "2012-02-29", "reportedCurrency": "USD", "grossProfit": "322164000", "totalRevenue": "4236174000", "costOfRevenue": "3914010000", "costofGoodsAndServicesSold": "3914010000", "operatingIncome": "150218000", "sellingGeneralAndAdministrative": "160811000", "researchAndDevelopment": "6264000", "operatingExpenses": "171946000", "investmentIncomeNet": "None", "netInterestIncome": "None", "interestIncome": "None", "interestExpense": "27953000", "nonInterestIncome": "None", "otherNonOperatingIncome": "-1631000", "depreciation": "None", "depreciationAndAmortization": "87873000", "incomeBeforeTax": "122265000", "incomeTaxExpense": "24020000", "interestAndDebtExpense": "None", "netIncomeFromContinuingOperations": "98245000", "comprehensiveIncomeNetOfTax": "None", "ebit": "148587000", "ebitda": "236460000", "netIncome": "97698000"}, {"fiscalDateEnding": "2011-11-30", "reportedCurrency": "USD", "grossProfit": "340010000", "totalRevenue": "4326769000", "costOfRevenue": "3986759000", "costofGoodsAndServicesSold": "3986759000", "operatingIncome": "170842000", "sellingGeneralAndAdministrative": "157823000", "researchAndDevelopment": "6271000", "operatingExpenses": "169168000", "investmentIncomeNet": "None", "netInterestIncome": "None", "interestIncome": "None", "interestExpense": "27646000", "nonInterestIncome": "None", "otherNonOperatingIncome": "-2127000", "depreciation": "None", "depreciationAndAmortization": "85861000", "incomeBeforeTax": "143196000", "incomeTaxExpense": "29415000", "interestAndDebtExpense": "None", "netIncomeFromContinuingOperations": "113781000", "comprehensiveIncomeNetOfTax": "None", "ebit": "168715000", "ebitda": "254576000", "netIncome": "112872000"}, {"fiscalDateEnding": "2011-08-31", "reportedCurrency": "USD", "grossProfit": "329203000", "totalRevenue": "4280295000", "costOfRevenue": "3951092000", "costofGoodsAndServicesSold": "3951092000", "operatingIncome": "165560000", "sellingGeneralAndAdministrative": "152204000", "researchAndDevelopment": "6209000", "operatingExpenses": "163643000", "investmentIncomeNet": "None", "netInterestIncome": "None", "interestIncome": "None", "interestExpense": "24605000", "nonInterestIncome": "None", "otherNonOperatingIncome": "78000", "depreciation": "None", "depreciationAndAmortization": "84867000", "incomeBeforeTax": "141033000", "incomeTaxExpense": "25492000", "interestAndDebtExpense": "None", "netIncomeFromContinuingOperations": "115541000", "comprehensiveIncomeNetOfTax": "None", "ebit": "165638000", "ebitda": "250505000", "netIncome": "114288000"}, {"fiscalDateEnding": "2011-05-31", "reportedCurrency": "USD", "grossProfit": "318376000", "totalRevenue": "4227688000", "costOfRevenue": "3909312000", "costofGoodsAndServicesSold": "3909312000", "operatingIncome": "152533000", "sellingGeneralAndAdministrative": "154112000", "researchAndDevelopment": "6544000", "operatingExpenses": "165843000", "investmentIncomeNet": "None", "netInterestIncome": "None", "interestIncome": "None", "interestExpense": "25149000", "nonInterestIncome": "None", "otherNonOperatingIncome": "-874000", "depreciation": "None", "depreciationAndAmortization": "5187000", "incomeBeforeTax": "126510000", "incomeTaxExpense": "22222000", "interestAndDebtExpense": "None", "netIncomeFromContinuingOperations": "104288000", "comprehensiveIncomeNetOfTax": "None", "ebit": "228910000", "ebitda": "234097000", "netIncome": "104695000"}, {"fiscalDateEnding": "2011-02-28", "reportedCurrency": "USD", "grossProfit": "296400000", "totalRevenue": "3928663000", "costOfRevenue": "3632263000", "costofGoodsAndServicesSold": "3632263000", "operatingIncome": "104641000", "sellingGeneralAndAdministrative": "155414000", "researchAndDevelopment": "6540000", "operatingExpenses": "167619000", "investmentIncomeNet": "None", "netInterestIncome": "None", "interestIncome": "None", "interestExpense": "25777000", "nonInterestIncome": "None", "otherNonOperatingIncome": "-108000", "depreciation": "None", "depreciationAndAmortization": "76924000", "incomeBeforeTax": "78756000", "incomeTaxExpense": "23038000", "interestAndDebtExpense": "None", "netIncomeFromContinuingOperations": "55718000", "comprehensiveIncomeNetOfTax": "None", "ebit": "104533000", "ebitda": "181457000", "netIncome": "55403000"}, {"fiscalDateEnding": "2010-11-30", "reportedCurrency": "USD", "grossProfit": "310591000", "totalRevenue": "4082181000", "costOfRevenue": "3771590000", "costofGoodsAndServicesSold": "3771590000", "operatingIncome": "156000000", "sellingGeneralAndAdministrative": "142449000", "researchAndDevelopment": "5741000", "operatingExpenses": "154159000", "investmentIncomeNet": "None", "netInterestIncome": "None", "interestIncome": "None", "interestExpense": "22162000", "nonInterestIncome": "None", "otherNonOperatingIncome": "1050000", "depreciation": "None", "depreciationAndAmortization": "5969000", "incomeBeforeTax": "134888000", "incomeTaxExpense": "27477000", "interestAndDebtExpense": "None", "netIncomeFromContinuingOperations": "107411000", "comprehensiveIncomeNetOfTax": "None", "ebit": "156864000", "ebitda": "162833000", "netIncome": "106677000"}, {"fiscalDateEnding": "2010-08-31", "reportedCurrency": "USD", "grossProfit": "287508000", "totalRevenue": "3860933000", "costOfRevenue": "3573425000", "costofGoodsAndServicesSold": "3573425000", "operatingIncome": "102990000", "sellingGeneralAndAdministrative": "160512000", "researchAndDevelopment": "6632000", "operatingExpenses": "182006000", "investmentIncomeNet": "None", "netInterestIncome": "None", "interestIncome": "None", "interestExpense": "19519000", "nonInterestIncome": "None", "otherNonOperatingIncome": "None", "depreciation": "None", "depreciationAndAmortization": "68571000", "incomeBeforeTax": "83286000", "incomeTaxExpense": "23910000", "interestAndDebtExpense": "None", "netIncomeFromContinuingOperations": "0", "comprehensiveIncomeNetOfTax": "None", "ebit": "102805000", "ebitda": "171376000", "netIncome": "58691000"}, {"fiscalDateEnding": "2010-05-31", "reportedCurrency": "USD", "grossProfit": "262114000", "totalRevenue": "3455578000", "costOfRevenue": "3193464000", "costofGoodsAndServicesSold": "3193464000", "operatingIncome": "96533000", "sellingGeneralAndAdministrative": "151409000", "researchAndDevelopment": "6331000", "operatingExpenses": "163946000", "investmentIncomeNet": "None", "netInterestIncome": "None", "interestIncome": "None", "interestExpense": "19837000", "nonInterestIncome": "None", "otherNonOperatingIncome": "None", "depreciation": "None", "depreciationAndAmortization": "6206000", "incomeBeforeTax": "76696000", "incomeTaxExpense": "24009000", "interestAndDebtExpense": "None", "netIncomeFromContinuingOperations": "0", "comprehensiveIncomeNetOfTax": "None", "ebit": "159475000", "ebitda": "165681000", "netIncome": "52031000"}, {"fiscalDateEnding": "2010-02-28", "reportedCurrency": "USD", "grossProfit": "222746000", "totalRevenue": "3004644000", "costOfRevenue": "2781898000", "costofGoodsAndServicesSold": "2781898000", "operatingIncome": "61779000", "sellingGeneralAndAdministrative": "146264000", "researchAndDevelopment": "7425000", "operatingExpenses": "160332000", "investmentIncomeNet": "None", "netInterestIncome": "None", "interestIncome": "None", "interestExpense": "20030000", "nonInterestIncome": "None", "otherNonOperatingIncome": "None", "depreciation": "None", "depreciationAndAmortization": "6643000", "incomeBeforeTax": "41268000", "incomeTaxExpense": "11446000", "interestAndDebtExpense": "None", "netIncomeFromContinuingOperations": "0", "comprehensiveIncomeNetOfTax": "None", "ebit": "124058000", "ebitda": "130701000", "netIncome": "29830000"}, {"fiscalDateEnding": "2009-11-30", "reportedCurrency": "USD", "grossProfit": "231776000", "totalRevenue": "3088256000", "costOfRevenue": "2856480000", "costofGoodsAndServicesSold": "2856480000", "operatingIncome": "66264000", "sellingGeneralAndAdministrative": "131553000", "researchAndDevelopment": "7697000", "operatingExpenses": "162077000", "investmentIncomeNet": "None", "netInterestIncome": "None", "interestIncome": "None", "interestExpense": "20116000", "nonInterestIncome": "None", "otherNonOperatingIncome": "None", "depreciation": "None", "depreciationAndAmortization": "7105000", "incomeBeforeTax": "46017000", "incomeTaxExpense": "17136000", "interestAndDebtExpense": "None", "netIncomeFromContinuingOperations": "0", "comprehensiveIncomeNetOfTax": "None", "ebit": "132086000", "ebitda": "139191000", "netIncome": "28288000"}, {"fiscalDateEnding": "2009-08-31", "reportedCurrency": "USD", "grossProfit": "190967000", "totalRevenue": "2799528000", "costOfRevenue": "2608561000", "costofGoodsAndServicesSold": "2608561000", "operatingIncome": "43145000", "sellingGeneralAndAdministrative": "127807000", "researchAndDevelopment": "8714000", "operatingExpenses": "144240000", "investmentIncomeNet": "None", "netInterestIncome": "None", "interestIncome": "None", "interestExpense": "19393000", "nonInterestIncome": "None", "otherNonOperatingIncome": "None", "depreciation": "None", "depreciationAndAmortization": "71882000", "incomeBeforeTax": "9922000", "incomeTaxExpense": "3989000", "interestAndDebtExpense": "None", "netIncomeFromContinuingOperations": "0", "comprehensiveIncomeNetOfTax": "None", "ebit": "29315000", "ebitda": "101197000", "netIncome": "5507000"}, {"fiscalDateEnding": "2009-05-31", "reportedCurrency": "USD", "grossProfit": "148589000", "totalRevenue": "2615101000", "costOfRevenue": "2466512000", "costofGoodsAndServicesSold": "2466512000", "operatingIncome": "-7807000", "sellingGeneralAndAdministrative": "125419000", "researchAndDevelopment": "7198000", "operatingExpenses": "140229000", "investmentIncomeNet": "None", "netInterestIncome": "None", "interestIncome": "None", "interestExpense": "18904000", "nonInterestIncome": "None", "otherNonOperatingIncome": "None", "depreciation": "None", "depreciationAndAmortization": "7612000", "incomeBeforeTax": "-26711000", "incomeTaxExpense": "2528000", "interestAndDebtExpense": "None", "netIncomeFromContinuingOperations": "0", "comprehensiveIncomeNetOfTax": "None", "ebit": "8360000", "ebitda": "15972000", "netIncome": "-28762000"}, {"fiscalDateEnding": "2009-02-28", "reportedCurrency": "USD", "grossProfit": "155546000", "totalRevenue": "2887400000", "costOfRevenue": "2731854000", "costofGoodsAndServicesSold": "2731854000", "operatingIncome": "-705579000", "sellingGeneralAndAdministrative": "111053000", "researchAndDevelopment": "5754000", "operatingExpenses": "829601000", "investmentIncomeNet": "None", "netInterestIncome": "None", "interestIncome": "None", "interestExpense": "20077000", "nonInterestIncome": "None", "otherNonOperatingIncome": "None", "depreciation": "None", "depreciationAndAmortization": "74563000", "incomeBeforeTax": "-724593000", "incomeTaxExpense": "142018000", "interestAndDebtExpense": "None", "netIncomeFromContinuingOperations": "0", "comprehensiveIncomeNetOfTax": "None", "ebit": "-704516000", "ebitda": "-629953000", "netIncome": "-866100000"}, {"fiscalDateEnding": "2008-11-30", "reportedCurrency": "USD", "grossProfit": "223713000", "totalRevenue": "3382509000", "costOfRevenue": "3158796000", "costofGoodsAndServicesSold": "3158796000", "operatingIncome": "-239960000", "sellingGeneralAndAdministrative": "131662000", "researchAndDevelopment": "5655000", "operatingExpenses": "463052000", "investmentIncomeNet": "None", "netInterestIncome": "None", "interestIncome": "None", "interestExpense": "23734000", "nonInterestIncome": "None", "otherNonOperatingIncome": "None", "depreciation": "None", "depreciationAndAmortization": "71556000", "incomeBeforeTax": "-263751000", "incomeTaxExpense": "12363000", "interestAndDebtExpense": "None", "netIncomeFromContinuingOperations": "0", "comprehensiveIncomeNetOfTax": "None", "ebit": "-239339000", "ebitda": "-167783000", "netIncome": "-275857000"}, {"fiscalDateEnding": "2008-08-31", "reportedCurrency": "USD", "grossProfit": "230000000", "totalRevenue": "3264874000", "costOfRevenue": "3034874000", "costofGoodsAndServicesSold": "3034874000", "operatingIncome": "87775000", "sellingGeneralAndAdministrative": "123707000", "researchAndDevelopment": "8603000", "operatingExpenses": "141963000", "investmentIncomeNet": "None", "netInterestIncome": "None", "interestIncome": "None", "interestExpense": "94316000", "nonInterestIncome": "None", "otherNonOperatingIncome": "None", "depreciation": "None", "depreciationAndAmortization": "70646000", "incomeBeforeTax": "64640000", "incomeTaxExpense": "7729000", "interestAndDebtExpense": "None", "netIncomeFromContinuingOperations": "0", "comprehensiveIncomeNetOfTax": "None", "ebit": "88037000", "ebitda": "158683000", "netIncome": "57491000"}, {"fiscalDateEnding": "2008-05-31", "reportedCurrency": "USD", "grossProfit": "210182000", "totalRevenue": "3088269000", "costOfRevenue": "2878087000", "costofGoodsAndServicesSold": "2878087000", "operatingIncome": "63091000", "sellingGeneralAndAdministrative": "126557000", "researchAndDevelopment": "8006000", "operatingExpenses": "143621000", "investmentIncomeNet": "None", "netInterestIncome": "None", "interestIncome": "None", "interestExpense": "21213000", "nonInterestIncome": "None", "otherNonOperatingIncome": "None", "depreciation": "None", "depreciationAndAmortization": "71172000", "incomeBeforeTax": "42919000", "incomeTaxExpense": "4657000", "interestAndDebtExpense": "None", "netIncomeFromContinuingOperations": "0", "comprehensiveIncomeNetOfTax": "None", "ebit": "64132000", "ebitda": "135304000", "netIncome": "38445000"}, {"fiscalDateEnding": "2008-02-29", "reportedCurrency": "USD", "grossProfit": "187905000", "totalRevenue": "3058613000", "costOfRevenue": "2870708000", "costofGoodsAndServicesSold": "2870708000", "operatingIncome": "1621000", "sellingGeneralAndAdministrative": "124910000", "researchAndDevelopment": "9863000", "operatingExpenses": "144495000", "investmentIncomeNet": "None", "netInterestIncome": "None", "interestIncome": "None", "interestExpense": "23711000", "nonInterestIncome": "None", "otherNonOperatingIncome": "None", "depreciation": "None", "depreciationAndAmortization": "68224000", "incomeBeforeTax": "-22258000", "incomeTaxExpense": "3102000", "interestAndDebtExpense": "None", "netIncomeFromContinuingOperations": "0", "comprehensiveIncomeNetOfTax": "None", "ebit": "43410000", "ebitda": "111634000", "netIncome": "-24045000"}, {"fiscalDateEnding": "2007-11-30", "reportedCurrency": "USD", "grossProfit": "239714000", "totalRevenue": "3367947000", "costOfRevenue": "3128233000", "costofGoodsAndServicesSold": "3128233000", "operatingIncome": "98910000", "sellingGeneralAndAdministrative": "116150000", "researchAndDevelopment": "6512000", "operatingExpenses": "131517000", "investmentIncomeNet": "None", "netInterestIncome": "None", "interestIncome": "None", "interestExpense": "25585000", "nonInterestIncome": "None", "otherNonOperatingIncome": "None", "depreciation": "None", "depreciationAndAmortization": "66269000", "incomeBeforeTax": "71892000", "incomeTaxExpense": "9631000", "interestAndDebtExpense": "None", "netIncomeFromContinuingOperations": "0", "comprehensiveIncomeNetOfTax": "None", "ebit": "108197000", "ebitda": "174466000", "netIncome": "62001000"}, {"fiscalDateEnding": "2007-08-31", "reportedCurrency": "USD", "grossProfit": "229546000", "totalRevenue": "3129831000", "costOfRevenue": "2900285000", "costofGoodsAndServicesSold": "2900285000", "operatingIncome": "58912000", "sellingGeneralAndAdministrative": "121503000", "researchAndDevelopment": "9409000", "operatingExpenses": "139597000", "investmentIncomeNet": "None", "netInterestIncome": "None", "interestIncome": "None", "interestExpense": "86069000", "nonInterestIncome": "None", "otherNonOperatingIncome": "None", "depreciation": "None", "depreciationAndAmortization": "65873000", "incomeBeforeTax": "25389000", "incomeTaxExpense": "13297000", "interestAndDebtExpense": "None", "netIncomeFromContinuingOperations": "0", "comprehensiveIncomeNetOfTax": "None", "ebit": "89949000", "ebitda": "155822000", "netIncome": "11725000"}, {"fiscalDateEnding": "2007-05-31", "reportedCurrency": "USD", "grossProfit": "218989000", "totalRevenue": "3001896000", "costOfRevenue": "2782907000", "costofGoodsAndServicesSold": "2782907000", "operatingIncome": "33629000", "sellingGeneralAndAdministrative": "140733000", "researchAndDevelopment": "10498000", "operatingExpenses": "160035000", "investmentIncomeNet": "None", "netInterestIncome": "None", "interestIncome": "None", "interestExpense": "28523000", "nonInterestIncome": "None", "otherNonOperatingIncome": "None", "depreciation": "None", "depreciationAndAmortization": "63852000", "incomeBeforeTax": "5339000", "incomeTaxExpense": "-505000", "interestAndDebtExpense": "None", "netIncomeFromContinuingOperations": "0", "comprehensiveIncomeNetOfTax": "None", "ebit": "58954000", "ebitda": "122806000", "netIncome": "6234000"}, {"fiscalDateEnding": "2007-02-28", "reportedCurrency": "USD", "grossProfit": "171510000", "totalRevenue": "2934862000", "costOfRevenue": "2763352000", "costofGoodsAndServicesSold": "2763352000", "operatingIncome": "36680000", "sellingGeneralAndAdministrative": "119975000", "researchAndDevelopment": "7766000", "operatingExpenses": "133833000", "investmentIncomeNet": "None", "netInterestIncome": "None", "interestIncome": "None", "interestExpense": "23507000", "nonInterestIncome": "None", "otherNonOperatingIncome": "None", "depreciation": "None", "depreciationAndAmortization": "57893000", "incomeBeforeTax": "15328000", "incomeTaxExpense": "1529000", "interestAndDebtExpense": "None", "netIncomeFromContinuingOperations": "0", "comprehensiveIncomeNetOfTax": "None", "ebit": "37677000", "ebitda": "95570000", "netIncome": "13900000"}, {"fiscalDateEnding": "2006-11-30", "reportedCurrency": "USD", "grossProfit": "191985000", "totalRevenue": "3224003000", "costOfRevenue": "3032018000", "costofGoodsAndServicesSold": "3032018000", "operatingIncome": "67755000", "sellingGeneralAndAdministrative": "109756000", "researchAndDevelopment": "8708000", "operatingExpenses": "124230000", "investmentIncomeNet": "None", "netInterestIncome": "None", "interestIncome": "None", "interestExpense": "11507000", "nonInterestIncome": "None", "otherNonOperatingIncome": "None", "depreciation": "None", "depreciationAndAmortization": "52084000", "incomeBeforeTax": "48457000", "incomeTaxExpense": "7080000", "interestAndDebtExpense": "None", "netIncomeFromContinuingOperations": "0", "comprehensiveIncomeNetOfTax": "None", "ebit": "67755000", "ebitda": "119839000", "netIncome": "41377000"}, {"fiscalDateEnding": "2006-08-31", "reportedCurrency": "USD", "grossProfit": "196787000", "totalRevenue": "2953614000", "costOfRevenue": "2756827000", "costofGoodsAndServicesSold": "2756827000", "operatingIncome": "73967000", "sellingGeneralAndAdministrative": "107069000", "researchAndDevelopment": "10219000", "operatingExpenses": "122820000", "investmentIncomeNet": "None", "netInterestIncome": "None", "interestIncome": "None", "interestExpense": "8152000", "nonInterestIncome": "None", "otherNonOperatingIncome": "None", "depreciation": "None", "depreciationAndAmortization": "50883000", "incomeBeforeTax": "-16160000", "incomeTaxExpense": "29459000", "interestAndDebtExpense": "None", "netIncomeFromContinuingOperations": "0", "comprehensiveIncomeNetOfTax": "None", "ebit": "73967000", "ebitda": "124850000", "netIncome": "-45619000"}, {"fiscalDateEnding": "2006-05-31", "reportedCurrency": "USD", "grossProfit": "187643000", "totalRevenue": "2592464000", "costOfRevenue": "2404821000", "costofGoodsAndServicesSold": "2404821000", "operatingIncome": "77256000", "sellingGeneralAndAdministrative": "93536000", "researchAndDevelopment": "9578000", "operatingExpenses": "110387000", "investmentIncomeNet": "None", "netInterestIncome": "None", "interestIncome": "None", "interestExpense": "5818000", "nonInterestIncome": "None", "otherNonOperatingIncome": "None", "depreciation": "None", "depreciationAndAmortization": "50330000", "incomeBeforeTax": "72910000", "incomeTaxExpense": "8684000", "interestAndDebtExpense": "None", "netIncomeFromContinuingOperations": "0", "comprehensiveIncomeNetOfTax": "None", "ebit": "26926000", "ebitda": "77256000", "netIncome": "64226000"}, {"fiscalDateEnding": "2006-02-28", "reportedCurrency": "USD", "grossProfit": "184648000", "totalRevenue": "2314962000", "costOfRevenue": "2130314000", "costofGoodsAndServicesSold": "2130314000", "operatingIncome": "83346000", "sellingGeneralAndAdministrative": "87063000", "researchAndDevelopment": "8577000", "operatingExpenses": "101302000", "investmentIncomeNet": "None", "netInterestIncome": "None", "interestIncome": "None", "interestExpense": "5279000", "nonInterestIncome": "None", "otherNonOperatingIncome": "None", "depreciation": "None", "depreciationAndAmortization": "48578000", "incomeBeforeTax": "80850000", "incomeTaxExpense": "11829000", "interestAndDebtExpense": "None", "netIncomeFromContinuingOperations": "0", "comprehensiveIncomeNetOfTax": "None", "ebit": "34768000", "ebitda": "83346000", "netIncome": "69021000"}, {"fiscalDateEnding": "2005-11-30", "reportedCurrency": "USD", "grossProfit": "195822000", "totalRevenue": "2404407000", "costOfRevenue": "2208585000", "costofGoodsAndServicesSold": "2208585000", "operatingIncome": "88823000", "sellingGeneralAndAdministrative": "94542000", "researchAndDevelopment": "6601000", "operatingExpenses": "106999000", "investmentIncomeNet": "None", "netInterestIncome": "None", "interestIncome": "None", "interestExpense": "6292000", "nonInterestIncome": "None", "otherNonOperatingIncome": "None", "depreciation": "None", "depreciationAndAmortization": "47483000", "incomeBeforeTax": "87516000", "incomeTaxExpense": "10626000", "interestAndDebtExpense": "None", "netIncomeFromContinuingOperations": "0", "comprehensiveIncomeNetOfTax": "None", "ebit": "41340000", "ebitda": "88823000", "netIncome": "76890000"}, {"fiscalDateEnding": "2005-08-31", "reportedCurrency": "USD", "grossProfit": "171114000", "totalRevenue": "2036590000", "costOfRevenue": "1865476000", "costofGoodsAndServicesSold": "1865476000", "operatingIncome": "86056000", "sellingGeneralAndAdministrative": "72952000", "researchAndDevelopment": "4746000", "operatingExpenses": "85058000", "investmentIncomeNet": "None", "netInterestIncome": "None", "interestIncome": "None", "interestExpense": "24773000", "nonInterestIncome": "None", "otherNonOperatingIncome": "None", "depreciation": "None", "depreciationAndAmortization": "50322000", "incomeBeforeTax": "84090000", "incomeTaxExpense": "13558000", "interestAndDebtExpense": "None", "netIncomeFromContinuingOperations": "0", "comprehensiveIncomeNetOfTax": "None", "ebit": "86056000", "ebitda": "136378000", "netIncome": "70532000"}, {"fiscalDateEnding": "2005-05-31", "reportedCurrency": "USD", "grossProfit": "162082000", "totalRevenue": "1938415000", "costOfRevenue": "1776333000", "costofGoodsAndServicesSold": "1776333000", "operatingIncome": "73236000", "sellingGeneralAndAdministrative": "71688000", "researchAndDevelopment": "5667000", "operatingExpenses": "88846000", "investmentIncomeNet": "None", "netInterestIncome": "None", "interestIncome": "None", "interestExpense": "6972000", "nonInterestIncome": "None", "otherNonOperatingIncome": "None", "depreciation": "None", "depreciationAndAmortization": "58070000", "incomeBeforeTax": "70478000", "incomeTaxExpense": "11125000", "interestAndDebtExpense": "None", "netIncomeFromContinuingOperations": "0", "comprehensiveIncomeNetOfTax": "None", "ebit": "73236000", "ebitda": "131306000", "netIncome": "59353000"}, {"fiscalDateEnding": "2005-02-28", "reportedCurrency": "USD", "grossProfit": "140451000", "totalRevenue": "1716006000", "costOfRevenue": "1575555000", "costofGoodsAndServicesSold": "1575555000", "operatingIncome": "57774000", "sellingGeneralAndAdministrative": "66137000", "researchAndDevelopment": "6175000", "operatingExpenses": "82677000", "investmentIncomeNet": "None", "netInterestIncome": "None", "interestIncome": "None", "interestExpense": "5682000", "nonInterestIncome": "None", "otherNonOperatingIncome": "None", "depreciation": "None", "depreciationAndAmortization": "56717000", "incomeBeforeTax": "55020000", "incomeTaxExpense": "8973000", "interestAndDebtExpense": "None", "netIncomeFromContinuingOperations": "0", "comprehensiveIncomeNetOfTax": "None", "ebit": "1057000", "ebitda": "57774000", "netIncome": "46047000"}]}