{"symbol": "IPG", "annualReports": [{"fiscalDateEnding": "2024-12-31", "reportedCurrency": "USD", "grossProfit": "1819700000", "totalRevenue": "10691700000", "costOfRevenue": "8872000000", "costofGoodsAndServicesSold": "8872000000", "operatingIncome": "1203200000", "sellingGeneralAndAdministrative": "130500000", "researchAndDevelopment": "None", "operatingExpenses": "616500000", "investmentIncomeNet": "None", "netInterestIncome": "-78200000", "interestIncome": "151700000", "interestExpense": "229900000", "nonInterestIncome": "None", "otherNonOperatingIncome": "None", "depreciation": "None", "depreciationAndAmortization": "258900000", "incomeBeforeTax": "1049100000", "incomeTaxExpense": "333900000", "interestAndDebtExpense": "None", "netIncomeFromContinuingOperations": "715700000", "comprehensiveIncomeNetOfTax": "None", "ebit": "1279000000", "ebitda": "1537900000", "netIncome": "689500000"}, {"fiscalDateEnding": "2023-12-31", "reportedCurrency": "USD", "grossProfit": "1814200000", "totalRevenue": "10889300000", "costOfRevenue": "9075100000", "costofGoodsAndServicesSold": "9075100000", "operatingIncome": "1482600000", "sellingGeneralAndAdministrative": "67200000", "researchAndDevelopment": "None", "operatingExpenses": "331600000", "investmentIncomeNet": "None", "netInterestIncome": "-84800000", "interestIncome": "140800000", "interestExpense": "225600000", "nonInterestIncome": "None", "otherNonOperatingIncome": "None", "depreciation": "None", "depreciationAndAmortization": "264300000", "incomeBeforeTax": "1408000000", "incomeTaxExpense": "291200000", "interestAndDebtExpense": "None", "netIncomeFromContinuingOperations": "1118100000", "comprehensiveIncomeNetOfTax": "None", "ebit": "1636200000", "ebitda": "1900500000", "netIncome": "1098400000"}, {"fiscalDateEnding": "2022-12-31", "reportedCurrency": "USD", "grossProfit": "1844700000", "totalRevenue": "10927800000", "costOfRevenue": "9083100000", "costofGoodsAndServicesSold": "9083100000", "operatingIncome": "1381200000", "sellingGeneralAndAdministrative": "87100000", "researchAndDevelopment": "None", "operatingExpenses": "361100000", "investmentIncomeNet": "None", "netInterestIncome": "-111300000", "interestIncome": "111300000", "interestExpense": "174700000", "nonInterestIncome": "None", "otherNonOperatingIncome": "68000000", "depreciation": "None", "depreciationAndAmortization": "274000000", "incomeBeforeTax": "1268900000", "incomeTaxExpense": "318400000", "interestAndDebtExpense": "None", "netIncomeFromContinuingOperations": "950500000", "comprehensiveIncomeNetOfTax": "None", "ebit": "1491500000", "ebitda": "1765500000", "netIncome": "938000000"}, {"fiscalDateEnding": "2021-12-31", "reportedCurrency": "USD", "grossProfit": "1852900000", "totalRevenue": "10240700000", "costOfRevenue": "8387800000", "costofGoodsAndServicesSold": "8387800000", "operatingIncome": "1436200000", "sellingGeneralAndAdministrative": "122300000", "researchAndDevelopment": "None", "operatingExpenses": "406100000", "investmentIncomeNet": "None", "netInterestIncome": "-143400000", "interestIncome": "143400000", "interestExpense": "173100000", "nonInterestIncome": "None", "otherNonOperatingIncome": "-38500000", "depreciation": "None", "depreciationAndAmortization": "283800000", "incomeBeforeTax": "1222100000", "incomeTaxExpense": "251800000", "interestAndDebtExpense": "None", "netIncomeFromContinuingOperations": "972800000", "comprehensiveIncomeNetOfTax": "None", "ebit": "1462900000", "ebitda": "1746700000", "netIncome": "952800000"}, {"fiscalDateEnding": "2020-12-31", "reportedCurrency": "USD", "grossProfit": "1351600000", "totalRevenue": "9061000000", "costOfRevenue": "7709400000", "costofGoodsAndServicesSold": "7709400000", "operatingIncome": "967300000", "sellingGeneralAndAdministrative": "58000000", "researchAndDevelopment": "None", "operatingExpenses": "349400000", "investmentIncomeNet": "None", "netInterestIncome": "-162700000", "interestIncome": "29500000", "interestExpense": "192200000", "nonInterestIncome": "None", "otherNonOperatingIncome": "-34000000", "depreciation": "None", "depreciationAndAmortization": "290600000", "incomeBeforeTax": "361300000", "incomeTaxExpense": "8000000", "interestAndDebtExpense": "None", "netIncomeFromContinuingOperations": "353300000", "comprehensiveIncomeNetOfTax": "None", "ebit": "1007200000", "ebitda": "1297800000", "netIncome": "351100000"}, {"fiscalDateEnding": "2019-12-31", "reportedCurrency": "USD", "grossProfit": "1492200000", "totalRevenue": "10221300000", "costOfRevenue": "8729100000", "costofGoodsAndServicesSold": "8729100000", "operatingIncome": "1086000000", "sellingGeneralAndAdministrative": "93800000", "researchAndDevelopment": "None", "operatingExpenses": "372300000", "investmentIncomeNet": "None", "netInterestIncome": "-164800000", "interestIncome": "34500000", "interestExpense": "199300000", "nonInterestIncome": "None", "otherNonOperatingIncome": "-8000000", "depreciation": "None", "depreciationAndAmortization": "304000000", "incomeBeforeTax": "878300000", "incomeTaxExpense": "204800000", "interestAndDebtExpense": "None", "netIncomeFromContinuingOperations": "673500000", "comprehensiveIncomeNetOfTax": "None", "ebit": "1086000000", "ebitda": "1390000000", "netIncome": "656000000"}, {"fiscalDateEnding": "2018-12-31", "reportedCurrency": "USD", "grossProfit": "1378200000", "totalRevenue": "9714400000", "costOfRevenue": "8336200000", "costofGoodsAndServicesSold": "8336200000", "operatingIncome": "1008800000", "sellingGeneralAndAdministrative": "166500000", "researchAndDevelopment": "0", "operatingExpenses": "369400000", "investmentIncomeNet": "None", "netInterestIncome": "-101200000", "interestIncome": "21800000", "interestExpense": "123000000", "nonInterestIncome": "None", "otherNonOperatingIncome": "-48900000", "depreciation": "None", "depreciationAndAmortization": "202900000", "incomeBeforeTax": "838000000", "incomeTaxExpense": "199200000", "interestAndDebtExpense": "None", "netIncomeFromContinuingOperations": "638800000", "comprehensiveIncomeNetOfTax": "None", "ebit": "961000000", "ebitda": "1163900000", "netIncome": "618900000"}, {"fiscalDateEnding": "2017-12-31", "reportedCurrency": "USD", "grossProfit": "2814300000", "totalRevenue": "7882400000", "costOfRevenue": "5068100000", "costofGoodsAndServicesSold": "5068100000", "operatingIncome": "973600000", "sellingGeneralAndAdministrative": "1840700000", "researchAndDevelopment": "0", "operatingExpenses": "1840700000", "investmentIncomeNet": "None", "netInterestIncome": "-71400000", "interestIncome": "19400000", "interestExpense": "90800000", "nonInterestIncome": "None", "otherNonOperatingIncome": "-5900000", "depreciation": "None", "depreciationAndAmortization": "157100000", "incomeBeforeTax": "876000000", "incomeTaxExpense": "281900000", "interestAndDebtExpense": "None", "netIncomeFromContinuingOperations": "594100000", "comprehensiveIncomeNetOfTax": "None", "ebit": "809700000", "ebitda": "966800000", "netIncome": "579000000"}, {"fiscalDateEnding": "2016-12-31", "reportedCurrency": "USD", "grossProfit": "2808500000", "totalRevenue": "7846600000", "costOfRevenue": "5038100000", "costofGoodsAndServicesSold": "5038100000", "operatingIncome": "938000000", "sellingGeneralAndAdministrative": "1870500000", "researchAndDevelopment": "0", "operatingExpenses": "1870500000", "investmentIncomeNet": "None", "netInterestIncome": "-70500000", "interestIncome": "20100000", "interestExpense": "90600000", "nonInterestIncome": "None", "otherNonOperatingIncome": "-16900000", "depreciation": "None", "depreciationAndAmortization": "160200000", "incomeBeforeTax": "830200000", "incomeTaxExpense": "198000000", "interestAndDebtExpense": "None", "netIncomeFromContinuingOperations": "632200000", "comprehensiveIncomeNetOfTax": "None", "ebit": "760600000", "ebitda": "920800000", "netIncome": "608500000"}, {"fiscalDateEnding": "2015-12-31", "reportedCurrency": "USD", "grossProfit": "2756100000", "totalRevenue": "7613800000", "costOfRevenue": "4857700000", "costofGoodsAndServicesSold": "4857700000", "operatingIncome": "871900000", "sellingGeneralAndAdministrative": "1884200000", "researchAndDevelopment": "0", "operatingExpenses": "1884200000", "investmentIncomeNet": "None", "netInterestIncome": "None", "interestIncome": "63000000", "interestExpense": "85800000", "nonInterestIncome": "None", "otherNonOperatingIncome": "-22800000", "depreciation": "None", "depreciationAndAmortization": "157000000", "incomeBeforeTax": "762200000", "incomeTaxExpense": "282800000", "interestAndDebtExpense": "None", "netIncomeFromContinuingOperations": "479400000", "comprehensiveIncomeNetOfTax": "None", "ebit": "691000000", "ebitda": "848000000", "netIncome": "454600000"}, {"fiscalDateEnding": "2014-12-31", "reportedCurrency": "USD", "grossProfit": "2716700000", "totalRevenue": "7537100000", "costOfRevenue": "4820400000", "costofGoodsAndServicesSold": "4820400000", "operatingIncome": "788400000", "sellingGeneralAndAdministrative": "1928100000", "researchAndDevelopment": "0", "operatingExpenses": "1928100000", "investmentIncomeNet": "None", "netInterestIncome": "None", "interestIncome": "None", "interestExpense": "84900000", "nonInterestIncome": "None", "otherNonOperatingIncome": "18400000", "depreciation": "None", "depreciationAndAmortization": "163000000", "incomeBeforeTax": "720700000", "incomeTaxExpense": "216500000", "interestAndDebtExpense": "None", "netIncomeFromContinuingOperations": "505400000", "comprehensiveIncomeNetOfTax": "None", "ebit": "642800000", "ebitda": "805800000", "netIncome": "477100000"}, {"fiscalDateEnding": "2013-12-31", "reportedCurrency": "USD", "grossProfit": "2576800000", "totalRevenue": "7122300000", "costOfRevenue": "4545500000", "costofGoodsAndServicesSold": "4545500000", "operatingIncome": "598300000", "sellingGeneralAndAdministrative": "1917900000", "researchAndDevelopment": "0", "operatingExpenses": "1917900000", "investmentIncomeNet": "None", "netInterestIncome": "None", "interestIncome": "None", "interestExpense": "122700000", "nonInterestIncome": "None", "otherNonOperatingIncome": "-5500000", "depreciation": "None", "depreciationAndAmortization": "157400000", "incomeBeforeTax": "468000000", "incomeTaxExpense": "181200000", "interestAndDebtExpense": "None", "netIncomeFromContinuingOperations": "286800000", "comprehensiveIncomeNetOfTax": "None", "ebit": "493900000", "ebitda": "651300000", "netIncome": "267900000"}, {"fiscalDateEnding": "2012-12-31", "reportedCurrency": "USD", "grossProfit": "2564300000", "totalRevenue": "6956200000", "costOfRevenue": "4391900000", "costofGoodsAndServicesSold": "4391900000", "operatingIncome": "678300000", "sellingGeneralAndAdministrative": "1886000000", "researchAndDevelopment": "0", "operatingExpenses": "1886000000", "investmentIncomeNet": "None", "netInterestIncome": "None", "interestIncome": "None", "interestExpense": "133500000", "nonInterestIncome": "None", "otherNonOperatingIncome": "133100000", "depreciation": "None", "depreciationAndAmortization": "147700000", "incomeBeforeTax": "674800000", "incomeTaxExpense": "213300000", "interestAndDebtExpense": "None", "netIncomeFromContinuingOperations": "461500000", "comprehensiveIncomeNetOfTax": "None", "ebit": "720100000", "ebitda": "867800000", "netIncome": "446700000"}, {"fiscalDateEnding": "2011-12-31", "reportedCurrency": "USD", "grossProfit": "7014600000", "totalRevenue": "7014600000", "costOfRevenue": "6175500000", "costofGoodsAndServicesSold": "6175500000", "operatingIncome": "687200000", "sellingGeneralAndAdministrative": "6326400000", "researchAndDevelopment": "0", "operatingExpenses": "6326400000", "investmentIncomeNet": "None", "netInterestIncome": "None", "interestIncome": "None", "interestExpense": "136800000", "nonInterestIncome": "None", "otherNonOperatingIncome": "191300000", "depreciation": "None", "depreciationAndAmortization": "150900000", "incomeBeforeTax": "738400000", "incomeTaxExpense": "190200000", "interestAndDebtExpense": "None", "netIncomeFromContinuingOperations": "548200000", "comprehensiveIncomeNetOfTax": "None", "ebit": "726000000", "ebitda": "876900000", "netIncome": "532300000"}, {"fiscalDateEnding": "2010-12-31", "reportedCurrency": "USD", "grossProfit": "6531900000", "totalRevenue": "6531900000", "costOfRevenue": "5825900000", "costofGoodsAndServicesSold": "5825900000", "operatingIncome": "548700000", "sellingGeneralAndAdministrative": "5979300000", "researchAndDevelopment": "0", "operatingExpenses": "5979300000", "investmentIncomeNet": "None", "netInterestIncome": "None", "interestIncome": "None", "interestExpense": "139700000", "nonInterestIncome": "None", "otherNonOperatingIncome": "43500000", "depreciation": "None", "depreciationAndAmortization": "148400000", "incomeBeforeTax": "450600000", "incomeTaxExpense": "-171300000", "interestAndDebtExpense": "None", "netIncomeFromContinuingOperations": "279300000", "comprehensiveIncomeNetOfTax": "None", "ebit": "581300000", "ebitda": "729700000", "netIncome": "261100000"}, {"fiscalDateEnding": "2009-12-31", "reportedCurrency": "USD", "grossProfit": "6027600000", "totalRevenue": "6027600000", "costOfRevenue": "5511800000", "costofGoodsAndServicesSold": "5511800000", "operatingIncome": "341300000", "sellingGeneralAndAdministrative": "5681700000", "researchAndDevelopment": "None", "operatingExpenses": "5681700000", "investmentIncomeNet": "None", "netInterestIncome": "None", "interestIncome": "None", "interestExpense": "155600000", "nonInterestIncome": "None", "otherNonOperatingIncome": "None", "depreciation": "None", "depreciationAndAmortization": "169900000", "incomeBeforeTax": "232400000", "incomeTaxExpense": "90100000", "interestAndDebtExpense": "None", "netIncomeFromContinuingOperations": "None", "comprehensiveIncomeNetOfTax": "None", "ebit": "211000000", "ebitda": "380900000", "netIncome": "121300000"}, {"fiscalDateEnding": "2008-12-31", "reportedCurrency": "USD", "grossProfit": "6962700000", "totalRevenue": "6962700000", "costOfRevenue": "6182600000", "costofGoodsAndServicesSold": "6182600000", "operatingIncome": "589700000", "sellingGeneralAndAdministrative": "6355900000", "researchAndDevelopment": "None", "operatingExpenses": "6355900000", "investmentIncomeNet": "None", "netInterestIncome": "None", "interestIncome": "None", "interestExpense": "211900000", "nonInterestIncome": "None", "otherNonOperatingIncome": "None", "depreciation": "None", "depreciationAndAmortization": "173300000", "incomeBeforeTax": "471500000", "incomeTaxExpense": "156600000", "interestAndDebtExpense": "None", "netIncomeFromContinuingOperations": "None", "comprehensiveIncomeNetOfTax": "None", "ebit": "620800000", "ebitda": "794100000", "netIncome": "295000000"}, {"fiscalDateEnding": "2007-12-31", "reportedCurrency": "USD", "grossProfit": "6554200000", "totalRevenue": "6554200000", "costOfRevenue": "6006800000", "costofGoodsAndServicesSold": "6006800000", "operatingIncome": "344300000", "sellingGeneralAndAdministrative": "6184000000", "researchAndDevelopment": "None", "operatingExpenses": "6167300000", "investmentIncomeNet": "None", "netInterestIncome": "None", "interestIncome": "None", "interestExpense": "236700000", "nonInterestIncome": "None", "otherNonOperatingIncome": "None", "depreciation": "None", "depreciationAndAmortization": "287700000", "incomeBeforeTax": "235700000", "incomeTaxExpense": "58900000", "interestAndDebtExpense": "None", "netIncomeFromContinuingOperations": "None", "comprehensiveIncomeNetOfTax": "None", "ebit": "404300000", "ebitda": "692000000", "netIncome": "167600000"}, {"fiscalDateEnding": "2006-12-31", "reportedCurrency": "USD", "grossProfit": "6190800000", "totalRevenue": "6190800000", "costOfRevenue": "5849500000", "costofGoodsAndServicesSold": "5849500000", "operatingIncome": "106000000", "sellingGeneralAndAdministrative": "6023100000", "researchAndDevelopment": "None", "operatingExpenses": "6058400000", "investmentIncomeNet": "None", "netInterestIncome": "None", "interestIncome": "None", "interestExpense": "218700000", "nonInterestIncome": "None", "otherNonOperatingIncome": "None", "depreciation": "None", "depreciationAndAmortization": "260500000", "incomeBeforeTax": "-5000000", "incomeTaxExpense": "18700000", "interestAndDebtExpense": "None", "netIncomeFromContinuingOperations": "None", "comprehensiveIncomeNetOfTax": "None", "ebit": "199700000", "ebitda": "460200000", "netIncome": "-31700000"}, {"fiscalDateEnding": "2005-12-31", "reportedCurrency": "USD", "grossProfit": "6387000000", "totalRevenue": "6387000000", "costOfRevenue": "6118400000", "costofGoodsAndServicesSold": "6118400000", "operatingIncome": "-94300000", "sellingGeneralAndAdministrative": "6287200000", "researchAndDevelopment": "None", "operatingExpenses": "6419100000", "investmentIncomeNet": "None", "netInterestIncome": "None", "interestIncome": "None", "interestExpense": "172000000", "nonInterestIncome": "None", "otherNonOperatingIncome": "None", "depreciation": "None", "depreciationAndAmortization": "239400000", "incomeBeforeTax": "-267000000", "incomeTaxExpense": "262200000", "interestAndDebtExpense": "None", "netIncomeFromContinuingOperations": "None", "comprehensiveIncomeNetOfTax": "None", "ebit": "517300000", "ebitda": "756700000", "netIncome": "-538400000"}], "quarterlyReports": [{"fiscalDateEnding": "2024-12-31", "reportedCurrency": "USD", "grossProfit": "669000000", "totalRevenue": "2857000000", "costOfRevenue": "2188000000", "costofGoodsAndServicesSold": "2188000000", "operatingIncome": "567900000", "sellingGeneralAndAdministrative": "44100000", "researchAndDevelopment": "None", "operatingExpenses": "101100000", "investmentIncomeNet": "None", "netInterestIncome": "-22100000", "interestIncome": "32200000", "interestExpense": "54300000", "nonInterestIncome": "None", "otherNonOperatingIncome": "None", "depreciation": "None", "depreciationAndAmortization": "63400000", "incomeBeforeTax": "483300000", "incomeTaxExpense": "125700000", "interestAndDebtExpense": "None", "netIncomeFromContinuingOperations": "358300000", "comprehensiveIncomeNetOfTax": "None", "ebit": "537600000", "ebitda": "601000000", "netIncome": "344500000"}, {"fiscalDateEnding": "2024-09-30", "reportedCurrency": "USD", "grossProfit": "451600000", "totalRevenue": "2628800000", "costOfRevenue": "2177200000", "costofGoodsAndServicesSold": "2177200000", "operatingIncome": "132900000", "sellingGeneralAndAdministrative": "20800000", "researchAndDevelopment": "None", "operatingExpenses": "318700000", "investmentIncomeNet": "None", "netInterestIncome": "-20700000", "interestIncome": "34200000", "interestExpense": "54900000", "nonInterestIncome": "None", "otherNonOperatingIncome": "None", "depreciation": "None", "depreciationAndAmortization": "65300000", "incomeBeforeTax": "109500000", "incomeTaxExpense": "85300000", "interestAndDebtExpense": "None", "netIncomeFromContinuingOperations": "24200000", "comprehensiveIncomeNetOfTax": "None", "ebit": "163400000", "ebitda": "228700000", "netIncome": "20100000"}, {"fiscalDateEnding": "2024-06-30", "reportedCurrency": "USD", "grossProfit": "346100000", "totalRevenue": "2710000000", "costOfRevenue": "2363900000", "costofGoodsAndServicesSold": "2363900000", "operatingIncome": "318500000", "sellingGeneralAndAdministrative": "27600000", "researchAndDevelopment": "None", "operatingExpenses": "27600000", "investmentIncomeNet": "None", "netInterestIncome": "-21300000", "interestIncome": "36600000", "interestExpense": "57900000", "nonInterestIncome": "None", "otherNonOperatingIncome": "None", "depreciation": "None", "depreciationAndAmortization": "65000000", "incomeBeforeTax": "295700000", "incomeTaxExpense": "75600000", "interestAndDebtExpense": "None", "netIncomeFromContinuingOperations": "219600000", "comprehensiveIncomeNetOfTax": "None", "ebit": "316400000", "ebitda": "381400000", "netIncome": "214500000"}, {"fiscalDateEnding": "2024-03-31", "reportedCurrency": "USD", "grossProfit": "222800000", "totalRevenue": "2495900000", "costOfRevenue": "2273100000", "costofGoodsAndServicesSold": "2273100000", "operatingIncome": "184800000", "sellingGeneralAndAdministrative": "38000000", "researchAndDevelopment": "None", "operatingExpenses": "38000000", "investmentIncomeNet": "None", "netInterestIncome": "-14100000", "interestIncome": "48700000", "interestExpense": "62800000", "nonInterestIncome": "None", "otherNonOperatingIncome": "None", "depreciation": "None", "depreciationAndAmortization": "65200000", "incomeBeforeTax": "160600000", "incomeTaxExpense": "47300000", "interestAndDebtExpense": "None", "netIncomeFromContinuingOperations": "113600000", "comprehensiveIncomeNetOfTax": "None", "ebit": "182500000", "ebitda": "247700000", "netIncome": "110400000"}, {"fiscalDateEnding": "2023-12-31", "reportedCurrency": "USD", "grossProfit": "631100000", "totalRevenue": "3023300000", "costOfRevenue": "2392200000", "costofGoodsAndServicesSold": "2392200000", "operatingIncome": "607600000", "sellingGeneralAndAdministrative": "23500000", "researchAndDevelopment": "None", "operatingExpenses": "23500000", "investmentIncomeNet": "None", "netInterestIncome": "-17900000", "interestIncome": "43500000", "interestExpense": "61400000", "nonInterestIncome": "None", "otherNonOperatingIncome": "None", "depreciation": "None", "depreciationAndAmortization": "65300000", "incomeBeforeTax": "623900000", "incomeTaxExpense": "155300000", "interestAndDebtExpense": "None", "netIncomeFromContinuingOperations": "471600000", "comprehensiveIncomeNetOfTax": "None", "ebit": "609200000", "ebitda": "674500000", "netIncome": "463200000"}, {"fiscalDateEnding": "2023-09-30", "reportedCurrency": "USD", "grossProfit": "459100000", "totalRevenue": "2678500000", "costOfRevenue": "2219400000", "costofGoodsAndServicesSold": "2219400000", "operatingIncome": "376800000", "sellingGeneralAndAdministrative": "16900000", "researchAndDevelopment": "None", "operatingExpenses": "82900000", "investmentIncomeNet": "None", "netInterestIncome": "-23600000", "interestIncome": "23600000", "interestExpense": "58700000", "nonInterestIncome": "None", "otherNonOperatingIncome": "None", "depreciation": "None", "depreciationAndAmortization": "66000000", "incomeBeforeTax": "339500000", "incomeTaxExpense": "91500000", "interestAndDebtExpense": "None", "netIncomeFromContinuingOperations": "245700000", "comprehensiveIncomeNetOfTax": "None", "ebit": "409700000", "ebitda": "475700000", "netIncome": "243700000"}, {"fiscalDateEnding": "2023-06-30", "reportedCurrency": "USD", "grossProfit": "389400000", "totalRevenue": "2666500000", "costOfRevenue": "2277100000", "costofGoodsAndServicesSold": "2277100000", "operatingIncome": "310700000", "sellingGeneralAndAdministrative": "13900000", "researchAndDevelopment": "None", "operatingExpenses": "80400000", "investmentIncomeNet": "None", "netInterestIncome": "-27700000", "interestIncome": "27700000", "interestExpense": "63200000", "nonInterestIncome": "None", "otherNonOperatingIncome": "31800000", "depreciation": "None", "depreciationAndAmortization": "95900000", "incomeBeforeTax": "278600000", "incomeTaxExpense": "10600000", "interestAndDebtExpense": "None", "netIncomeFromContinuingOperations": "268700000", "comprehensiveIncomeNetOfTax": "None", "ebit": "310700000", "ebitda": "406600000", "netIncome": "265500000"}, {"fiscalDateEnding": "2023-03-31", "reportedCurrency": "USD", "grossProfit": "269300000", "totalRevenue": "2521000000", "costOfRevenue": "2251700000", "costofGoodsAndServicesSold": "2251700000", "operatingIncome": "188300000", "sellingGeneralAndAdministrative": "12900000", "researchAndDevelopment": "None", "operatingExpenses": "79400000", "investmentIncomeNet": "None", "netInterestIncome": "-15600000", "interestIncome": "15600000", "interestExpense": "55800000", "nonInterestIncome": "None", "otherNonOperatingIncome": "33400000", "depreciation": "None", "depreciationAndAmortization": "113400000", "incomeBeforeTax": "166000000", "incomeTaxExpense": "33800000", "interestAndDebtExpense": "None", "netIncomeFromContinuingOperations": "132200000", "comprehensiveIncomeNetOfTax": "None", "ebit": "188300000", "ebitda": "301700000", "netIncome": "126000000"}, {"fiscalDateEnding": "2022-12-31", "reportedCurrency": "USD", "grossProfit": "648300000", "totalRevenue": "2985900000", "costOfRevenue": "2337600000", "costofGoodsAndServicesSold": "2337600000", "operatingIncome": "444600000", "sellingGeneralAndAdministrative": "29900000", "researchAndDevelopment": "None", "operatingExpenses": "102000000", "investmentIncomeNet": "None", "netInterestIncome": "-24000000", "interestIncome": "24000000", "interestExpense": "49400000", "nonInterestIncome": "None", "otherNonOperatingIncome": "19900000", "depreciation": "None", "depreciationAndAmortization": "191400000", "incomeBeforeTax": "412800000", "incomeTaxExpense": "109200000", "interestAndDebtExpense": "None", "netIncomeFromContinuingOperations": "305900000", "comprehensiveIncomeNetOfTax": "None", "ebit": "444600000", "ebitda": "636000000", "netIncome": "297200000"}, {"fiscalDateEnding": "2022-09-30", "reportedCurrency": "USD", "grossProfit": "421500000", "totalRevenue": "2637700000", "costOfRevenue": "2216200000", "costofGoodsAndServicesSold": "2216200000", "operatingIncome": "341800000", "sellingGeneralAndAdministrative": "18500000", "researchAndDevelopment": "None", "operatingExpenses": "85500000", "investmentIncomeNet": "None", "netInterestIncome": "-27900000", "interestIncome": "27900000", "interestExpense": "44900000", "nonInterestIncome": "None", "otherNonOperatingIncome": "37000000", "depreciation": "None", "depreciationAndAmortization": "109200000", "incomeBeforeTax": "331400000", "incomeTaxExpense": "76400000", "interestAndDebtExpense": "None", "netIncomeFromContinuingOperations": "257500000", "comprehensiveIncomeNetOfTax": "None", "ebit": "341800000", "ebitda": "451000000", "netIncome": "251800000"}, {"fiscalDateEnding": "2022-06-30", "reportedCurrency": "USD", "grossProfit": "435500000", "totalRevenue": "2735700000", "costOfRevenue": "2300200000", "costofGoodsAndServicesSold": "2300200000", "operatingIncome": "349100000", "sellingGeneralAndAdministrative": "19400000", "researchAndDevelopment": "None", "operatingExpenses": "86500000", "investmentIncomeNet": "None", "netInterestIncome": "-29800000", "interestIncome": "11200000", "interestExpense": "41000000", "nonInterestIncome": "None", "otherNonOperatingIncome": "7400000", "depreciation": "None", "depreciationAndAmortization": "73700000", "incomeBeforeTax": "314800000", "incomeTaxExpense": "83700000", "interestAndDebtExpense": "None", "netIncomeFromContinuingOperations": "231800000", "comprehensiveIncomeNetOfTax": "None", "ebit": "349100000", "ebitda": "422800000", "netIncome": "229600000"}, {"fiscalDateEnding": "2022-03-31", "reportedCurrency": "USD", "grossProfit": "339400000", "totalRevenue": "2568500000", "costOfRevenue": "2229100000", "costofGoodsAndServicesSold": "2229100000", "operatingIncome": "245700000", "sellingGeneralAndAdministrative": "19300000", "researchAndDevelopment": "None", "operatingExpenses": "87100000", "investmentIncomeNet": "None", "netInterestIncome": "-29600000", "interestIncome": "9800000", "interestExpense": "39400000", "nonInterestIncome": "None", "otherNonOperatingIncome": "3700000", "depreciation": "None", "depreciationAndAmortization": "84400000", "incomeBeforeTax": "209900000", "incomeTaxExpense": "49100000", "interestAndDebtExpense": "None", "netIncomeFromContinuingOperations": "160800000", "comprehensiveIncomeNetOfTax": "None", "ebit": "245700000", "ebitda": "330100000", "netIncome": "159400000"}, {"fiscalDateEnding": "2021-12-31", "reportedCurrency": "USD", "grossProfit": "577900000", "totalRevenue": "2932100000", "costOfRevenue": "2354200000", "costofGoodsAndServicesSold": "2354200000", "operatingIncome": "457300000", "sellingGeneralAndAdministrative": "32500000", "researchAndDevelopment": "None", "operatingExpenses": "107600000", "investmentIncomeNet": "None", "netInterestIncome": "-30200000", "interestIncome": "7800000", "interestExpense": "38000000", "nonInterestIncome": "None", "otherNonOperatingIncome": "16100000", "depreciation": "None", "depreciationAndAmortization": "75100000", "incomeBeforeTax": "433300000", "incomeTaxExpense": "67400000", "interestAndDebtExpense": "None", "netIncomeFromContinuingOperations": "368000000", "comprehensiveIncomeNetOfTax": "None", "ebit": "484300000", "ebitda": "559400000", "netIncome": "357900000"}, {"fiscalDateEnding": "2021-09-30", "reportedCurrency": "USD", "grossProfit": "449600000", "totalRevenue": "2542000000", "costOfRevenue": "2092400000", "costofGoodsAndServicesSold": "2092400000", "operatingIncome": "351500000", "sellingGeneralAndAdministrative": "32200000", "researchAndDevelopment": "None", "operatingExpenses": "101600000", "investmentIncomeNet": "None", "netInterestIncome": "-35500000", "interestIncome": "7400000", "interestExpense": "42900000", "nonInterestIncome": "None", "otherNonOperatingIncome": "9900000", "depreciation": "None", "depreciationAndAmortization": "69400000", "incomeBeforeTax": "318300000", "incomeTaxExpense": "73900000", "interestAndDebtExpense": "None", "netIncomeFromContinuingOperations": "244600000", "comprehensiveIncomeNetOfTax": "None", "ebit": "357700000", "ebitda": "427100000", "netIncome": "239900000"}, {"fiscalDateEnding": "2021-06-30", "reportedCurrency": "USD", "grossProfit": "483700000", "totalRevenue": "2509600000", "costOfRevenue": "2025900000", "costofGoodsAndServicesSold": "2025900000", "operatingIncome": "384400000", "sellingGeneralAndAdministrative": "29400000", "researchAndDevelopment": "None", "operatingExpenses": "99500000", "investmentIncomeNet": "None", "netInterestIncome": "-35000000", "interestIncome": "7600000", "interestExpense": "42600000", "nonInterestIncome": "None", "otherNonOperatingIncome": "12700000", "depreciation": "None", "depreciationAndAmortization": "93100000", "incomeBeforeTax": "354100000", "incomeTaxExpense": "86700000", "interestAndDebtExpense": "None", "netIncomeFromContinuingOperations": "267800000", "comprehensiveIncomeNetOfTax": "None", "ebit": "396500000", "ebitda": "489600000", "netIncome": "263300000"}, {"fiscalDateEnding": "2021-03-31", "reportedCurrency": "USD", "grossProfit": "341700000", "totalRevenue": "2257000000", "costOfRevenue": "1915300000", "costofGoodsAndServicesSold": "1915300000", "operatingIncome": "243000000", "sellingGeneralAndAdministrative": "28000000", "researchAndDevelopment": "None", "operatingExpenses": "97400000", "investmentIncomeNet": "None", "netInterestIncome": "-42700000", "interestIncome": "6900000", "interestExpense": "49600000", "nonInterestIncome": "None", "otherNonOperatingIncome": "-77200000", "depreciation": "None", "depreciationAndAmortization": "69200000", "incomeBeforeTax": "116400000", "incomeTaxExpense": "23800000", "interestAndDebtExpense": "None", "netIncomeFromContinuingOperations": "92600000", "comprehensiveIncomeNetOfTax": "None", "ebit": "253800000", "ebitda": "323000000", "netIncome": "91700000"}, {"fiscalDateEnding": "2020-12-31", "reportedCurrency": "USD", "grossProfit": "573400000", "totalRevenue": "2550000000", "costOfRevenue": "1976600000", "costofGoodsAndServicesSold": "1976600000", "operatingIncome": "223400000", "sellingGeneralAndAdministrative": "58000000", "researchAndDevelopment": "None", "operatingExpenses": "96100000", "investmentIncomeNet": "None", "netInterestIncome": "-40000000", "interestIncome": "6800000", "interestExpense": "46800000", "nonInterestIncome": "None", "otherNonOperatingIncome": "-1500000", "depreciation": "None", "depreciationAndAmortization": "73700000", "incomeBeforeTax": "173600000", "incomeTaxExpense": "58100000", "interestAndDebtExpense": "None", "netIncomeFromContinuingOperations": "115500000", "comprehensiveIncomeNetOfTax": "None", "ebit": "474300000", "ebitda": "548000000", "netIncome": "112300000"}, {"fiscalDateEnding": "2020-09-30", "reportedCurrency": "USD", "grossProfit": "376800000", "totalRevenue": "2125500000", "costOfRevenue": "1748700000", "costofGoodsAndServicesSold": "1748700000", "operatingIncome": "248600000", "sellingGeneralAndAdministrative": "9900000", "researchAndDevelopment": "None", "operatingExpenses": "80900000", "investmentIncomeNet": "None", "netInterestIncome": "-44700000", "interestIncome": "44700000", "interestExpense": "50800000", "nonInterestIncome": "None", "otherNonOperatingIncome": "-5600000", "depreciation": "None", "depreciationAndAmortization": "71000000", "incomeBeforeTax": "192600000", "incomeTaxExpense": "-86300000", "interestAndDebtExpense": "None", "netIncomeFromContinuingOperations": "278900000", "comprehensiveIncomeNetOfTax": "None", "ebit": "290700000", "ebitda": "361700000", "netIncome": "279700000"}, {"fiscalDateEnding": "2020-06-30", "reportedCurrency": "USD", "grossProfit": "230300000", "totalRevenue": "2025700000", "costOfRevenue": "1795400000", "costofGoodsAndServicesSold": "1795400000", "operatingIncome": "40500000", "sellingGeneralAndAdministrative": "4100000", "researchAndDevelopment": "None", "operatingExpenses": "77200000", "investmentIncomeNet": "None", "netInterestIncome": "-43900000", "interestIncome": "5900000", "interestExpense": "49800000", "nonInterestIncome": "None", "otherNonOperatingIncome": "-15600000", "depreciation": "None", "depreciationAndAmortization": "73100000", "incomeBeforeTax": "-24900000", "incomeTaxExpense": "19000000", "interestAndDebtExpense": "None", "netIncomeFromContinuingOperations": "-43900000", "comprehensiveIncomeNetOfTax": "None", "ebit": "137500000", "ebitda": "210600000", "netIncome": "-45600000"}, {"fiscalDateEnding": "2020-03-31", "reportedCurrency": "USD", "grossProfit": "171100000", "totalRevenue": "2359800000", "costOfRevenue": "2188700000", "costofGoodsAndServicesSold": "2188700000", "operatingIncome": "75900000", "sellingGeneralAndAdministrative": "22400000", "researchAndDevelopment": "None", "operatingExpenses": "95200000", "investmentIncomeNet": "None", "netInterestIncome": "-34100000", "interestIncome": "10700000", "interestExpense": "44800000", "nonInterestIncome": "None", "otherNonOperatingIncome": "-11300000", "depreciation": "None", "depreciationAndAmortization": "72800000", "incomeBeforeTax": "20000000", "incomeTaxExpense": "17200000", "interestAndDebtExpense": "None", "netIncomeFromContinuingOperations": "2800000", "comprehensiveIncomeNetOfTax": "None", "ebit": "64800000", "ebitda": "137600000", "netIncome": "4700000"}, {"fiscalDateEnding": "2019-12-31", "reportedCurrency": "USD", "grossProfit": "581200000", "totalRevenue": "2901800000", "costOfRevenue": "2320600000", "costofGoodsAndServicesSold": "2320600000", "operatingIncome": "491300000", "sellingGeneralAndAdministrative": "24500000", "researchAndDevelopment": "None", "operatingExpenses": "89900000", "investmentIncomeNet": "None", "netInterestIncome": "-38700000", "interestIncome": "9500000", "interestExpense": "48200000", "nonInterestIncome": "None", "otherNonOperatingIncome": "-14800000", "depreciation": "None", "depreciationAndAmortization": "65400000", "incomeBeforeTax": "427800000", "incomeTaxExpense": "86100000", "interestAndDebtExpense": "None", "netIncomeFromContinuingOperations": "341700000", "comprehensiveIncomeNetOfTax": "None", "ebit": "476000000", "ebitda": "541400000", "netIncome": "328900000"}, {"fiscalDateEnding": "2019-09-30", "reportedCurrency": "USD", "grossProfit": "359100000", "totalRevenue": "2438100000", "costOfRevenue": "2079000000", "costofGoodsAndServicesSold": "2079000000", "operatingIncome": "280300000", "sellingGeneralAndAdministrative": "9800000", "researchAndDevelopment": "None", "operatingExpenses": "78800000", "investmentIncomeNet": "None", "netInterestIncome": "-40200000", "interestIncome": "9500000", "interestExpense": "49700000", "nonInterestIncome": "None", "otherNonOperatingIncome": "2400000", "depreciation": "None", "depreciationAndAmortization": "69000000", "incomeBeforeTax": "232700000", "incomeTaxExpense": "64600000", "interestAndDebtExpense": "None", "netIncomeFromContinuingOperations": "168100000", "comprehensiveIncomeNetOfTax": "None", "ebit": "282400000", "ebitda": "351400000", "netIncome": "165600000"}, {"fiscalDateEnding": "2019-06-30", "reportedCurrency": "USD", "grossProfit": "357400000", "totalRevenue": "2520200000", "costOfRevenue": "2162800000", "costofGoodsAndServicesSold": "2162800000", "operatingIncome": "264200000", "sellingGeneralAndAdministrative": "18100000", "researchAndDevelopment": "None", "operatingExpenses": "91100000", "investmentIncomeNet": "None", "netInterestIncome": "-43900000", "interestIncome": "7700000", "interestExpense": "51600000", "nonInterestIncome": "None", "otherNonOperatingIncome": "3800000", "depreciation": "None", "depreciationAndAmortization": "73000000", "incomeBeforeTax": "216500000", "incomeTaxExpense": "43600000", "interestAndDebtExpense": "None", "netIncomeFromContinuingOperations": "172900000", "comprehensiveIncomeNetOfTax": "None", "ebit": "270200000", "ebitda": "343200000", "netIncome": "169500000"}, {"fiscalDateEnding": "2019-03-31", "reportedCurrency": "USD", "grossProfit": "194500000", "totalRevenue": "2361200000", "costOfRevenue": "2166700000", "costofGoodsAndServicesSold": "2166700000", "operatingIncome": "50200000", "sellingGeneralAndAdministrative": "41400000", "researchAndDevelopment": "None", "operatingExpenses": "112500000", "investmentIncomeNet": "None", "netInterestIncome": "-42000000", "interestIncome": "42000000", "interestExpense": "49800000", "nonInterestIncome": "None", "otherNonOperatingIncome": "600000", "depreciation": "None", "depreciationAndAmortization": "71100000", "incomeBeforeTax": "1300000", "incomeTaxExpense": "10500000", "interestAndDebtExpense": "None", "netIncomeFromContinuingOperations": "-9200000", "comprehensiveIncomeNetOfTax": "None", "ebit": "91500000", "ebitda": "162600000", "netIncome": "-8000000"}, {"fiscalDateEnding": "2018-12-31", "reportedCurrency": "USD", "grossProfit": "609000000", "totalRevenue": "2856000000", "costOfRevenue": "2247000000", "costofGoodsAndServicesSold": "2247000000", "operatingIncome": "459100000", "sellingGeneralAndAdministrative": "81000000", "researchAndDevelopment": "0", "operatingExpenses": "149900000", "investmentIncomeNet": "None", "netInterestIncome": "None", "interestIncome": "None", "interestExpense": "49400000", "nonInterestIncome": "None", "otherNonOperatingIncome": "-5000000", "depreciation": "None", "depreciationAndAmortization": "68900000", "incomeBeforeTax": "403900000", "incomeTaxExpense": "62200000", "interestAndDebtExpense": "None", "netIncomeFromContinuingOperations": "341700000", "comprehensiveIncomeNetOfTax": "None", "ebit": "453300000", "ebitda": "522200000", "netIncome": "326200000"}, {"fiscalDateEnding": "2018-09-30", "reportedCurrency": "USD", "grossProfit": "327300000", "totalRevenue": "2297500000", "costOfRevenue": "1970200000", "costofGoodsAndServicesSold": "1970200000", "operatingIncome": "261700000", "sellingGeneralAndAdministrative": "21600000", "researchAndDevelopment": "0", "operatingExpenses": "65600000", "investmentIncomeNet": "None", "netInterestIncome": "None", "interestIncome": "None", "interestExpense": "27600000", "nonInterestIncome": "None", "otherNonOperatingIncome": "-9900000", "depreciation": "None", "depreciationAndAmortization": "44000000", "incomeBeforeTax": "224100000", "incomeTaxExpense": "60700000", "interestAndDebtExpense": "None", "netIncomeFromContinuingOperations": "163400000", "comprehensiveIncomeNetOfTax": "None", "ebit": "251700000", "ebitda": "295700000", "netIncome": "161000000"}, {"fiscalDateEnding": "2018-06-30", "reportedCurrency": "USD", "grossProfit": "322000000", "totalRevenue": "2391800000", "costOfRevenue": "2069800000", "costofGoodsAndServicesSold": "2069800000", "operatingIncome": "249200000", "sellingGeneralAndAdministrative": "28800000", "researchAndDevelopment": "0", "operatingExpenses": "72800000", "investmentIncomeNet": "None", "netInterestIncome": "None", "interestIncome": "None", "interestExpense": "26100000", "nonInterestIncome": "None", "otherNonOperatingIncome": "-11700000", "depreciation": "None", "depreciationAndAmortization": "44000000", "incomeBeforeTax": "211500000", "incomeTaxExpense": "63600000", "interestAndDebtExpense": "None", "netIncomeFromContinuingOperations": "147900000", "comprehensiveIncomeNetOfTax": "None", "ebit": "237600000", "ebitda": "281600000", "netIncome": "145800000"}, {"fiscalDateEnding": "2018-03-31", "reportedCurrency": "USD", "grossProfit": "119900000", "totalRevenue": "2169100000", "costOfRevenue": "2049200000", "costofGoodsAndServicesSold": "2049200000", "operatingIncome": "38800000", "sellingGeneralAndAdministrative": "35100000", "researchAndDevelopment": "0", "operatingExpenses": "81100000", "investmentIncomeNet": "None", "netInterestIncome": "None", "interestIncome": "None", "interestExpense": "19900000", "nonInterestIncome": "None", "otherNonOperatingIncome": "-22300000", "depreciation": "None", "depreciationAndAmortization": "46000000", "incomeBeforeTax": "-1500000", "incomeTaxExpense": "12700000", "interestAndDebtExpense": "None", "netIncomeFromContinuingOperations": "-14200000", "comprehensiveIncomeNetOfTax": "None", "ebit": "18400000", "ebitda": "64400000", "netIncome": "-14100000"}, {"fiscalDateEnding": "2017-12-31", "reportedCurrency": "USD", "grossProfit": "1015200000", "totalRevenue": "2341000000", "costOfRevenue": "1325800000", "costofGoodsAndServicesSold": "1325800000", "operatingIncome": "518300000", "sellingGeneralAndAdministrative": "496900000", "researchAndDevelopment": "0", "operatingExpenses": "496900000", "investmentIncomeNet": "None", "netInterestIncome": "None", "interestIncome": "None", "interestExpense": "23200000", "nonInterestIncome": "None", "otherNonOperatingIncome": "4500000", "depreciation": "None", "depreciationAndAmortization": "32600000", "incomeBeforeTax": "498800000", "incomeTaxExpense": "166100000", "interestAndDebtExpense": "None", "netIncomeFromContinuingOperations": "332700000", "comprehensiveIncomeNetOfTax": "None", "ebit": "489400000", "ebitda": "522000000", "netIncome": "316600000"}, {"fiscalDateEnding": "2017-09-30", "reportedCurrency": "USD", "grossProfit": "675000000", "totalRevenue": "1902600000", "costOfRevenue": "1227600000", "costofGoodsAndServicesSold": "1227600000", "operatingIncome": "219100000", "sellingGeneralAndAdministrative": "455900000", "researchAndDevelopment": "0", "operatingExpenses": "455900000", "investmentIncomeNet": "None", "netInterestIncome": "None", "interestIncome": "None", "interestExpense": "21000000", "nonInterestIncome": "None", "otherNonOperatingIncome": "-10900000", "depreciation": "None", "depreciationAndAmortization": "42200000", "incomeBeforeTax": "192300000", "incomeTaxExpense": "42500000", "interestAndDebtExpense": "None", "netIncomeFromContinuingOperations": "149800000", "comprehensiveIncomeNetOfTax": "None", "ebit": "171100000", "ebitda": "213300000", "netIncome": "146200000"}, {"fiscalDateEnding": "2017-06-30", "reportedCurrency": "USD", "grossProfit": "645600000", "totalRevenue": "1884900000", "costOfRevenue": "1239300000", "costofGoodsAndServicesSold": "1239300000", "operatingIncome": "206500000", "sellingGeneralAndAdministrative": "439100000", "researchAndDevelopment": "0", "operatingExpenses": "439100000", "investmentIncomeNet": "None", "netInterestIncome": "None", "interestIncome": "None", "interestExpense": "25700000", "nonInterestIncome": "None", "otherNonOperatingIncome": "-10800000", "depreciation": "None", "depreciationAndAmortization": "41300000", "incomeBeforeTax": "170100000", "incomeTaxExpense": "75400000", "interestAndDebtExpense": "None", "netIncomeFromContinuingOperations": "94700000", "comprehensiveIncomeNetOfTax": "None", "ebit": "154500000", "ebitda": "195800000", "netIncome": "94700000"}, {"fiscalDateEnding": "2017-03-31", "reportedCurrency": "USD", "grossProfit": "478500000", "totalRevenue": "1753900000", "costOfRevenue": "1275400000", "costofGoodsAndServicesSold": "1275400000", "operatingIncome": "29700000", "sellingGeneralAndAdministrative": "448800000", "researchAndDevelopment": "0", "operatingExpenses": "448800000", "investmentIncomeNet": "None", "netInterestIncome": "None", "interestIncome": "None", "interestExpense": "20900000", "nonInterestIncome": "None", "otherNonOperatingIncome": "7200000", "depreciation": "None", "depreciationAndAmortization": "41000000", "incomeBeforeTax": "14800000", "incomeTaxExpense": "-2100000", "interestAndDebtExpense": "None", "netIncomeFromContinuingOperations": "16900000", "comprehensiveIncomeNetOfTax": "None", "ebit": "34700000", "ebitda": "75700000", "netIncome": "21500000"}, {"fiscalDateEnding": "2016-12-31", "reportedCurrency": "USD", "grossProfit": "955100000", "totalRevenue": "2264500000", "costOfRevenue": "1309400000", "costofGoodsAndServicesSold": "1309400000", "operatingIncome": "485100000", "sellingGeneralAndAdministrative": "470000000", "researchAndDevelopment": "0", "operatingExpenses": "470000000", "investmentIncomeNet": "None", "netInterestIncome": "None", "interestIncome": "None", "interestExpense": "21800000", "nonInterestIncome": "None", "otherNonOperatingIncome": "-15600000", "depreciation": "None", "depreciationAndAmortization": "42700000", "incomeBeforeTax": "441100000", "incomeTaxExpense": "106100000", "interestAndDebtExpense": "None", "netIncomeFromContinuingOperations": "335000000", "comprehensiveIncomeNetOfTax": "None", "ebit": "420200000", "ebitda": "462900000", "netIncome": "317600000"}, {"fiscalDateEnding": "2016-09-30", "reportedCurrency": "USD", "grossProfit": "693400000", "totalRevenue": "1922200000", "costOfRevenue": "1228800000", "costofGoodsAndServicesSold": "1228800000", "operatingIncome": "207200000", "sellingGeneralAndAdministrative": "486200000", "researchAndDevelopment": "0", "operatingExpenses": "486200000", "investmentIncomeNet": "None", "netInterestIncome": "None", "interestIncome": "None", "interestExpense": "21700000", "nonInterestIncome": "None", "otherNonOperatingIncome": "6300000", "depreciation": "None", "depreciationAndAmortization": "39700000", "incomeBeforeTax": "196300000", "incomeTaxExpense": "63800000", "interestAndDebtExpense": "None", "netIncomeFromContinuingOperations": "132500000", "comprehensiveIncomeNetOfTax": "None", "ebit": "178300000", "ebitda": "218000000", "netIncome": "128600000"}, {"fiscalDateEnding": "2016-06-30", "reportedCurrency": "USD", "grossProfit": "688900000", "totalRevenue": "1917900000", "costOfRevenue": "1229000000", "costofGoodsAndServicesSold": "1229000000", "operatingIncome": "224800000", "sellingGeneralAndAdministrative": "464100000", "researchAndDevelopment": "0", "operatingExpenses": "464100000", "investmentIncomeNet": "None", "netInterestIncome": "None", "interestIncome": "None", "interestExpense": "24500000", "nonInterestIncome": "None", "otherNonOperatingIncome": "3600000", "depreciation": "None", "depreciationAndAmortization": "39800000", "incomeBeforeTax": "205800000", "incomeTaxExpense": "43700000", "interestAndDebtExpense": "None", "netIncomeFromContinuingOperations": "162100000", "comprehensiveIncomeNetOfTax": "None", "ebit": "190500000", "ebitda": "230300000", "netIncome": "156900000"}, {"fiscalDateEnding": "2016-03-31", "reportedCurrency": "USD", "grossProfit": "471100000", "totalRevenue": "1742000000", "costOfRevenue": "1270900000", "costofGoodsAndServicesSold": "1270900000", "operatingIncome": "20900000", "sellingGeneralAndAdministrative": "450200000", "researchAndDevelopment": "0", "operatingExpenses": "450200000", "investmentIncomeNet": "None", "netInterestIncome": "None", "interestIncome": "None", "interestExpense": "22600000", "nonInterestIncome": "None", "otherNonOperatingIncome": "-11200000", "depreciation": "None", "depreciationAndAmortization": "38000000", "incomeBeforeTax": "-13000000", "incomeTaxExpense": "-15600000", "interestAndDebtExpense": "None", "netIncomeFromContinuingOperations": "2600000", "comprehensiveIncomeNetOfTax": "None", "ebit": "25900000", "ebitda": "63900000", "netIncome": "5400000"}, {"fiscalDateEnding": "2015-12-31", "reportedCurrency": "USD", "grossProfit": "961100000", "totalRevenue": "2196200000", "costOfRevenue": "1235100000", "costofGoodsAndServicesSold": "1235100000", "operatingIncome": "456400000", "sellingGeneralAndAdministrative": "504700000", "researchAndDevelopment": "0", "operatingExpenses": "504700000", "investmentIncomeNet": "None", "netInterestIncome": "None", "interestIncome": "None", "interestExpense": "23300000", "nonInterestIncome": "None", "otherNonOperatingIncome": "-4800000", "depreciation": "None", "depreciationAndAmortization": "40700000", "incomeBeforeTax": "427800000", "incomeTaxExpense": "145400000", "interestAndDebtExpense": "None", "netIncomeFromContinuingOperations": "282400000", "comprehensiveIncomeNetOfTax": "None", "ebit": "410400000", "ebitda": "451100000", "netIncome": "260300000"}, {"fiscalDateEnding": "2015-09-30", "reportedCurrency": "USD", "grossProfit": "663300000", "totalRevenue": "1865500000", "costOfRevenue": "1202200000", "costofGoodsAndServicesSold": "1202200000", "operatingIncome": "191900000", "sellingGeneralAndAdministrative": "471400000", "researchAndDevelopment": "0", "operatingExpenses": "471400000", "investmentIncomeNet": "None", "netInterestIncome": "None", "interestIncome": "None", "interestExpense": "21300000", "nonInterestIncome": "None", "otherNonOperatingIncome": "-31500000", "depreciation": "None", "depreciationAndAmortization": "38100000", "incomeBeforeTax": "139000000", "incomeTaxExpense": "61100000", "interestAndDebtExpense": "None", "netIncomeFromContinuingOperations": "77900000", "comprehensiveIncomeNetOfTax": "None", "ebit": "122200000", "ebitda": "160300000", "netIncome": "74900000"}, {"fiscalDateEnding": "2015-06-30", "reportedCurrency": "USD", "grossProfit": "670900000", "totalRevenue": "1876100000", "costOfRevenue": "1205200000", "costofGoodsAndServicesSold": "1205200000", "operatingIncome": "215800000", "sellingGeneralAndAdministrative": "455100000", "researchAndDevelopment": "0", "operatingExpenses": "455100000", "investmentIncomeNet": "None", "netInterestIncome": "None", "interestIncome": "None", "interestExpense": "20300000", "nonInterestIncome": "None", "otherNonOperatingIncome": "6000000", "depreciation": "None", "depreciationAndAmortization": "39500000", "incomeBeforeTax": "201000000", "incomeTaxExpense": "77700000", "interestAndDebtExpense": "None", "netIncomeFromContinuingOperations": "123300000", "comprehensiveIncomeNetOfTax": "None", "ebit": "181800000", "ebitda": "221300000", "netIncome": "121200000"}, {"fiscalDateEnding": "2015-03-31", "reportedCurrency": "USD", "grossProfit": "460800000", "totalRevenue": "1676000000", "costOfRevenue": "1215200000", "costofGoodsAndServicesSold": "1215200000", "operatingIncome": "7800000", "sellingGeneralAndAdministrative": "453000000", "researchAndDevelopment": "0", "operatingExpenses": "453000000", "investmentIncomeNet": "None", "netInterestIncome": "None", "interestIncome": "None", "interestExpense": "20900000", "nonInterestIncome": "None", "otherNonOperatingIncome": "7500000", "depreciation": "None", "depreciationAndAmortization": "38700000", "incomeBeforeTax": "-5600000", "incomeTaxExpense": "-1400000", "interestAndDebtExpense": "None", "netIncomeFromContinuingOperations": "-4200000", "comprehensiveIncomeNetOfTax": "None", "ebit": "15400000", "ebitda": "54100000", "netIncome": "-1800000"}, {"fiscalDateEnding": "2014-12-31", "reportedCurrency": "USD", "grossProfit": "940700000", "totalRevenue": "2207100000", "costOfRevenue": "1266400000", "costofGoodsAndServicesSold": "1266400000", "operatingIncome": "433000000", "sellingGeneralAndAdministrative": "507600000", "researchAndDevelopment": "0", "operatingExpenses": "507600000", "investmentIncomeNet": "None", "netInterestIncome": "None", "interestIncome": "None", "interestExpense": "21400000", "nonInterestIncome": "None", "otherNonOperatingIncome": "21400000", "depreciation": "None", "depreciationAndAmortization": "41300000", "incomeBeforeTax": "418600000", "incomeTaxExpense": "87900000", "interestAndDebtExpense": "None", "netIncomeFromContinuingOperations": "330700000", "comprehensiveIncomeNetOfTax": "None", "ebit": "398800000", "ebitda": "440100000", "netIncome": "308900000"}, {"fiscalDateEnding": "2014-09-30", "reportedCurrency": "USD", "grossProfit": "645900000", "totalRevenue": "1841100000", "costOfRevenue": "1195200000", "costofGoodsAndServicesSold": "1195200000", "operatingIncome": "171300000", "sellingGeneralAndAdministrative": "474600000", "researchAndDevelopment": "0", "operatingExpenses": "474600000", "investmentIncomeNet": "None", "netInterestIncome": "None", "interestIncome": "None", "interestExpense": "20700000", "nonInterestIncome": "None", "otherNonOperatingIncome": "-6600000", "depreciation": "None", "depreciationAndAmortization": "41000000", "incomeBeforeTax": "157500000", "incomeTaxExpense": "65000000", "interestAndDebtExpense": "None", "netIncomeFromContinuingOperations": "92500000", "comprehensiveIncomeNetOfTax": "None", "ebit": "137200000", "ebitda": "178200000", "netIncome": "89700000"}, {"fiscalDateEnding": "2014-06-30", "reportedCurrency": "USD", "grossProfit": "681200000", "totalRevenue": "1851400000", "costOfRevenue": "1170200000", "costofGoodsAndServicesSold": "1170200000", "operatingIncome": "195800000", "sellingGeneralAndAdministrative": "485400000", "researchAndDevelopment": "0", "operatingExpenses": "485400000", "investmentIncomeNet": "None", "netInterestIncome": "None", "interestIncome": "None", "interestExpense": "22600000", "nonInterestIncome": "None", "otherNonOperatingIncome": "-4200000", "depreciation": "None", "depreciationAndAmortization": "40200000", "incomeBeforeTax": "168600000", "incomeTaxExpense": "65300000", "interestAndDebtExpense": "None", "netIncomeFromContinuingOperations": "103300000", "comprehensiveIncomeNetOfTax": "None", "ebit": "151000000", "ebitda": "191200000", "netIncome": "99400000"}, {"fiscalDateEnding": "2014-03-31", "reportedCurrency": "USD", "grossProfit": "448900000", "totalRevenue": "1637500000", "costOfRevenue": "1188600000", "costofGoodsAndServicesSold": "1188600000", "operatingIncome": "-11700000", "sellingGeneralAndAdministrative": "460600000", "researchAndDevelopment": "0", "operatingExpenses": "460600000", "investmentIncomeNet": "None", "netInterestIncome": "None", "interestIncome": "None", "interestExpense": "20200000", "nonInterestIncome": "None", "otherNonOperatingIncome": "7800000", "depreciation": "None", "depreciationAndAmortization": "40500000", "incomeBeforeTax": "-24000000", "incomeTaxExpense": "-1700000", "interestAndDebtExpense": "None", "netIncomeFromContinuingOperations": "-22300000", "comprehensiveIncomeNetOfTax": "None", "ebit": "-44300000", "ebitda": "-3800000", "netIncome": "-20900000"}, {"fiscalDateEnding": "2013-12-31", "reportedCurrency": "USD", "grossProfit": "923100000", "totalRevenue": "2122700000", "costOfRevenue": "1199600000", "costofGoodsAndServicesSold": "1199600000", "operatingIncome": "324400000", "sellingGeneralAndAdministrative": "538100000", "researchAndDevelopment": "0", "operatingExpenses": "538100000", "investmentIncomeNet": "None", "netInterestIncome": "None", "interestIncome": "None", "interestExpense": "24700000", "nonInterestIncome": "None", "otherNonOperatingIncome": "15600000", "depreciation": "None", "depreciationAndAmortization": "39500000", "incomeBeforeTax": "314100000", "incomeTaxExpense": "103200000", "interestAndDebtExpense": "None", "netIncomeFromContinuingOperations": "210900000", "comprehensiveIncomeNetOfTax": "None", "ebit": "359900000", "ebitda": "399400000", "netIncome": "193100000"}, {"fiscalDateEnding": "2013-09-30", "reportedCurrency": "USD", "grossProfit": "606800000", "totalRevenue": "1700400000", "costOfRevenue": "1093600000", "costofGoodsAndServicesSold": "1093600000", "operatingIncome": "141500000", "sellingGeneralAndAdministrative": "465300000", "researchAndDevelopment": "0", "operatingExpenses": "465300000", "investmentIncomeNet": "None", "netInterestIncome": "None", "interestIncome": "None", "interestExpense": "23700000", "nonInterestIncome": "None", "otherNonOperatingIncome": "-40200000", "depreciation": "None", "depreciationAndAmortization": "40500000", "incomeBeforeTax": "77000000", "incomeTaxExpense": "28400000", "interestAndDebtExpense": "None", "netIncomeFromContinuingOperations": "48600000", "comprehensiveIncomeNetOfTax": "None", "ebit": "60200000", "ebitda": "100700000", "netIncome": "48300000"}, {"fiscalDateEnding": "2013-06-30", "reportedCurrency": "USD", "grossProfit": "636000000", "totalRevenue": "1756200000", "costOfRevenue": "1120200000", "costofGoodsAndServicesSold": "1120200000", "operatingIncome": "174800000", "sellingGeneralAndAdministrative": "461200000", "researchAndDevelopment": "0", "operatingExpenses": "461200000", "investmentIncomeNet": "None", "netInterestIncome": "None", "interestIncome": "None", "interestExpense": "37500000", "nonInterestIncome": "None", "otherNonOperatingIncome": "10800000", "depreciation": "None", "depreciationAndAmortization": "39200000", "incomeBeforeTax": "147900000", "incomeTaxExpense": "62000000", "interestAndDebtExpense": "None", "netIncomeFromContinuingOperations": "85900000", "comprehensiveIncomeNetOfTax": "None", "ebit": "146200000", "ebitda": "185400000", "netIncome": "82800000"}, {"fiscalDateEnding": "2013-03-31", "reportedCurrency": "USD", "grossProfit": "410900000", "totalRevenue": "1543000000", "costOfRevenue": "1132100000", "costofGoodsAndServicesSold": "1132100000", "operatingIncome": "-42400000", "sellingGeneralAndAdministrative": "453300000", "researchAndDevelopment": "0", "operatingExpenses": "453300000", "investmentIncomeNet": "None", "netInterestIncome": "None", "interestIncome": "None", "interestExpense": "36800000", "nonInterestIncome": "None", "otherNonOperatingIncome": "8300000", "depreciation": "None", "depreciationAndAmortization": "38200000", "incomeBeforeTax": "-71000000", "incomeTaxExpense": "-12400000", "interestAndDebtExpense": "None", "netIncomeFromContinuingOperations": "-58600000", "comprehensiveIncomeNetOfTax": "None", "ebit": "-72400000", "ebitda": "-34200000", "netIncome": "-56300000"}, {"fiscalDateEnding": "2012-12-31", "reportedCurrency": "USD", "grossProfit": "-2328600000", "totalRevenue": "2063300000", "costOfRevenue": "4391900000", "costofGoodsAndServicesSold": "4391900000", "operatingIncome": "409900000", "sellingGeneralAndAdministrative": "2738500000", "researchAndDevelopment": "0", "operatingExpenses": "-2738500000", "investmentIncomeNet": "None", "netInterestIncome": "None", "interestIncome": "None", "interestExpense": "36600000", "nonInterestIncome": "None", "otherNonOperatingIncome": "104300000", "depreciation": "None", "depreciationAndAmortization": "38900000", "incomeBeforeTax": "476800000", "incomeTaxExpense": "140500000", "interestAndDebtExpense": "None", "netIncomeFromContinuingOperations": "336300000", "comprehensiveIncomeNetOfTax": "None", "ebit": "430300000", "ebitda": "469200000", "netIncome": "316200000"}, {"fiscalDateEnding": "2012-09-30", "reportedCurrency": "USD", "grossProfit": "1670400000", "totalRevenue": "1670400000", "costOfRevenue": "1501600000", "costofGoodsAndServicesSold": "1501600000", "operatingIncome": "131400000", "sellingGeneralAndAdministrative": "1539000000", "researchAndDevelopment": "0", "operatingExpenses": "1539000000", "investmentIncomeNet": "None", "netInterestIncome": "None", "interestIncome": "None", "interestExpense": "31600000", "nonInterestIncome": "None", "otherNonOperatingIncome": "9800000", "depreciation": "None", "depreciationAndAmortization": "37400000", "incomeBeforeTax": "108200000", "incomeTaxExpense": "41900000", "interestAndDebtExpense": "None", "netIncomeFromContinuingOperations": "66300000", "comprehensiveIncomeNetOfTax": "None", "ebit": "138100000", "ebitda": "175500000", "netIncome": "71600000"}, {"fiscalDateEnding": "2012-06-30", "reportedCurrency": "USD", "grossProfit": "1715700000", "totalRevenue": "1715700000", "costOfRevenue": "1502500000", "costofGoodsAndServicesSold": "1502500000", "operatingIncome": "176400000", "sellingGeneralAndAdministrative": "1539300000", "researchAndDevelopment": "0", "operatingExpenses": "1539300000", "investmentIncomeNet": "None", "netInterestIncome": "None", "interestIncome": "None", "interestExpense": "32700000", "nonInterestIncome": "None", "otherNonOperatingIncome": "11900000", "depreciation": "None", "depreciationAndAmortization": "36800000", "incomeBeforeTax": "155100000", "incomeTaxExpense": "50100000", "interestAndDebtExpense": "None", "netIncomeFromContinuingOperations": "105000000", "comprehensiveIncomeNetOfTax": "None", "ebit": "183100000", "ebitda": "219900000", "netIncome": "101900000"}, {"fiscalDateEnding": "2012-03-31", "reportedCurrency": "USD", "grossProfit": "1506800000", "totalRevenue": "1506800000", "costOfRevenue": "1511600000", "costofGoodsAndServicesSold": "1511600000", "operatingIncome": "-39400000", "sellingGeneralAndAdministrative": "1546200000", "researchAndDevelopment": "0", "operatingExpenses": "1546200000", "investmentIncomeNet": "None", "netInterestIncome": "None", "interestIncome": "None", "interestExpense": "32600000", "nonInterestIncome": "None", "otherNonOperatingIncome": "7100000", "depreciation": "None", "depreciationAndAmortization": "34600000", "incomeBeforeTax": "-65300000", "incomeTaxExpense": "-19200000", "interestAndDebtExpense": "None", "netIncomeFromContinuingOperations": "-46100000", "comprehensiveIncomeNetOfTax": "None", "ebit": "-66000000", "ebitda": "-31400000", "netIncome": "-43000000"}, {"fiscalDateEnding": "2011-12-31", "reportedCurrency": "USD", "grossProfit": "2072600000", "totalRevenue": "2072600000", "costOfRevenue": "1645700000", "costofGoodsAndServicesSold": "1645700000", "operatingIncome": "385300000", "sellingGeneralAndAdministrative": "1687100000", "researchAndDevelopment": "0", "operatingExpenses": "1687100000", "investmentIncomeNet": "None", "netInterestIncome": "None", "interestIncome": "None", "interestExpense": "38900000", "nonInterestIncome": "None", "otherNonOperatingIncome": "25600000", "depreciation": "None", "depreciationAndAmortization": "41400000", "incomeBeforeTax": "370400000", "incomeTaxExpense": "93700000", "interestAndDebtExpense": "None", "netIncomeFromContinuingOperations": "276700000", "comprehensiveIncomeNetOfTax": "None", "ebit": "395600000", "ebitda": "437000000", "netIncome": "261900000"}, {"fiscalDateEnding": "2011-09-30", "reportedCurrency": "USD", "grossProfit": "1726500000", "totalRevenue": "1726500000", "costOfRevenue": "1517300000", "costofGoodsAndServicesSold": "1517300000", "operatingIncome": "173200000", "sellingGeneralAndAdministrative": "1553500000", "researchAndDevelopment": "0", "operatingExpenses": "1553500000", "investmentIncomeNet": "None", "netInterestIncome": "None", "interestIncome": "None", "interestExpense": "32900000", "nonInterestIncome": "None", "otherNonOperatingIncome": "147600000", "depreciation": "None", "depreciationAndAmortization": "36200000", "incomeBeforeTax": "287100000", "incomeTaxExpense": "70400000", "interestAndDebtExpense": "None", "netIncomeFromContinuingOperations": "216700000", "comprehensiveIncomeNetOfTax": "None", "ebit": "146500000", "ebitda": "182700000", "netIncome": "211000000"}, {"fiscalDateEnding": "2011-06-30", "reportedCurrency": "USD", "grossProfit": "1740700000", "totalRevenue": "1740700000", "costOfRevenue": "1528800000", "costofGoodsAndServicesSold": "1528800000", "operatingIncome": "174000000", "sellingGeneralAndAdministrative": "1566500000", "researchAndDevelopment": "0", "operatingExpenses": "1566500000", "investmentIncomeNet": "None", "netInterestIncome": "None", "interestIncome": "None", "interestExpense": "33100000", "nonInterestIncome": "None", "otherNonOperatingIncome": "15600000", "depreciation": "None", "depreciationAndAmortization": "37700000", "incomeBeforeTax": "155900000", "incomeTaxExpense": "47600000", "interestAndDebtExpense": "None", "netIncomeFromContinuingOperations": "108300000", "comprehensiveIncomeNetOfTax": "None", "ebit": "183900000", "ebitda": "221600000", "netIncome": "104600000"}, {"fiscalDateEnding": "2011-03-31", "reportedCurrency": "USD", "grossProfit": "1474800000", "totalRevenue": "1474800000", "costOfRevenue": "1483700000", "costofGoodsAndServicesSold": "1483700000", "operatingIncome": "-45300000", "sellingGeneralAndAdministrative": "1519300000", "researchAndDevelopment": "0", "operatingExpenses": "1519300000", "investmentIncomeNet": "None", "netInterestIncome": "None", "interestIncome": "None", "interestExpense": "31900000", "nonInterestIncome": "None", "otherNonOperatingIncome": "2500000", "depreciation": "None", "depreciationAndAmortization": "35600000", "incomeBeforeTax": "-75000000", "incomeTaxExpense": "-21500000", "interestAndDebtExpense": "None", "netIncomeFromContinuingOperations": "-53500000", "comprehensiveIncomeNetOfTax": "None", "ebit": "-71800000", "ebitda": "-36200000", "netIncome": "-45200000"}, {"fiscalDateEnding": "2010-12-31", "reportedCurrency": "USD", "grossProfit": "2012000000", "totalRevenue": "2012000000", "costOfRevenue": "1636000000", "costofGoodsAndServicesSold": "1636000000", "operatingIncome": "330700000", "sellingGeneralAndAdministrative": "1679700000", "researchAndDevelopment": "0", "operatingExpenses": "1679700000", "investmentIncomeNet": "None", "netInterestIncome": "None", "interestIncome": "None", "interestExpense": "37400000", "nonInterestIncome": "None", "otherNonOperatingIncome": "None", "depreciation": "None", "depreciationAndAmortization": "36900000", "incomeBeforeTax": "320200000", "incomeTaxExpense": "-243700000", "interestAndDebtExpense": "None", "netIncomeFromContinuingOperations": "0", "comprehensiveIncomeNetOfTax": "None", "ebit": "341600000", "ebitda": "378500000", "netIncome": "197900000"}, {"fiscalDateEnding": "2010-09-30", "reportedCurrency": "USD", "grossProfit": "1560800000", "totalRevenue": "1560800000", "costOfRevenue": "1414500000", "costofGoodsAndServicesSold": "1414500000", "operatingIncome": "100200000", "sellingGeneralAndAdministrative": "1459200000", "researchAndDevelopment": "0", "operatingExpenses": "1459200000", "investmentIncomeNet": "None", "netInterestIncome": "None", "interestIncome": "None", "interestExpense": "34700000", "nonInterestIncome": "None", "otherNonOperatingIncome": "4500000", "depreciation": "None", "depreciationAndAmortization": "37300000", "incomeBeforeTax": "69200000", "incomeTaxExpense": "24400000", "interestAndDebtExpense": "None", "netIncomeFromContinuingOperations": "44800000", "comprehensiveIncomeNetOfTax": "None", "ebit": "108400000", "ebitda": "145700000", "netIncome": "45300000"}, {"fiscalDateEnding": "2010-06-30", "reportedCurrency": "USD", "grossProfit": "1617800000", "totalRevenue": "1617800000", "costOfRevenue": "1397100000", "costofGoodsAndServicesSold": "1397100000", "operatingIncome": "177200000", "sellingGeneralAndAdministrative": "1440000000", "researchAndDevelopment": "0", "operatingExpenses": "1440000000", "investmentIncomeNet": "None", "netInterestIncome": "None", "interestIncome": "None", "interestExpense": "35000000", "nonInterestIncome": "None", "otherNonOperatingIncome": "4200000", "depreciation": "None", "depreciationAndAmortization": "36800000", "incomeBeforeTax": "146200000", "incomeTaxExpense": "63300000", "interestAndDebtExpense": "None", "netIncomeFromContinuingOperations": "82900000", "comprehensiveIncomeNetOfTax": "None", "ebit": "183900000", "ebitda": "220700000", "netIncome": "82500000"}, {"fiscalDateEnding": "2010-03-31", "reportedCurrency": "USD", "grossProfit": "1341300000", "totalRevenue": "1341300000", "costOfRevenue": "1353700000", "costofGoodsAndServicesSold": "1353700000", "operatingIncome": "-59400000", "sellingGeneralAndAdministrative": "1400400000", "researchAndDevelopment": "0", "operatingExpenses": "1400400000", "investmentIncomeNet": "None", "netInterestIncome": "None", "interestIncome": "None", "interestExpense": "32600000", "nonInterestIncome": "None", "otherNonOperatingIncome": "None", "depreciation": "None", "depreciationAndAmortization": "37400000", "incomeBeforeTax": "-85000000", "incomeTaxExpense": "-15300000", "interestAndDebtExpense": "None", "netIncomeFromContinuingOperations": "0", "comprehensiveIncomeNetOfTax": "None", "ebit": "-52600000", "ebitda": "-15200000", "netIncome": "-64600000"}, {"fiscalDateEnding": "2009-12-31", "reportedCurrency": "USD", "grossProfit": "1801200000", "totalRevenue": "1801200000", "costOfRevenue": "1484500000", "costofGoodsAndServicesSold": "1484500000", "operatingIncome": "268000000", "sellingGeneralAndAdministrative": "1527900000", "researchAndDevelopment": "0", "operatingExpenses": "1527900000", "investmentIncomeNet": "None", "netInterestIncome": "None", "interestIncome": "None", "interestExpense": "37900000", "nonInterestIncome": "None", "otherNonOperatingIncome": "None", "depreciation": "None", "depreciationAndAmortization": "43400000", "incomeBeforeTax": "266200000", "incomeTaxExpense": "108100000", "interestAndDebtExpense": "None", "netIncomeFromContinuingOperations": "0", "comprehensiveIncomeNetOfTax": "None", "ebit": "280300000", "ebitda": "323700000", "netIncome": "136400000"}, {"fiscalDateEnding": "2009-09-30", "reportedCurrency": "USD", "grossProfit": "1426700000", "totalRevenue": "1426700000", "costOfRevenue": "1326900000", "costofGoodsAndServicesSold": "1326900000", "operatingIncome": "58300000", "sellingGeneralAndAdministrative": "1368900000", "researchAndDevelopment": "0", "operatingExpenses": "1368900000", "investmentIncomeNet": "None", "netInterestIncome": "None", "interestIncome": "None", "interestExpense": "37800000", "nonInterestIncome": "None", "otherNonOperatingIncome": "None", "depreciation": "None", "depreciationAndAmortization": "42000000", "incomeBeforeTax": "29100000", "incomeTaxExpense": "3700000", "interestAndDebtExpense": "None", "netIncomeFromContinuingOperations": "0", "comprehensiveIncomeNetOfTax": "None", "ebit": "65400000", "ebitda": "107400000", "netIncome": "24100000"}, {"fiscalDateEnding": "2009-06-30", "reportedCurrency": "USD", "grossProfit": "1474400000", "totalRevenue": "1474400000", "costOfRevenue": "1334800000", "costofGoodsAndServicesSold": "1334800000", "operatingIncome": "96900000", "sellingGeneralAndAdministrative": "1377500000", "researchAndDevelopment": "0", "operatingExpenses": "1377500000", "investmentIncomeNet": "None", "netInterestIncome": "None", "interestIncome": "None", "interestExpense": "45100000", "nonInterestIncome": "None", "otherNonOperatingIncome": "None", "depreciation": "None", "depreciationAndAmortization": "42700000", "incomeBeforeTax": "36600000", "incomeTaxExpense": "3700000", "interestAndDebtExpense": "None", "netIncomeFromContinuingOperations": "0", "comprehensiveIncomeNetOfTax": "None", "ebit": "105000000", "ebitda": "147700000", "netIncome": "27800000"}, {"fiscalDateEnding": "2009-03-31", "reportedCurrency": "USD", "grossProfit": "1325300000", "totalRevenue": "1325300000", "costOfRevenue": "1365600000", "costofGoodsAndServicesSold": "1365600000", "operatingIncome": "-81900000", "sellingGeneralAndAdministrative": "1407400000", "researchAndDevelopment": "0", "operatingExpenses": "1407400000", "investmentIncomeNet": "None", "netInterestIncome": "None", "interestIncome": "None", "interestExpense": "34800000", "nonInterestIncome": "None", "otherNonOperatingIncome": "None", "depreciation": "None", "depreciationAndAmortization": "41800000", "incomeBeforeTax": "-99500000", "incomeTaxExpense": "-25400000", "interestAndDebtExpense": "None", "netIncomeFromContinuingOperations": "0", "comprehensiveIncomeNetOfTax": "None", "ebit": "-69800000", "ebitda": "-28000000", "netIncome": "-67000000"}, {"fiscalDateEnding": "2008-12-31", "reportedCurrency": "USD", "grossProfit": "1901800000", "totalRevenue": "1901800000", "costOfRevenue": "1522500000", "costofGoodsAndServicesSold": "1522500000", "operatingIncome": "330600000", "sellingGeneralAndAdministrative": "1565300000", "researchAndDevelopment": "0", "operatingExpenses": "1565300000", "investmentIncomeNet": "None", "netInterestIncome": "None", "interestIncome": "None", "interestExpense": "211900000", "nonInterestIncome": "None", "otherNonOperatingIncome": "None", "depreciation": "None", "depreciationAndAmortization": "-42700000", "incomeBeforeTax": "297400000", "incomeTaxExpense": "65700000", "interestAndDebtExpense": "None", "netIncomeFromContinuingOperations": "0", "comprehensiveIncomeNetOfTax": "None", "ebit": "385900000", "ebitda": "343200000", "netIncome": "217000000"}, {"fiscalDateEnding": "2008-09-30", "reportedCurrency": "USD", "grossProfit": "1740000000", "totalRevenue": "1740000000", "costOfRevenue": "1575600000", "costofGoodsAndServicesSold": "1575600000", "operatingIncome": "116300000", "sellingGeneralAndAdministrative": "1619800000", "researchAndDevelopment": "0", "operatingExpenses": "1619800000", "investmentIncomeNet": "None", "netInterestIncome": "None", "interestIncome": "None", "interestExpense": "53200000", "nonInterestIncome": "None", "otherNonOperatingIncome": "None", "depreciation": "None", "depreciationAndAmortization": "73000000", "incomeBeforeTax": "85400000", "incomeTaxExpense": "35500000", "interestAndDebtExpense": "None", "netIncomeFromContinuingOperations": "0", "comprehensiveIncomeNetOfTax": "None", "ebit": "125100000", "ebitda": "198100000", "netIncome": "45700000"}, {"fiscalDateEnding": "2008-06-30", "reportedCurrency": "USD", "grossProfit": "1835700000", "totalRevenue": "1835700000", "costOfRevenue": "1587800000", "costofGoodsAndServicesSold": "1587800000", "operatingIncome": "200600000", "sellingGeneralAndAdministrative": "1631000000", "researchAndDevelopment": "0", "operatingExpenses": "1631000000", "investmentIncomeNet": "None", "netInterestIncome": "None", "interestIncome": "None", "interestExpense": "53000000", "nonInterestIncome": "None", "otherNonOperatingIncome": "None", "depreciation": "None", "depreciationAndAmortization": "73100000", "incomeBeforeTax": "176900000", "incomeTaxExpense": "79100000", "interestAndDebtExpense": "None", "netIncomeFromContinuingOperations": "0", "comprehensiveIncomeNetOfTax": "None", "ebit": "202500000", "ebitda": "275600000", "netIncome": "95100000"}, {"fiscalDateEnding": "2008-03-31", "reportedCurrency": "USD", "grossProfit": "1485200000", "totalRevenue": "1485200000", "costOfRevenue": "1496700000", "costofGoodsAndServicesSold": "1496700000", "operatingIncome": "-57800000", "sellingGeneralAndAdministrative": "1539800000", "researchAndDevelopment": "0", "operatingExpenses": "1539800000", "investmentIncomeNet": "None", "netInterestIncome": "None", "interestIncome": "None", "interestExpense": "57700000", "nonInterestIncome": "None", "otherNonOperatingIncome": "None", "depreciation": "None", "depreciationAndAmortization": "69900000", "incomeBeforeTax": "-88200000", "incomeTaxExpense": "-23700000", "interestAndDebtExpense": "None", "netIncomeFromContinuingOperations": "0", "comprehensiveIncomeNetOfTax": "None", "ebit": "-50000000", "ebitda": "19900000", "netIncome": "-62800000"}, {"fiscalDateEnding": "2007-12-31", "reportedCurrency": "USD", "grossProfit": "1982500000", "totalRevenue": "1982500000", "costOfRevenue": "1634600000", "costofGoodsAndServicesSold": "1634600000", "operatingIncome": "271800000", "sellingGeneralAndAdministrative": "1684200000", "researchAndDevelopment": "0", "operatingExpenses": "1667500000", "investmentIncomeNet": "None", "netInterestIncome": "None", "interestIncome": "None", "interestExpense": "236700000", "nonInterestIncome": "None", "otherNonOperatingIncome": "None", "depreciation": "None", "depreciationAndAmortization": "81400000", "incomeBeforeTax": "246700000", "incomeTaxExpense": "60200000", "interestAndDebtExpense": "None", "netIncomeFromContinuingOperations": "0", "comprehensiveIncomeNetOfTax": "None", "ebit": "334700000", "ebitda": "416100000", "netIncome": "178400000"}, {"fiscalDateEnding": "2007-09-30", "reportedCurrency": "USD", "grossProfit": "1559900000", "totalRevenue": "1559900000", "costOfRevenue": "1459900000", "costofGoodsAndServicesSold": "1459900000", "operatingIncome": "51100000", "sellingGeneralAndAdministrative": "1503600000", "researchAndDevelopment": "0", "operatingExpenses": "1503600000", "investmentIncomeNet": "None", "netInterestIncome": "None", "interestIncome": "None", "interestExpense": "60100000", "nonInterestIncome": "None", "otherNonOperatingIncome": "None", "depreciation": "None", "depreciationAndAmortization": "74100000", "incomeBeforeTax": "16400000", "incomeTaxExpense": "35800000", "interestAndDebtExpense": "None", "netIncomeFromContinuingOperations": "0", "comprehensiveIncomeNetOfTax": "None", "ebit": "66300000", "ebitda": "140400000", "netIncome": "-21900000"}, {"fiscalDateEnding": "2007-06-30", "reportedCurrency": "USD", "grossProfit": "1652700000", "totalRevenue": "1652700000", "costOfRevenue": "1471400000", "costofGoodsAndServicesSold": "1471400000", "operatingIncome": "145600000", "sellingGeneralAndAdministrative": "1512300000", "researchAndDevelopment": "0", "operatingExpenses": "1512300000", "investmentIncomeNet": "None", "netInterestIncome": "None", "interestIncome": "None", "interestExpense": "56900000", "nonInterestIncome": "None", "otherNonOperatingIncome": "None", "depreciation": "None", "depreciationAndAmortization": "61800000", "incomeBeforeTax": "124800000", "incomeTaxExpense": "-11400000", "interestAndDebtExpense": "None", "netIncomeFromContinuingOperations": "0", "comprehensiveIncomeNetOfTax": "None", "ebit": "127200000", "ebitda": "189000000", "netIncome": "137000000"}, {"fiscalDateEnding": "2007-03-31", "reportedCurrency": "USD", "grossProfit": "1359100000", "totalRevenue": "1359100000", "costOfRevenue": "1440900000", "costofGoodsAndServicesSold": "1440900000", "operatingIncome": "-124200000", "sellingGeneralAndAdministrative": "1483900000", "researchAndDevelopment": "0", "operatingExpenses": "1483900000", "investmentIncomeNet": "None", "netInterestIncome": "None", "interestIncome": "None", "interestExpense": "55000000", "nonInterestIncome": "None", "otherNonOperatingIncome": "None", "depreciation": "None", "depreciationAndAmortization": "70400000", "incomeBeforeTax": "-152200000", "incomeTaxExpense": "-25700000", "interestAndDebtExpense": "None", "netIncomeFromContinuingOperations": "0", "comprehensiveIncomeNetOfTax": "None", "ebit": "-123900000", "ebitda": "-53500000", "netIncome": "-125900000"}, {"fiscalDateEnding": "2006-12-31", "reportedCurrency": "USD", "grossProfit": "1877100000", "totalRevenue": "1877100000", "costOfRevenue": "1613900000", "costofGoodsAndServicesSold": "1613900000", "operatingIncome": "167800000", "sellingGeneralAndAdministrative": "1660500000", "researchAndDevelopment": "0", "operatingExpenses": "1695800000", "investmentIncomeNet": "None", "netInterestIncome": "None", "interestIncome": "None", "interestExpense": "63600000", "nonInterestIncome": "None", "otherNonOperatingIncome": "None", "depreciation": "None", "depreciationAndAmortization": "74200000", "incomeBeforeTax": "87000000", "incomeTaxExpense": "17300000", "interestAndDebtExpense": "None", "netIncomeFromContinuingOperations": "0", "comprehensiveIncomeNetOfTax": "None", "ebit": "283200000", "ebitda": "357400000", "netIncome": "63800000"}, {"fiscalDateEnding": "2006-09-30", "reportedCurrency": "USD", "grossProfit": "1453800000", "totalRevenue": "1453800000", "costOfRevenue": "1384600000", "costofGoodsAndServicesSold": "1384600000", "operatingIncome": "21100000", "sellingGeneralAndAdministrative": "1426500000", "researchAndDevelopment": "0", "operatingExpenses": "1426500000", "investmentIncomeNet": "None", "netInterestIncome": "None", "interestIncome": "None", "interestExpense": "57000000", "nonInterestIncome": "None", "otherNonOperatingIncome": "None", "depreciation": "None", "depreciationAndAmortization": "68200000", "incomeBeforeTax": "11600000", "incomeTaxExpense": "8400000", "interestAndDebtExpense": "None", "netIncomeFromContinuingOperations": "0", "comprehensiveIncomeNetOfTax": "None", "ebit": "11100000", "ebitda": "79300000", "netIncome": "5800000"}, {"fiscalDateEnding": "2006-06-30", "reportedCurrency": "USD", "grossProfit": "1532900000", "totalRevenue": "1532900000", "costOfRevenue": "1407500000", "costofGoodsAndServicesSold": "1407500000", "operatingIncome": "76900000", "sellingGeneralAndAdministrative": "1456000000", "researchAndDevelopment": "0", "operatingExpenses": "1456000000", "investmentIncomeNet": "None", "netInterestIncome": "None", "interestIncome": "None", "interestExpense": "52000000", "nonInterestIncome": "None", "otherNonOperatingIncome": "None", "depreciation": "None", "depreciationAndAmortization": "62700000", "incomeBeforeTax": "75600000", "incomeTaxExpense": "1800000", "interestAndDebtExpense": "None", "netIncomeFromContinuingOperations": "0", "comprehensiveIncomeNetOfTax": "None", "ebit": "52600000", "ebitda": "115300000", "netIncome": "68900000"}, {"fiscalDateEnding": "2006-03-31", "reportedCurrency": "USD", "grossProfit": "1327000000", "totalRevenue": "1327000000", "costOfRevenue": "1443500000", "costofGoodsAndServicesSold": "1443500000", "operatingIncome": "-159800000", "sellingGeneralAndAdministrative": "1486400000", "researchAndDevelopment": "0", "operatingExpenses": "1486400000", "investmentIncomeNet": "None", "netInterestIncome": "None", "interestIncome": "None", "interestExpense": "46100000", "nonInterestIncome": "None", "otherNonOperatingIncome": "None", "depreciation": "None", "depreciationAndAmortization": "55400000", "incomeBeforeTax": "-179200000", "incomeTaxExpense": "-8800000", "interestAndDebtExpense": "None", "netIncomeFromContinuingOperations": "0", "comprehensiveIncomeNetOfTax": "None", "ebit": "-159800000", "ebitda": "-104400000", "netIncome": "-170200000"}, {"fiscalDateEnding": "2005-12-31", "reportedCurrency": "USD", "grossProfit": "1885600000", "totalRevenue": "1885600000", "costOfRevenue": "1697100000", "costofGoodsAndServicesSold": "1697100000", "operatingIncome": "32200000", "sellingGeneralAndAdministrative": "1753100000", "researchAndDevelopment": "0", "operatingExpenses": "1851000000", "investmentIncomeNet": "None", "netInterestIncome": "None", "interestIncome": "None", "interestExpense": "46100000", "nonInterestIncome": "None", "otherNonOperatingIncome": "None", "depreciation": "None", "depreciationAndAmortization": "60600000", "incomeBeforeTax": "20200000", "incomeTaxExpense": "67100000", "interestAndDebtExpense": "None", "netIncomeFromContinuingOperations": "0", "comprehensiveIncomeNetOfTax": "None", "ebit": "128900000", "ebitda": "189500000", "netIncome": "-37000000"}, {"fiscalDateEnding": "2005-09-30", "reportedCurrency": "USD", "grossProfit": "1442200000", "totalRevenue": "1442200000", "costOfRevenue": "1500900000", "costofGoodsAndServicesSold": "1500900000", "operatingIncome": "-96800000", "sellingGeneralAndAdministrative": "1539200000", "researchAndDevelopment": "0", "operatingExpenses": "1539900000", "investmentIncomeNet": "None", "netInterestIncome": "None", "interestIncome": "None", "interestExpense": "47200000", "nonInterestIncome": "None", "otherNonOperatingIncome": "None", "depreciation": "None", "depreciationAndAmortization": "55600000", "incomeBeforeTax": "-124200000", "incomeTaxExpense": "-29900000", "interestAndDebtExpense": "None", "netIncomeFromContinuingOperations": "0", "comprehensiveIncomeNetOfTax": "None", "ebit": "-95900000", "ebitda": "-40300000", "netIncome": "-96500000"}, {"fiscalDateEnding": "2005-06-30", "reportedCurrency": "USD", "grossProfit": "1939000000", "totalRevenue": "1939000000", "costOfRevenue": "1456500000", "costofGoodsAndServicesSold": "1456500000", "operatingIncome": "277800000", "sellingGeneralAndAdministrative": "1493300000", "researchAndDevelopment": "0", "operatingExpenses": "1664600000", "investmentIncomeNet": "None", "netInterestIncome": "None", "interestIncome": "None", "interestExpense": "172000000", "nonInterestIncome": "None", "otherNonOperatingIncome": "None", "depreciation": "None", "depreciationAndAmortization": "65900000", "incomeBeforeTax": "225500000", "incomeTaxExpense": "157000000", "interestAndDebtExpense": "None", "netIncomeFromContinuingOperations": "0", "comprehensiveIncomeNetOfTax": "None", "ebit": "151600000", "ebitda": "217500000", "netIncome": "62300000"}, {"fiscalDateEnding": "2005-03-31", "reportedCurrency": "USD", "grossProfit": "0", "totalRevenue": "1330300000", "costOfRevenue": "1463900000", "costofGoodsAndServicesSold": "1463900000", "operatingIncome": "-171300000", "sellingGeneralAndAdministrative": "1501600000", "researchAndDevelopment": "0", "operatingExpenses": "1501600000", "investmentIncomeNet": "None", "netInterestIncome": "None", "interestIncome": "None", "interestExpense": "46900000", "nonInterestIncome": "None", "otherNonOperatingIncome": "None", "depreciation": "None", "depreciationAndAmortization": "54400000", "incomeBeforeTax": "-182200000", "incomeTaxExpense": "-39100000", "interestAndDebtExpense": "None", "netIncomeFromContinuingOperations": "0", "comprehensiveIncomeNetOfTax": "None", "ebit": "-171300000", "ebitda": "-116900000", "netIncome": "-143800000"}, {"fiscalDateEnding": "2004-12-31", "reportedCurrency": "USD", "grossProfit": "599900000", "totalRevenue": "1939000000", "costOfRevenue": "1602900000", "costofGoodsAndServicesSold": "1602900000", "operatingIncome": "274400000", "sellingGeneralAndAdministrative": "1801100000", "researchAndDevelopment": "0", "operatingExpenses": "1664600000", "investmentIncomeNet": "None", "netInterestIncome": "None", "interestIncome": "None", "interestExpense": "43400000", "nonInterestIncome": "None", "otherNonOperatingIncome": "None", "depreciation": "None", "depreciationAndAmortization": "65900000", "incomeBeforeTax": "225500000", "incomeTaxExpense": "157000000", "interestAndDebtExpense": "None", "netIncomeFromContinuingOperations": "0", "comprehensiveIncomeNetOfTax": "None", "ebit": "274400000", "ebitda": "340300000", "netIncome": "62300000"}]}