{"symbol": "BDX", "annualReports": [{"fiscalDateEnding": "2024-09-30", "reportedCurrency": "USD", "grossProfit": "9125000000", "totalRevenue": "20178000000", "costOfRevenue": "11053000000", "costofGoodsAndServicesSold": "11053000000", "operatingIncome": "2397000000", "sellingGeneralAndAdministrative": "4857000000", "researchAndDevelopment": "1190000000", "operatingExpenses": "6728000000", "investmentIncomeNet": "None", "netInterestIncome": "-365000000", "interestIncome": "163000000", "interestExpense": "528000000", "nonInterestIncome": "None", "otherNonOperatingIncome": "None", "depreciation": "None", "depreciationAndAmortization": "2286000000", "incomeBeforeTax": "2005000000", "incomeTaxExpense": "300000000", "interestAndDebtExpense": "None", "netIncomeFromContinuingOperations": "1705000000", "comprehensiveIncomeNetOfTax": "None", "ebit": "2561000000", "ebitda": "4847000000", "netIncome": "1705000000"}, {"fiscalDateEnding": "2023-09-30", "reportedCurrency": "USD", "grossProfit": "8170000000", "totalRevenue": "19372000000", "costOfRevenue": "11202000000", "costofGoodsAndServicesSold": "11202000000", "operatingIncome": "2111000000", "sellingGeneralAndAdministrative": "4719000000", "researchAndDevelopment": "1237000000", "operatingExpenses": "5746000000", "investmentIncomeNet": "None", "netInterestIncome": "-403000000", "interestIncome": "49000000", "interestExpense": "452000000", "nonInterestIncome": "None", "otherNonOperatingIncome": "None", "depreciation": "None", "depreciationAndAmortization": "2161000000", "incomeBeforeTax": "1662000000", "incomeTaxExpense": "132000000", "interestAndDebtExpense": "None", "netIncomeFromContinuingOperations": "1530000000", "comprehensiveIncomeNetOfTax": "None", "ebit": "2114000000", "ebitda": "4275000000", "netIncome": "1484000000"}, {"fiscalDateEnding": "2022-09-30", "reportedCurrency": "USD", "grossProfit": "8477000000", "totalRevenue": "18870000000", "costOfRevenue": "10393000000", "costofGoodsAndServicesSold": "10393000000", "operatingIncome": "2282000000", "sellingGeneralAndAdministrative": "4709000000", "researchAndDevelopment": "1256000000", "operatingExpenses": "6002000000", "investmentIncomeNet": "None", "netInterestIncome": "-382000000", "interestIncome": "16000000", "interestExpense": "398000000", "nonInterestIncome": "None", "otherNonOperatingIncome": "-101000000", "depreciation": "None", "depreciationAndAmortization": "2102000000", "incomeBeforeTax": "1783000000", "incomeTaxExpense": "148000000", "interestAndDebtExpense": "None", "netIncomeFromContinuingOperations": "1635000000", "comprehensiveIncomeNetOfTax": "None", "ebit": "2185000000", "ebitda": "4287000000", "netIncome": "1779000000"}, {"fiscalDateEnding": "2021-09-30", "reportedCurrency": "USD", "grossProfit": "9427000000", "totalRevenue": "20248000000", "costOfRevenue": "10821000000", "costofGoodsAndServicesSold": "10821000000", "operatingIncome": "2799000000", "sellingGeneralAndAdministrative": "1000000", "researchAndDevelopment": "1339000000", "operatingExpenses": "6444000000", "investmentIncomeNet": "None", "netInterestIncome": "-460000000", "interestIncome": "460000000", "interestExpense": "469000000", "nonInterestIncome": "None", "otherNonOperatingIncome": "-88000000", "depreciation": "None", "depreciationAndAmortization": "2091000000", "incomeBeforeTax": "2242000000", "incomeTaxExpense": "150000000", "interestAndDebtExpense": "None", "netIncomeFromContinuingOperations": "2092000000", "comprehensiveIncomeNetOfTax": "None", "ebit": "2161000000", "ebitda": "4252000000", "netIncome": "2092000000"}, {"fiscalDateEnding": "2020-09-30", "reportedCurrency": "USD", "grossProfit": "7577000000", "totalRevenue": "17117000000", "costOfRevenue": "9540000000", "costofGoodsAndServicesSold": "9540000000", "operatingIncome": "1484000000", "sellingGeneralAndAdministrative": "7000000", "researchAndDevelopment": "1096000000", "operatingExpenses": "5784000000", "investmentIncomeNet": "None", "netInterestIncome": "-521000000", "interestIncome": "501000000", "interestExpense": "528000000", "nonInterestIncome": "None", "otherNonOperatingIncome": "30000000", "depreciation": "None", "depreciationAndAmortization": "2030000000", "incomeBeforeTax": "985000000", "incomeTaxExpense": "111000000", "interestAndDebtExpense": "None", "netIncomeFromContinuingOperations": "874000000", "comprehensiveIncomeNetOfTax": "None", "ebit": "942000000", "ebitda": "2972000000", "netIncome": "874000000"}, {"fiscalDateEnding": "2019-09-30", "reportedCurrency": "USD", "grossProfit": "8288000000", "totalRevenue": "17290000000", "costOfRevenue": "9002000000", "costofGoodsAndServicesSold": "9002000000", "operatingIncome": "1760000000", "sellingGeneralAndAdministrative": "2000000", "researchAndDevelopment": "1062000000", "operatingExpenses": "6048000000", "investmentIncomeNet": "None", "netInterestIncome": "-627000000", "interestIncome": "626000000", "interestExpense": "639000000", "nonInterestIncome": "None", "otherNonOperatingIncome": "None", "depreciation": "None", "depreciationAndAmortization": "2130000000", "incomeBeforeTax": "1163000000", "incomeTaxExpense": "-57000000", "interestAndDebtExpense": "None", "netIncomeFromContinuingOperations": "1233000000", "comprehensiveIncomeNetOfTax": "None", "ebit": "1230000000", "ebitda": "3360000000", "netIncome": "1220000000"}, {"fiscalDateEnding": "2018-09-30", "reportedCurrency": "USD", "grossProfit": "7262000000", "totalRevenue": "15983000000", "costOfRevenue": "8721000000", "costofGoodsAndServicesSold": "8721000000", "operatingIncome": "1497000000", "sellingGeneralAndAdministrative": "4015000000", "researchAndDevelopment": "1006000000", "operatingExpenses": "5021000000", "investmentIncomeNet": "None", "netInterestIncome": "-641000000", "interestIncome": "65000000", "interestExpense": "706000000", "nonInterestIncome": "None", "otherNonOperatingIncome": "383000000", "depreciation": "None", "depreciationAndAmortization": "1855000000", "incomeBeforeTax": "1173000000", "incomeTaxExpense": "862000000", "interestAndDebtExpense": "None", "netIncomeFromContinuingOperations": "311000000", "comprehensiveIncomeNetOfTax": "None", "ebit": "1879000000", "ebitda": "3734000000", "netIncome": "311000000"}, {"fiscalDateEnding": "2017-09-30", "reportedCurrency": "USD", "grossProfit": "5942000000", "totalRevenue": "12093000000", "costOfRevenue": "6151000000", "costofGoodsAndServicesSold": "6151000000", "operatingIncome": "1478000000", "sellingGeneralAndAdministrative": "2925000000", "researchAndDevelopment": "774000000", "operatingExpenses": "4109000000", "investmentIncomeNet": "None", "netInterestIncome": "-445000000", "interestIncome": "76000000", "interestExpense": "521000000", "nonInterestIncome": "None", "otherNonOperatingIncome": "19000000", "depreciation": "None", "depreciationAndAmortization": "939000000", "incomeBeforeTax": "976000000", "incomeTaxExpense": "-124000000", "interestAndDebtExpense": "None", "netIncomeFromContinuingOperations": "1100000000", "comprehensiveIncomeNetOfTax": "None", "ebit": "1646000000", "ebitda": "2585000000", "netIncome": "1100000000"}, {"fiscalDateEnding": "2016-09-30", "reportedCurrency": "USD", "grossProfit": "5991000000", "totalRevenue": "12483000000", "costOfRevenue": "6492000000", "costofGoodsAndServicesSold": "6492000000", "operatingIncome": "1430000000", "sellingGeneralAndAdministrative": "3005000000", "researchAndDevelopment": "828000000", "operatingExpenses": "3833000000", "investmentIncomeNet": "None", "netInterestIncome": "-367000000", "interestIncome": "21000000", "interestExpense": "388000000", "nonInterestIncome": "None", "otherNonOperatingIncome": "32000000", "depreciation": "None", "depreciationAndAmortization": "1050000000", "incomeBeforeTax": "1074000000", "incomeTaxExpense": "97000000", "interestAndDebtExpense": "None", "netIncomeFromContinuingOperations": "976000000", "comprehensiveIncomeNetOfTax": "None", "ebit": "1526000000", "ebitda": "2576000000", "netIncome": "976000000"}, {"fiscalDateEnding": "2015-09-30", "reportedCurrency": "USD", "grossProfit": "4695000000", "totalRevenue": "10282000000", "costOfRevenue": "5587000000", "costofGoodsAndServicesSold": "5587000000", "operatingIncome": "1074000000", "sellingGeneralAndAdministrative": "2563000000", "researchAndDevelopment": "632000000", "operatingExpenses": "3195000000", "investmentIncomeNet": "None", "netInterestIncome": "None", "interestIncome": "405000000", "interestExpense": "371000000", "nonInterestIncome": "None", "otherNonOperatingIncome": "None", "depreciation": "None", "depreciationAndAmortization": "891000000", "incomeBeforeTax": "739000000", "incomeTaxExpense": "44000000", "interestAndDebtExpense": "None", "netIncomeFromContinuingOperations": "695000000", "comprehensiveIncomeNetOfTax": "None", "ebit": "1110000000", "ebitda": "2001000000", "netIncome": "695000000"}, {"fiscalDateEnding": "2014-09-30", "reportedCurrency": "USD", "grossProfit": "4301000000", "totalRevenue": "8446000000", "costOfRevenue": "4145000000", "costofGoodsAndServicesSold": "4145000000", "operatingIncome": "1606000000", "sellingGeneralAndAdministrative": "2145000000", "researchAndDevelopment": "550000000", "operatingExpenses": "2695000000", "investmentIncomeNet": "None", "netInterestIncome": "None", "interestIncome": "None", "interestExpense": "135000000", "nonInterestIncome": "None", "otherNonOperatingIncome": "51000000", "depreciation": "None", "depreciationAndAmortization": "562000000", "incomeBeforeTax": "1522000000", "incomeTaxExpense": "337000000", "interestAndDebtExpense": "None", "netIncomeFromContinuingOperations": "1185000000", "comprehensiveIncomeNetOfTax": "None", "ebit": "1589000000", "ebitda": "2151000000", "netIncome": "1185000000"}, {"fiscalDateEnding": "2013-09-30", "reportedCurrency": "USD", "grossProfit": "4171000000", "totalRevenue": "8054000000", "costOfRevenue": "3883000000", "costofGoodsAndServicesSold": "3883000000", "operatingIncome": "1254000000", "sellingGeneralAndAdministrative": "2422000000", "researchAndDevelopment": "494000000", "operatingExpenses": "2916000000", "investmentIncomeNet": "None", "netInterestIncome": "None", "interestIncome": "None", "interestExpense": "138000000", "nonInterestIncome": "None", "otherNonOperatingIncome": "49000000", "depreciation": "None", "depreciationAndAmortization": "546000000", "incomeBeforeTax": "1165000000", "incomeTaxExpense": "236000000", "interestAndDebtExpense": "None", "netIncomeFromContinuingOperations": "929000000", "comprehensiveIncomeNetOfTax": "None", "ebit": "1303000000", "ebitda": "1849000000", "netIncome": "1293000000"}, {"fiscalDateEnding": "2012-09-30", "reportedCurrency": "USD", "grossProfit": "3952994000", "totalRevenue": "7708382000", "costOfRevenue": "3755388000", "costofGoodsAndServicesSold": "3755388000", "operatingIncome": "1557885000", "sellingGeneralAndAdministrative": "1923354000", "researchAndDevelopment": "471755000", "operatingExpenses": "2395109000", "investmentIncomeNet": "None", "netInterestIncome": "None", "interestIncome": "None", "interestExpense": "134658000", "nonInterestIncome": "None", "otherNonOperatingIncome": "None", "depreciation": "None", "depreciationAndAmortization": "510938000", "incomeBeforeTax": "1472408000", "incomeTaxExpense": "362880000", "interestAndDebtExpense": "None", "netIncomeFromContinuingOperations": "None", "comprehensiveIncomeNetOfTax": "None", "ebit": "1607062000", "ebitda": "2118000000", "netIncome": "1169927000"}, {"fiscalDateEnding": "2011-09-30", "reportedCurrency": "USD", "grossProfit": "4091552000", "totalRevenue": "7828904000", "costOfRevenue": "3737352000", "costofGoodsAndServicesSold": "3737352000", "operatingIncome": "1763282000", "sellingGeneralAndAdministrative": "1851774000", "researchAndDevelopment": "476496000", "operatingExpenses": "2328270000", "investmentIncomeNet": "None", "netInterestIncome": "None", "interestIncome": "None", "interestExpense": "84019000", "nonInterestIncome": "None", "otherNonOperatingIncome": "37000000", "depreciation": "None", "depreciationAndAmortization": "504089000", "incomeBeforeTax": "1716263000", "incomeTaxExpense": "451411000", "interestAndDebtExpense": "None", "netIncomeFromContinuingOperations": "1264852000", "comprehensiveIncomeNetOfTax": "None", "ebit": "1691911000", "ebitda": "2196000000", "netIncome": "1270994000"}, {"fiscalDateEnding": "2010-09-30", "reportedCurrency": "USD", "grossProfit": "3829150000", "totalRevenue": "7372333000", "costOfRevenue": "3543183000", "costofGoodsAndServicesSold": "3543183000", "operatingIncome": "1676797000", "sellingGeneralAndAdministrative": "1721356000", "researchAndDevelopment": "430997000", "operatingExpenses": "2152353000", "investmentIncomeNet": "None", "netInterestIncome": "None", "interestIncome": "None", "interestExpense": "51263000", "nonInterestIncome": "None", "otherNonOperatingIncome": "None", "depreciation": "None", "depreciationAndAmortization": "502113000", "incomeBeforeTax": "1661160000", "incomeTaxExpense": "484820000", "interestAndDebtExpense": "None", "netIncomeFromContinuingOperations": "None", "comprehensiveIncomeNetOfTax": "None", "ebit": "1607307000", "ebitda": "2109420000", "netIncome": "1317610000"}, {"fiscalDateEnding": "2009-09-30", "reportedCurrency": "USD", "grossProfit": "3763276000", "totalRevenue": "7160874000", "costOfRevenue": "3397598000", "costofGoodsAndServicesSold": "3397598000", "operatingIncome": "1650353000", "sellingGeneralAndAdministrative": "1704795000", "researchAndDevelopment": "408128000", "operatingExpenses": "2112923000", "investmentIncomeNet": "None", "netInterestIncome": "None", "interestIncome": "None", "interestExpense": "40389000", "nonInterestIncome": "None", "otherNonOperatingIncome": "None", "depreciation": "None", "depreciationAndAmortization": "470193000", "incomeBeforeTax": "1639262000", "incomeTaxExpense": "426208000", "interestAndDebtExpense": "None", "netIncomeFromContinuingOperations": "None", "comprehensiveIncomeNetOfTax": "None", "ebit": "1613391000", "ebitda": "2083584000", "netIncome": "1231603000"}, {"fiscalDateEnding": "2008-09-30", "reportedCurrency": "USD", "grossProfit": "3663349000", "totalRevenue": "7155910000", "costOfRevenue": "3492561000", "costofGoodsAndServicesSold": "3492561000", "operatingIncome": "1552066000", "sellingGeneralAndAdministrative": "1715045000", "researchAndDevelopment": "396238000", "operatingExpenses": "2111283000", "investmentIncomeNet": "None", "netInterestIncome": "None", "interestIncome": "None", "interestExpense": "36343000", "nonInterestIncome": "None", "otherNonOperatingIncome": "None", "depreciation": "None", "depreciationAndAmortization": "477422000", "incomeBeforeTax": "1553607000", "incomeTaxExpense": "425689000", "interestAndDebtExpense": "None", "netIncomeFromContinuingOperations": "None", "comprehensiveIncomeNetOfTax": "None", "ebit": "1553550000", "ebitda": "2030972000", "netIncome": "1126996000"}, {"fiscalDateEnding": "2007-09-30", "reportedCurrency": "USD", "grossProfit": "3287787000", "totalRevenue": "6359708000", "costOfRevenue": "3071921000", "costofGoodsAndServicesSold": "3071921000", "operatingIncome": "1203200000", "sellingGeneralAndAdministrative": "1602404000", "researchAndDevelopment": "360050000", "operatingExpenses": "1962454000", "investmentIncomeNet": "None", "netInterestIncome": "None", "interestIncome": "None", "interestExpense": "0", "nonInterestIncome": "None", "otherNonOperatingIncome": "None", "depreciation": "None", "depreciationAndAmortization": "441341000", "incomeBeforeTax": "1203945000", "incomeTaxExpense": "347778000", "interestAndDebtExpense": "None", "netIncomeFromContinuingOperations": "None", "comprehensiveIncomeNetOfTax": "None", "ebit": "1325333000", "ebitda": "1766674000", "netIncome": "890033000"}, {"fiscalDateEnding": "2006-09-30", "reportedCurrency": "USD", "grossProfit": "2947974000", "totalRevenue": "5834827000", "costOfRevenue": "2886853000", "costofGoodsAndServicesSold": "2886853000", "operatingIncome": "1050469000", "sellingGeneralAndAdministrative": "1537494000", "researchAndDevelopment": "360011000", "operatingExpenses": "1897505000", "investmentIncomeNet": "None", "netInterestIncome": "None", "interestIncome": "None", "interestExpense": "0", "nonInterestIncome": "None", "otherNonOperatingIncome": "None", "depreciation": "None", "depreciationAndAmortization": "405095000", "incomeBeforeTax": "1034957000", "incomeTaxExpense": "279366000", "interestAndDebtExpense": "None", "netIncomeFromContinuingOperations": "None", "comprehensiveIncomeNetOfTax": "None", "ebit": "1059231000", "ebitda": "1464326000", "netIncome": "752280000"}, {"fiscalDateEnding": "2005-09-30", "reportedCurrency": "USD", "grossProfit": "2752652000", "totalRevenue": "5414681000", "costOfRevenue": "2662029000", "costofGoodsAndServicesSold": "2662029000", "operatingIncome": "1030170000", "sellingGeneralAndAdministrative": "1449856000", "researchAndDevelopment": "271626000", "operatingExpenses": "1722482000", "investmentIncomeNet": "None", "netInterestIncome": "None", "interestIncome": "None", "interestExpense": "0", "nonInterestIncome": "None", "otherNonOperatingIncome": "None", "depreciation": "None", "depreciationAndAmortization": "387496000", "incomeBeforeTax": "1004854000", "incomeTaxExpense": "312571000", "interestAndDebtExpense": "None", "netIncomeFromContinuingOperations": "None", "comprehensiveIncomeNetOfTax": "None", "ebit": "1030170000", "ebitda": "1417666000", "netIncome": "722263000"}], "quarterlyReports": [{"fiscalDateEnding": "2024-12-31", "reportedCurrency": "USD", "grossProfit": "2235000000", "totalRevenue": "5168000000", "costOfRevenue": "2933000000", "costofGoodsAndServicesSold": "2933000000", "operatingIncome": "453000000", "sellingGeneralAndAdministrative": "1318000000", "researchAndDevelopment": "343000000", "operatingExpenses": "1782000000", "investmentIncomeNet": "None", "netInterestIncome": "-132000000", "interestIncome": "23000000", "interestExpense": "155000000", "nonInterestIncome": "None", "otherNonOperatingIncome": "None", "depreciation": "None", "depreciationAndAmortization": "-8000000", "incomeBeforeTax": "306000000", "incomeTaxExpense": "3000000", "interestAndDebtExpense": "None", "netIncomeFromContinuingOperations": "303000000", "comprehensiveIncomeNetOfTax": "None", "ebit": "461000000", "ebitda": "453000000", "netIncome": "303000000"}, {"fiscalDateEnding": "2024-09-30", "reportedCurrency": "USD", "grossProfit": "2487000000", "totalRevenue": "5437000000", "costOfRevenue": "2950000000", "costofGoodsAndServicesSold": "2950000000", "operatingIncome": "650000000", "sellingGeneralAndAdministrative": "1256000000", "researchAndDevelopment": "302000000", "operatingExpenses": "1865000000", "investmentIncomeNet": "None", "netInterestIncome": "-100000000", "interestIncome": "55000000", "interestExpense": "155000000", "nonInterestIncome": "None", "otherNonOperatingIncome": "None", "depreciation": "None", "depreciationAndAmortization": "47000000", "incomeBeforeTax": "514000000", "incomeTaxExpense": "114000000", "interestAndDebtExpense": "None", "netIncomeFromContinuingOperations": "400000000", "comprehensiveIncomeNetOfTax": "None", "ebit": "650000000", "ebitda": "697000000", "netIncome": "400000000"}, {"fiscalDateEnding": "2024-06-30", "reportedCurrency": "USD", "grossProfit": "2307000000", "totalRevenue": "4990000000", "costOfRevenue": "2683000000", "costofGoodsAndServicesSold": "2683000000", "operatingIncome": "715000000", "sellingGeneralAndAdministrative": "1196000000", "researchAndDevelopment": "299000000", "operatingExpenses": "1592000000", "investmentIncomeNet": "None", "netInterestIncome": "-89000000", "interestIncome": "48000000", "interestExpense": "137000000", "nonInterestIncome": "None", "otherNonOperatingIncome": "None", "depreciation": "None", "depreciationAndAmortization": "568000000", "incomeBeforeTax": "500000000", "incomeTaxExpense": "13000000", "interestAndDebtExpense": "None", "netIncomeFromContinuingOperations": "487000000", "comprehensiveIncomeNetOfTax": "None", "ebit": "637000000", "ebitda": "1205000000", "netIncome": "487000000"}, {"fiscalDateEnding": "2024-03-31", "reportedCurrency": "USD", "grossProfit": "2304000000", "totalRevenue": "5045000000", "costOfRevenue": "2741000000", "costofGoodsAndServicesSold": "2741000000", "operatingIncome": "835000000", "sellingGeneralAndAdministrative": "1193000000", "researchAndDevelopment": "299000000", "operatingExpenses": "1469000000", "investmentIncomeNet": "None", "netInterestIncome": "-99000000", "interestIncome": "26000000", "interestExpense": "125000000", "nonInterestIncome": "None", "otherNonOperatingIncome": "None", "depreciation": "None", "depreciationAndAmortization": "571000000", "incomeBeforeTax": "633000000", "incomeTaxExpense": "96000000", "interestAndDebtExpense": "None", "netIncomeFromContinuingOperations": "537000000", "comprehensiveIncomeNetOfTax": "None", "ebit": "758000000", "ebitda": "1329000000", "netIncome": "537000000"}, {"fiscalDateEnding": "2023-12-31", "reportedCurrency": "USD", "grossProfit": "2027000000", "totalRevenue": "4706000000", "costOfRevenue": "2679000000", "costofGoodsAndServicesSold": "2679000000", "operatingIncome": "439000000", "sellingGeneralAndAdministrative": "1213000000", "researchAndDevelopment": "290000000", "operatingExpenses": "1503000000", "investmentIncomeNet": "None", "netInterestIncome": "-77000000", "interestIncome": "34000000", "interestExpense": "111000000", "nonInterestIncome": "None", "otherNonOperatingIncome": "None", "depreciation": "None", "depreciationAndAmortization": "561000000", "incomeBeforeTax": "359000000", "incomeTaxExpense": "77000000", "interestAndDebtExpense": "None", "netIncomeFromContinuingOperations": "281000000", "comprehensiveIncomeNetOfTax": "None", "ebit": "468000000", "ebitda": "1029000000", "netIncome": "281000000"}, {"fiscalDateEnding": "2023-09-30", "reportedCurrency": "USD", "grossProfit": "1701000000", "totalRevenue": "5087000000", "costOfRevenue": "3386000000", "costofGoodsAndServicesSold": "3386000000", "operatingIncome": "349000000", "sellingGeneralAndAdministrative": "1137000000", "researchAndDevelopment": "281000000", "operatingExpenses": "1215000000", "investmentIncomeNet": "None", "netInterestIncome": "-105000000", "interestIncome": "9000000", "interestExpense": "114000000", "nonInterestIncome": "None", "otherNonOperatingIncome": "None", "depreciation": "None", "depreciationAndAmortization": "460000000", "incomeBeforeTax": "181000000", "incomeTaxExpense": "27000000", "interestAndDebtExpense": "None", "netIncomeFromContinuingOperations": "154000000", "comprehensiveIncomeNetOfTax": "None", "ebit": "294000000", "ebitda": "754000000", "netIncome": "108000000"}, {"fiscalDateEnding": "2023-06-30", "reportedCurrency": "USD", "grossProfit": "2100000000", "totalRevenue": "4878000000", "costOfRevenue": "2778000000", "costofGoodsAndServicesSold": "2778000000", "operatingIncome": "549000000", "sellingGeneralAndAdministrative": "1190000000", "researchAndDevelopment": "306000000", "operatingExpenses": "1483000000", "investmentIncomeNet": "None", "netInterestIncome": "-95000000", "interestIncome": "24000000", "interestExpense": "119000000", "nonInterestIncome": "None", "otherNonOperatingIncome": "41000000", "depreciation": "None", "depreciationAndAmortization": "571000000", "incomeBeforeTax": "471000000", "incomeTaxExpense": "64000000", "interestAndDebtExpense": "None", "netIncomeFromContinuingOperations": "407000000", "comprehensiveIncomeNetOfTax": "None", "ebit": "588000000", "ebitda": "1159000000", "netIncome": "407000000"}, {"fiscalDateEnding": "2023-03-31", "reportedCurrency": "USD", "grossProfit": "2235000000", "totalRevenue": "4821000000", "costOfRevenue": "2586000000", "costofGoodsAndServicesSold": "2586000000", "operatingIncome": "628000000", "sellingGeneralAndAdministrative": "1205000000", "researchAndDevelopment": "337000000", "operatingExpenses": "1607000000", "investmentIncomeNet": "None", "netInterestIncome": "-108000000", "interestIncome": "10000000", "interestExpense": "118000000", "nonInterestIncome": "None", "otherNonOperatingIncome": "18000000", "depreciation": "None", "depreciationAndAmortization": "563000000", "incomeBeforeTax": "529000000", "incomeTaxExpense": "68000000", "interestAndDebtExpense": "None", "netIncomeFromContinuingOperations": "461000000", "comprehensiveIncomeNetOfTax": "None", "ebit": "681000000", "ebitda": "1244000000", "netIncome": "460000000"}, {"fiscalDateEnding": "2022-12-31", "reportedCurrency": "USD", "grossProfit": "2133000000", "totalRevenue": "4586000000", "costOfRevenue": "2453000000", "costofGoodsAndServicesSold": "2453000000", "operatingIncome": "585000000", "sellingGeneralAndAdministrative": "1187000000", "researchAndDevelopment": "313000000", "operatingExpenses": "1548000000", "investmentIncomeNet": "None", "netInterestIncome": "-96000000", "interestIncome": "96000000", "interestExpense": "102000000", "nonInterestIncome": "None", "otherNonOperatingIncome": "-2000000", "depreciation": "None", "depreciationAndAmortization": "567000000", "incomeBeforeTax": "481000000", "incomeTaxExpense": "-28000000", "interestAndDebtExpense": "None", "netIncomeFromContinuingOperations": "509000000", "comprehensiveIncomeNetOfTax": "None", "ebit": "583000000", "ebitda": "1150000000", "netIncome": "509000000"}, {"fiscalDateEnding": "2022-09-30", "reportedCurrency": "USD", "grossProfit": "2076000000", "totalRevenue": "4761000000", "costOfRevenue": "2685000000", "costofGoodsAndServicesSold": "2685000000", "operatingIncome": "-82000000", "sellingGeneralAndAdministrative": "1182000000", "researchAndDevelopment": "300000000", "operatingExpenses": "1512000000", "investmentIncomeNet": "None", "netInterestIncome": "-97000000", "interestIncome": "7000000", "interestExpense": "104000000", "nonInterestIncome": "None", "otherNonOperatingIncome": "-66000000", "depreciation": "None", "depreciationAndAmortization": "454000000", "incomeBeforeTax": "321000000", "incomeTaxExpense": "33000000", "interestAndDebtExpense": "None", "netIncomeFromContinuingOperations": "287000000", "comprehensiveIncomeNetOfTax": "None", "ebit": "155000000", "ebitda": "609000000", "netIncome": "287000000"}, {"fiscalDateEnding": "2022-06-30", "reportedCurrency": "USD", "grossProfit": "2067000000", "totalRevenue": "4641000000", "costOfRevenue": "2574000000", "costofGoodsAndServicesSold": "2574000000", "operatingIncome": "537000000", "sellingGeneralAndAdministrative": "1149000000", "researchAndDevelopment": "315000000", "operatingExpenses": "1475000000", "investmentIncomeNet": "None", "netInterestIncome": "-94000000", "interestIncome": "5000000", "interestExpense": "99000000", "nonInterestIncome": "None", "otherNonOperatingIncome": "-16000000", "depreciation": "None", "depreciationAndAmortization": "534000000", "incomeBeforeTax": "421000000", "incomeTaxExpense": "31000000", "interestAndDebtExpense": "None", "netIncomeFromContinuingOperations": "390000000", "comprehensiveIncomeNetOfTax": "None", "ebit": "521000000", "ebitda": "1055000000", "netIncome": "360000000"}, {"fiscalDateEnding": "2022-03-31", "reportedCurrency": "USD", "grossProfit": "2305000000", "totalRevenue": "5011000000", "costOfRevenue": "2706000000", "costofGoodsAndServicesSold": "2706000000", "operatingIncome": "652000000", "sellingGeneralAndAdministrative": "1232000000", "researchAndDevelopment": "343000000", "operatingExpenses": "1624000000", "investmentIncomeNet": "None", "netInterestIncome": "-99000000", "interestIncome": "2000000", "interestExpense": "101000000", "nonInterestIncome": "None", "otherNonOperatingIncome": "-25000000", "depreciation": "None", "depreciationAndAmortization": "557000000", "incomeBeforeTax": "525000000", "incomeTaxExpense": "71000000", "interestAndDebtExpense": "None", "netIncomeFromContinuingOperations": "454000000", "comprehensiveIncomeNetOfTax": "None", "ebit": "628000000", "ebitda": "1185000000", "netIncome": "454000000"}, {"fiscalDateEnding": "2021-12-31", "reportedCurrency": "USD", "grossProfit": "2220000000", "totalRevenue": "4718000000", "costOfRevenue": "2498000000", "costofGoodsAndServicesSold": "2498000000", "operatingIncome": "692000000", "sellingGeneralAndAdministrative": "1223000000", "researchAndDevelopment": "314000000", "operatingExpenses": "1495000000", "investmentIncomeNet": "None", "netInterestIncome": "-96000000", "interestIncome": "79000000", "interestExpense": "98000000", "nonInterestIncome": "None", "otherNonOperatingIncome": "6000000", "depreciation": "None", "depreciationAndAmortization": "557000000", "incomeBeforeTax": "600000000", "incomeTaxExpense": "32000000", "interestAndDebtExpense": "None", "netIncomeFromContinuingOperations": "677000000", "comprehensiveIncomeNetOfTax": "None", "ebit": "822000000", "ebitda": "1379000000", "netIncome": "677000000"}, {"fiscalDateEnding": "2021-09-30", "reportedCurrency": "USD", "grossProfit": "2287000000", "totalRevenue": "5135000000", "costOfRevenue": "2848000000", "costofGoodsAndServicesSold": "2848000000", "operatingIncome": "495000000", "sellingGeneralAndAdministrative": "1332000000", "researchAndDevelopment": "387000000", "operatingExpenses": "1733000000", "investmentIncomeNet": "None", "netInterestIncome": "-109000000", "interestIncome": "109000000", "interestExpense": "111000000", "nonInterestIncome": "None", "otherNonOperatingIncome": "-117000000", "depreciation": "None", "depreciationAndAmortization": "592000000", "incomeBeforeTax": "266000000", "incomeTaxExpense": "1000000", "interestAndDebtExpense": "None", "netIncomeFromContinuingOperations": "265000000", "comprehensiveIncomeNetOfTax": "None", "ebit": "377000000", "ebitda": "969000000", "netIncome": "265000000"}, {"fiscalDateEnding": "2021-06-30", "reportedCurrency": "USD", "grossProfit": "2161000000", "totalRevenue": "4890000000", "costOfRevenue": "2729000000", "costofGoodsAndServicesSold": "2729000000", "operatingIncome": "628000000", "sellingGeneralAndAdministrative": "1237000000", "researchAndDevelopment": "344000000", "operatingExpenses": "1509000000", "investmentIncomeNet": "None", "netInterestIncome": "-113000000", "interestIncome": "2000000", "interestExpense": "115000000", "nonInterestIncome": "None", "otherNonOperatingIncome": "1000000", "depreciation": "None", "depreciationAndAmortization": "568000000", "incomeBeforeTax": "514000000", "incomeTaxExpense": "-11000000", "interestAndDebtExpense": "None", "netIncomeFromContinuingOperations": "525000000", "comprehensiveIncomeNetOfTax": "None", "ebit": "629000000", "ebitda": "1197000000", "netIncome": "525000000"}, {"fiscalDateEnding": "2021-03-31", "reportedCurrency": "USD", "grossProfit": "2246000000", "totalRevenue": "4907000000", "costOfRevenue": "2661000000", "costofGoodsAndServicesSold": "2661000000", "operatingIncome": "434000000", "sellingGeneralAndAdministrative": "1148000000", "researchAndDevelopment": "317000000", "operatingExpenses": "1761000000", "investmentIncomeNet": "None", "netInterestIncome": "-122000000", "interestIncome": "2000000", "interestExpense": "124000000", "nonInterestIncome": "None", "otherNonOperatingIncome": "-6000000", "depreciation": "None", "depreciationAndAmortization": "558000000", "incomeBeforeTax": "305000000", "incomeTaxExpense": "6000000", "interestAndDebtExpense": "None", "netIncomeFromContinuingOperations": "299000000", "comprehensiveIncomeNetOfTax": "None", "ebit": "427000000", "ebitda": "985000000", "netIncome": "299000000"}, {"fiscalDateEnding": "2020-12-31", "reportedCurrency": "USD", "grossProfit": "2732000000", "totalRevenue": "5315000000", "costOfRevenue": "2583000000", "costofGoodsAndServicesSold": "2583000000", "operatingIncome": "1241000000", "sellingGeneralAndAdministrative": "1149000000", "researchAndDevelopment": "291000000", "operatingExpenses": "1440000000", "investmentIncomeNet": "None", "netInterestIncome": "-116000000", "interestIncome": "2000000", "interestExpense": "118000000", "nonInterestIncome": "None", "otherNonOperatingIncome": "34000000", "depreciation": "None", "depreciationAndAmortization": "555000000", "incomeBeforeTax": "1157000000", "incomeTaxExpense": "154000000", "interestAndDebtExpense": "None", "netIncomeFromContinuingOperations": "1003000000", "comprehensiveIncomeNetOfTax": "None", "ebit": "1276000000", "ebitda": "1831000000", "netIncome": "1003000000"}, {"fiscalDateEnding": "2020-09-30", "reportedCurrency": "USD", "grossProfit": "2206000000", "totalRevenue": "4784000000", "costOfRevenue": "2578000000", "costofGoodsAndServicesSold": "2578000000", "operatingIncome": "254000000", "sellingGeneralAndAdministrative": "1192000000", "researchAndDevelopment": "299000000", "operatingExpenses": "1877000000", "investmentIncomeNet": "None", "netInterestIncome": "-121000000", "interestIncome": "121000000", "interestExpense": "123000000", "nonInterestIncome": "None", "otherNonOperatingIncome": "13000000", "depreciation": "None", "depreciationAndAmortization": "553000000", "incomeBeforeTax": "143000000", "incomeTaxExpense": "16000000", "interestAndDebtExpense": "None", "netIncomeFromContinuingOperations": "128000000", "comprehensiveIncomeNetOfTax": "None", "ebit": "266000000", "ebitda": "819000000", "netIncome": "128000000"}, {"fiscalDateEnding": "2020-06-30", "reportedCurrency": "USD", "grossProfit": "1660000000", "totalRevenue": "3855000000", "costOfRevenue": "2195000000", "costofGoodsAndServicesSold": "2195000000", "operatingIncome": "358000000", "sellingGeneralAndAdministrative": "980000000", "researchAndDevelopment": "262000000", "operatingExpenses": "1227000000", "investmentIncomeNet": "None", "netInterestIncome": "-133000000", "interestIncome": "2000000", "interestExpense": "135000000", "nonInterestIncome": "None", "otherNonOperatingIncome": "25000000", "depreciation": "None", "depreciationAndAmortization": "534000000", "incomeBeforeTax": "248000000", "incomeTaxExpense": "-38000000", "interestAndDebtExpense": "None", "netIncomeFromContinuingOperations": "286000000", "comprehensiveIncomeNetOfTax": "None", "ebit": "383000000", "ebitda": "917000000", "netIncome": "286000000"}, {"fiscalDateEnding": "2020-03-31", "reportedCurrency": "USD", "grossProfit": "1733000000", "totalRevenue": "4253000000", "costOfRevenue": "2520000000", "costofGoodsAndServicesSold": "2520000000", "operatingIncome": "370000000", "sellingGeneralAndAdministrative": "1025000000", "researchAndDevelopment": "264000000", "operatingExpenses": "1289000000", "investmentIncomeNet": "None", "netInterestIncome": "-132000000", "interestIncome": "2000000", "interestExpense": "134000000", "nonInterestIncome": "None", "otherNonOperatingIncome": "-36000000", "depreciation": "None", "depreciationAndAmortization": "537000000", "incomeBeforeTax": "200000000", "incomeTaxExpense": "17000000", "interestAndDebtExpense": "None", "netIncomeFromContinuingOperations": "183000000", "comprehensiveIncomeNetOfTax": "None", "ebit": "333000000", "ebitda": "870000000", "netIncome": "183000000"}, {"fiscalDateEnding": "2019-12-31", "reportedCurrency": "USD", "grossProfit": "1978000000", "totalRevenue": "4225000000", "costOfRevenue": "2247000000", "costofGoodsAndServicesSold": "2247000000", "operatingIncome": "501000000", "sellingGeneralAndAdministrative": "1121000000", "researchAndDevelopment": "270000000", "operatingExpenses": "1391000000", "investmentIncomeNet": "None", "netInterestIncome": "-135000000", "interestIncome": "1000000", "interestExpense": "136000000", "nonInterestIncome": "None", "otherNonOperatingIncome": "28000000", "depreciation": "None", "depreciationAndAmortization": "530000000", "incomeBeforeTax": "394000000", "incomeTaxExpense": "117000000", "interestAndDebtExpense": "None", "netIncomeFromContinuingOperations": "277000000", "comprehensiveIncomeNetOfTax": "None", "ebit": "529000000", "ebitda": "1059000000", "netIncome": "278000000"}, {"fiscalDateEnding": "2019-09-30", "reportedCurrency": "USD", "grossProfit": "2266000000", "totalRevenue": "4584000000", "costOfRevenue": "2318000000", "costofGoodsAndServicesSold": "2318000000", "operatingIncome": "111000000", "sellingGeneralAndAdministrative": "1096000000", "researchAndDevelopment": "270000000", "operatingExpenses": "1956000000", "investmentIncomeNet": "None", "netInterestIncome": "-137000000", "interestIncome": "137000000", "interestExpense": "141000000", "nonInterestIncome": "None", "otherNonOperatingIncome": "None", "depreciation": "None", "depreciationAndAmortization": "553000000", "incomeBeforeTax": "-15000000", "incomeTaxExpense": "-164000000", "interestAndDebtExpense": "None", "netIncomeFromContinuingOperations": "162000000", "comprehensiveIncomeNetOfTax": "None", "ebit": "126000000", "ebitda": "679000000", "netIncome": "150000000"}, {"fiscalDateEnding": "2019-06-30", "reportedCurrency": "USD", "grossProfit": "2074000000", "totalRevenue": "4350000000", "costOfRevenue": "2276000000", "costofGoodsAndServicesSold": "2276000000", "operatingIncome": "626000000", "sellingGeneralAndAdministrative": "1076000000", "researchAndDevelopment": "282000000", "operatingExpenses": "1358000000", "investmentIncomeNet": "None", "netInterestIncome": "-154000000", "interestIncome": "2000000", "interestExpense": "156000000", "nonInterestIncome": "None", "otherNonOperatingIncome": "-9000000", "depreciation": "None", "depreciationAndAmortization": "574000000", "incomeBeforeTax": "460000000", "incomeTaxExpense": "9000000", "interestAndDebtExpense": "None", "netIncomeFromContinuingOperations": "451000000", "comprehensiveIncomeNetOfTax": "None", "ebit": "617000000", "ebitda": "1191000000", "netIncome": "451000000"}, {"fiscalDateEnding": "2019-03-31", "reportedCurrency": "USD", "grossProfit": "1974000000", "totalRevenue": "4195000000", "costOfRevenue": "2221000000", "costofGoodsAndServicesSold": "2221000000", "operatingIncome": "136000000", "sellingGeneralAndAdministrative": "1089000000", "researchAndDevelopment": "252000000", "operatingExpenses": "1737000000", "investmentIncomeNet": "None", "netInterestIncome": "-153000000", "interestIncome": "153000000", "interestExpense": "171000000", "nonInterestIncome": "None", "otherNonOperatingIncome": "38000000", "depreciation": "None", "depreciationAndAmortization": "563000000", "incomeBeforeTax": "3000000", "incomeTaxExpense": "-17000000", "interestAndDebtExpense": "None", "netIncomeFromContinuingOperations": "20000000", "comprehensiveIncomeNetOfTax": "None", "ebit": "174000000", "ebitda": "737000000", "netIncome": "20000000"}, {"fiscalDateEnding": "2018-12-31", "reportedCurrency": "USD", "grossProfit": "1973000000", "totalRevenue": "4160000000", "costOfRevenue": "2187000000", "costofGoodsAndServicesSold": "2187000000", "operatingIncome": "888000000", "sellingGeneralAndAdministrative": "1073000000", "researchAndDevelopment": "258000000", "operatingExpenses": "996000000", "investmentIncomeNet": "None", "netInterestIncome": "None", "interestIncome": "None", "interestExpense": "183000000", "nonInterestIncome": "None", "otherNonOperatingIncome": "-2000000", "depreciation": "None", "depreciationAndAmortization": "563000000", "incomeBeforeTax": "714000000", "incomeTaxExpense": "115000000", "interestAndDebtExpense": "None", "netIncomeFromContinuingOperations": "599000000", "comprehensiveIncomeNetOfTax": "None", "ebit": "884000000", "ebitda": "1447000000", "netIncome": "599000000"}, {"fiscalDateEnding": "2018-09-30", "reportedCurrency": "USD", "grossProfit": "2091000000", "totalRevenue": "4402000000", "costOfRevenue": "2311000000", "costofGoodsAndServicesSold": "2311000000", "operatingIncome": "570000000", "sellingGeneralAndAdministrative": "1103000000", "researchAndDevelopment": "278000000", "operatingExpenses": "1381000000", "investmentIncomeNet": "None", "netInterestIncome": "None", "interestIncome": "None", "interestExpense": "181000000", "nonInterestIncome": "None", "otherNonOperatingIncome": "26000000", "depreciation": "None", "depreciationAndAmortization": "566000000", "incomeBeforeTax": "415000000", "incomeTaxExpense": "550000000", "interestAndDebtExpense": "None", "netIncomeFromContinuingOperations": "-135000000", "comprehensiveIncomeNetOfTax": "None", "ebit": "595000000", "ebitda": "1161000000", "netIncome": "-135000000"}, {"fiscalDateEnding": "2018-06-30", "reportedCurrency": "USD", "grossProfit": "2016000000", "totalRevenue": "4278000000", "costOfRevenue": "2262000000", "costofGoodsAndServicesSold": "2262000000", "operatingIncome": "513000000", "sellingGeneralAndAdministrative": "1081000000", "researchAndDevelopment": "277000000", "operatingExpenses": "1358000000", "investmentIncomeNet": "None", "netInterestIncome": "None", "interestIncome": "None", "interestExpense": "182000000", "nonInterestIncome": "None", "otherNonOperatingIncome": "316000000", "depreciation": "None", "depreciationAndAmortization": "568000000", "incomeBeforeTax": "647000000", "incomeTaxExpense": "53000000", "interestAndDebtExpense": "None", "netIncomeFromContinuingOperations": "594000000", "comprehensiveIncomeNetOfTax": "None", "ebit": "829000000", "ebitda": "1397000000", "netIncome": "594000000"}, {"fiscalDateEnding": "2018-03-31", "reportedCurrency": "USD", "grossProfit": "1603000000", "totalRevenue": "4222000000", "costOfRevenue": "2619000000", "costofGoodsAndServicesSold": "2619000000", "operatingIncome": "183000000", "sellingGeneralAndAdministrative": "1057000000", "researchAndDevelopment": "260000000", "operatingExpenses": "1317000000", "investmentIncomeNet": "None", "netInterestIncome": "None", "interestIncome": "None", "interestExpense": "185000000", "nonInterestIncome": "None", "otherNonOperatingIncome": "8000000", "depreciation": "None", "depreciationAndAmortization": "553000000", "incomeBeforeTax": "6000000", "incomeTaxExpense": "18000000", "interestAndDebtExpense": "None", "netIncomeFromContinuingOperations": "-12000000", "comprehensiveIncomeNetOfTax": "None", "ebit": "191000000", "ebitda": "744000000", "netIncome": "-12000000"}, {"fiscalDateEnding": "2017-12-31", "reportedCurrency": "USD", "grossProfit": "1550000000", "totalRevenue": "3080000000", "costOfRevenue": "1530000000", "costofGoodsAndServicesSold": "1530000000", "operatingIncome": "230000000", "sellingGeneralAndAdministrative": "774000000", "researchAndDevelopment": "192000000", "operatingExpenses": "966000000", "investmentIncomeNet": "None", "netInterestIncome": "None", "interestIncome": "None", "interestExpense": "158000000", "nonInterestIncome": "None", "otherNonOperatingIncome": "33000000", "depreciation": "None", "depreciationAndAmortization": "291000000", "incomeBeforeTax": "105000000", "incomeTaxExpense": "241000000", "interestAndDebtExpense": "None", "netIncomeFromContinuingOperations": "-136000000", "comprehensiveIncomeNetOfTax": "None", "ebit": "264000000", "ebitda": "555000000", "netIncome": "-136000000"}, {"fiscalDateEnding": "2017-09-30", "reportedCurrency": "USD", "grossProfit": "1554000000", "totalRevenue": "3166000000", "costOfRevenue": "1612000000", "costofGoodsAndServicesSold": "1612000000", "operatingIncome": "443000000", "sellingGeneralAndAdministrative": "774000000", "researchAndDevelopment": "221000000", "operatingExpenses": "1000000000", "investmentIncomeNet": "None", "netInterestIncome": "None", "interestIncome": "None", "interestExpense": "156000000", "nonInterestIncome": "None", "otherNonOperatingIncome": "38000000", "depreciation": "None", "depreciationAndAmortization": "286000000", "incomeBeforeTax": "326000000", "incomeTaxExpense": "-1000000", "interestAndDebtExpense": "None", "netIncomeFromContinuingOperations": "328000000", "comprehensiveIncomeNetOfTax": "None", "ebit": "482000000", "ebitda": "768000000", "netIncome": "327000000"}, {"fiscalDateEnding": "2017-06-30", "reportedCurrency": "USD", "grossProfit": "1503000000", "totalRevenue": "3035000000", "costOfRevenue": "1532000000", "costofGoodsAndServicesSold": "1532000000", "operatingIncome": "-223000000", "sellingGeneralAndAdministrative": "719000000", "researchAndDevelopment": "186000000", "operatingExpenses": "1646000000", "investmentIncomeNet": "None", "netInterestIncome": "None", "interestIncome": "None", "interestExpense": "184000000", "nonInterestIncome": "None", "otherNonOperatingIncome": "3000000", "depreciation": "None", "depreciationAndAmortization": "279000000", "incomeBeforeTax": "-404000000", "incomeTaxExpense": "-271000000", "interestAndDebtExpense": "None", "netIncomeFromContinuingOperations": "-133000000", "comprehensiveIncomeNetOfTax": "None", "ebit": "-223000000", "ebitda": "56000000", "netIncome": "-132000000"}, {"fiscalDateEnding": "2017-03-31", "reportedCurrency": "USD", "grossProfit": "1432000000", "totalRevenue": "2969000000", "costOfRevenue": "1537000000", "costofGoodsAndServicesSold": "1537000000", "operatingIncome": "446000000", "sellingGeneralAndAdministrative": "724000000", "researchAndDevelopment": "187000000", "operatingExpenses": "911000000", "investmentIncomeNet": "None", "netInterestIncome": "None", "interestIncome": "None", "interestExpense": "86000000", "nonInterestIncome": "None", "otherNonOperatingIncome": "2000000", "depreciation": "None", "depreciationAndAmortization": "261000000", "incomeBeforeTax": "362000000", "incomeTaxExpense": "18000000", "interestAndDebtExpense": "None", "netIncomeFromContinuingOperations": "344000000", "comprehensiveIncomeNetOfTax": "None", "ebit": "445000000", "ebitda": "706000000", "netIncome": "344000000"}, {"fiscalDateEnding": "2016-12-31", "reportedCurrency": "USD", "grossProfit": "1452000000", "totalRevenue": "2922000000", "costOfRevenue": "1470000000", "costofGoodsAndServicesSold": "1470000000", "operatingIncome": "811000000", "sellingGeneralAndAdministrative": "709000000", "researchAndDevelopment": "182000000", "operatingExpenses": "555000000", "investmentIncomeNet": "None", "netInterestIncome": "None", "interestIncome": "None", "interestExpense": "95000000", "nonInterestIncome": "None", "otherNonOperatingIncome": "-24000000", "depreciation": "None", "depreciationAndAmortization": "262000000", "incomeBeforeTax": "692000000", "incomeTaxExpense": "131000000", "interestAndDebtExpense": "None", "netIncomeFromContinuingOperations": "561000000", "comprehensiveIncomeNetOfTax": "None", "ebit": "780000000", "ebitda": "1042000000", "netIncome": "562000000"}, {"fiscalDateEnding": "2016-09-30", "reportedCurrency": "USD", "grossProfit": "1552000000", "totalRevenue": "3231000000", "costOfRevenue": "1679000000", "costofGoodsAndServicesSold": "1679000000", "operatingIncome": "96000000", "sellingGeneralAndAdministrative": "796000000", "researchAndDevelopment": "253000000", "operatingExpenses": "1049000000", "investmentIncomeNet": "None", "netInterestIncome": "None", "interestIncome": "None", "interestExpense": "95000000", "nonInterestIncome": "None", "otherNonOperatingIncome": "7000000", "depreciation": "None", "depreciationAndAmortization": "273000000", "incomeBeforeTax": "9000000", "incomeTaxExpense": "-10000000", "interestAndDebtExpense": "None", "netIncomeFromContinuingOperations": "20000000", "comprehensiveIncomeNetOfTax": "None", "ebit": "109000000", "ebitda": "382000000", "netIncome": "19000000"}, {"fiscalDateEnding": "2016-06-30", "reportedCurrency": "USD", "grossProfit": "1547000000", "totalRevenue": "3198000000", "costOfRevenue": "1651000000", "costofGoodsAndServicesSold": "1651000000", "operatingIncome": "516000000", "sellingGeneralAndAdministrative": "728000000", "researchAndDevelopment": "207000000", "operatingExpenses": "935000000", "investmentIncomeNet": "None", "netInterestIncome": "None", "interestIncome": "None", "interestExpense": "97000000", "nonInterestIncome": "None", "otherNonOperatingIncome": "4000000", "depreciation": "None", "depreciationAndAmortization": "272000000", "incomeBeforeTax": "422000000", "incomeTaxExpense": "32000000", "interestAndDebtExpense": "None", "netIncomeFromContinuingOperations": "390000000", "comprehensiveIncomeNetOfTax": "None", "ebit": "519000000", "ebitda": "791000000", "netIncome": "390000000"}, {"fiscalDateEnding": "2016-03-31", "reportedCurrency": "USD", "grossProfit": "1483000000", "totalRevenue": "3067000000", "costOfRevenue": "1584000000", "costofGoodsAndServicesSold": "1584000000", "operatingIncome": "466000000", "sellingGeneralAndAdministrative": "732000000", "researchAndDevelopment": "182000000", "operatingExpenses": "914000000", "investmentIncomeNet": "None", "netInterestIncome": "None", "interestIncome": "None", "interestExpense": "99000000", "nonInterestIncome": "None", "otherNonOperatingIncome": "9000000", "depreciation": "None", "depreciationAndAmortization": "280000000", "incomeBeforeTax": "376000000", "incomeTaxExpense": "38000000", "interestAndDebtExpense": "None", "netIncomeFromContinuingOperations": "338000000", "comprehensiveIncomeNetOfTax": "None", "ebit": "475000000", "ebitda": "755000000", "netIncome": "338000000"}, {"fiscalDateEnding": "2015-12-31", "reportedCurrency": "USD", "grossProfit": "1408000000", "totalRevenue": "2986000000", "costOfRevenue": "1578000000", "costofGoodsAndServicesSold": "1578000000", "operatingIncome": "352000000", "sellingGeneralAndAdministrative": "748000000", "researchAndDevelopment": "187000000", "operatingExpenses": "935000000", "investmentIncomeNet": "None", "netInterestIncome": "None", "interestIncome": "None", "interestExpense": "97000000", "nonInterestIncome": "None", "otherNonOperatingIncome": "12000000", "depreciation": "None", "depreciationAndAmortization": "289000000", "incomeBeforeTax": "266000000", "incomeTaxExpense": "37000000", "interestAndDebtExpense": "None", "netIncomeFromContinuingOperations": "229000000", "comprehensiveIncomeNetOfTax": "None", "ebit": "363000000", "ebitda": "652000000", "netIncome": "229000000"}, {"fiscalDateEnding": "2015-09-30", "reportedCurrency": "USD", "grossProfit": "1429000000", "totalRevenue": "3059000000", "costOfRevenue": "1630000000", "costofGoodsAndServicesSold": "1630000000", "operatingIncome": "296000000", "sellingGeneralAndAdministrative": "743000000", "researchAndDevelopment": "196000000", "operatingExpenses": "952000000", "investmentIncomeNet": "None", "netInterestIncome": "None", "interestIncome": "None", "interestExpense": "104000000", "nonInterestIncome": "None", "otherNonOperatingIncome": "None", "depreciation": "None", "depreciationAndAmortization": "315000000", "incomeBeforeTax": "190000000", "incomeTaxExpense": "9000000", "interestAndDebtExpense": "None", "netIncomeFromContinuingOperations": "695000000", "comprehensiveIncomeNetOfTax": "None", "ebit": "289000000", "ebitda": "604000000", "netIncome": "181000000"}, {"fiscalDateEnding": "2015-06-30", "reportedCurrency": "USD", "grossProfit": "1188000000", "totalRevenue": "3120000000", "costOfRevenue": "1932000000", "costofGoodsAndServicesSold": "1932000000", "operatingIncome": "137000000", "sellingGeneralAndAdministrative": "764000000", "researchAndDevelopment": "178000000", "operatingExpenses": "942000000", "investmentIncomeNet": "None", "netInterestIncome": "None", "interestIncome": "None", "interestExpense": "105000000", "nonInterestIncome": "None", "otherNonOperatingIncome": "7000000", "depreciation": "None", "depreciationAndAmortization": "299000000", "incomeBeforeTax": "39000000", "incomeTaxExpense": "-23000000", "interestAndDebtExpense": "None", "netIncomeFromContinuingOperations": "62000000", "comprehensiveIncomeNetOfTax": "None", "ebit": "144000000", "ebitda": "443000000", "netIncome": "62000000"}, {"fiscalDateEnding": "2015-03-31", "reportedCurrency": "USD", "grossProfit": "1046000000", "totalRevenue": "2051000000", "costOfRevenue": "1005000000", "costofGoodsAndServicesSold": "1005000000", "operatingIncome": "293000000", "sellingGeneralAndAdministrative": "511000000", "researchAndDevelopment": "129000000", "operatingExpenses": "640000000", "investmentIncomeNet": "None", "netInterestIncome": "None", "interestIncome": "None", "interestExpense": "91000000", "nonInterestIncome": "None", "otherNonOperatingIncome": "23000000", "depreciation": "None", "depreciationAndAmortization": "138000000", "incomeBeforeTax": "225000000", "incomeTaxExpense": "9000000", "interestAndDebtExpense": "None", "netIncomeFromContinuingOperations": "216000000", "comprehensiveIncomeNetOfTax": "None", "ebit": "316000000", "ebitda": "454000000", "netIncome": "216000000"}, {"fiscalDateEnding": "2014-12-31", "reportedCurrency": "USD", "grossProfit": "1045000000", "totalRevenue": "2051000000", "costOfRevenue": "1006000000", "costofGoodsAndServicesSold": "1006000000", "operatingIncome": "349000000", "sellingGeneralAndAdministrative": "544000000", "researchAndDevelopment": "129000000", "operatingExpenses": "673000000", "investmentIncomeNet": "None", "netInterestIncome": "None", "interestIncome": "None", "interestExpense": "76000000", "nonInterestIncome": "None", "otherNonOperatingIncome": "12000000", "depreciation": "None", "depreciationAndAmortization": "139000000", "incomeBeforeTax": "285000000", "incomeTaxExpense": "50000000", "interestAndDebtExpense": "None", "netIncomeFromContinuingOperations": "235000000", "comprehensiveIncomeNetOfTax": "None", "ebit": "361000000", "ebitda": "500000000", "netIncome": "236000000"}, {"fiscalDateEnding": "2014-09-30", "reportedCurrency": "USD", "grossProfit": "1103000000", "totalRevenue": "2202000000", "costOfRevenue": "1099000000", "costofGoodsAndServicesSold": "1099000000", "operatingIncome": "401000000", "sellingGeneralAndAdministrative": "561000000", "researchAndDevelopment": "140000000", "operatingExpenses": "701000000", "investmentIncomeNet": "None", "netInterestIncome": "None", "interestIncome": "None", "interestExpense": "36000000", "nonInterestIncome": "None", "otherNonOperatingIncome": "11000000", "depreciation": "None", "depreciationAndAmortization": "149000000", "incomeBeforeTax": "376000000", "incomeTaxExpense": "76000000", "interestAndDebtExpense": "None", "netIncomeFromContinuingOperations": "301000000", "comprehensiveIncomeNetOfTax": "None", "ebit": "263000000", "ebitda": "412000000", "netIncome": "301000000"}, {"fiscalDateEnding": "2014-06-30", "reportedCurrency": "USD", "grossProfit": "1111000000", "totalRevenue": "2157000000", "costOfRevenue": "1046000000", "costofGoodsAndServicesSold": "1046000000", "operatingIncome": "445000000", "sellingGeneralAndAdministrative": "528000000", "researchAndDevelopment": "137000000", "operatingExpenses": "665000000", "investmentIncomeNet": "None", "netInterestIncome": "None", "interestIncome": "None", "interestExpense": "33000000", "nonInterestIncome": "None", "otherNonOperatingIncome": "10000000", "depreciation": "None", "depreciationAndAmortization": "141000000", "incomeBeforeTax": "423000000", "incomeTaxExpense": "97000000", "interestAndDebtExpense": "None", "netIncomeFromContinuingOperations": "326000000", "comprehensiveIncomeNetOfTax": "None", "ebit": "456000000", "ebitda": "597000000", "netIncome": "326000000"}, {"fiscalDateEnding": "2014-03-31", "reportedCurrency": "USD", "grossProfit": "1053000000", "totalRevenue": "2072000000", "costOfRevenue": "1019000000", "costofGoodsAndServicesSold": "1019000000", "operatingIncome": "381000000", "sellingGeneralAndAdministrative": "525000000", "researchAndDevelopment": "147000000", "operatingExpenses": "672000000", "investmentIncomeNet": "None", "netInterestIncome": "None", "interestIncome": "None", "interestExpense": "33000000", "nonInterestIncome": "None", "otherNonOperatingIncome": "15000000", "depreciation": "None", "depreciationAndAmortization": "130000000", "incomeBeforeTax": "363000000", "incomeTaxExpense": "76000000", "interestAndDebtExpense": "None", "netIncomeFromContinuingOperations": "287000000", "comprehensiveIncomeNetOfTax": "None", "ebit": "396000000", "ebitda": "526000000", "netIncome": "287000000"}, {"fiscalDateEnding": "2013-12-31", "reportedCurrency": "USD", "grossProfit": "1035000000", "totalRevenue": "2015000000", "costOfRevenue": "980000000", "costofGoodsAndServicesSold": "980000000", "operatingIncome": "378000000", "sellingGeneralAndAdministrative": "531000000", "researchAndDevelopment": "126000000", "operatingExpenses": "657000000", "investmentIncomeNet": "None", "netInterestIncome": "None", "interestIncome": "None", "interestExpense": "34000000", "nonInterestIncome": "None", "otherNonOperatingIncome": "15000000", "depreciation": "None", "depreciationAndAmortization": "142000000", "incomeBeforeTax": "359000000", "incomeTaxExpense": "88000000", "interestAndDebtExpense": "None", "netIncomeFromContinuingOperations": "271000000", "comprehensiveIncomeNetOfTax": "None", "ebit": "393000000", "ebitda": "535000000", "netIncome": "271000000"}, {"fiscalDateEnding": "2013-09-30", "reportedCurrency": "USD", "grossProfit": "1087000000", "totalRevenue": "2101000000", "costOfRevenue": "1014000000", "costofGoodsAndServicesSold": "1014000000", "operatingIncome": "76000000", "sellingGeneralAndAdministrative": "877192000", "researchAndDevelopment": "133000000", "operatingExpenses": "1010000000", "investmentIncomeNet": "None", "netInterestIncome": "None", "interestIncome": "None", "interestExpense": "34000000", "nonInterestIncome": "None", "otherNonOperatingIncome": "17212000", "depreciation": "None", "depreciationAndAmortization": "142319000", "incomeBeforeTax": "60000000", "incomeTaxExpense": "-31000000", "interestAndDebtExpense": "None", "netIncomeFromContinuingOperations": "90753000", "comprehensiveIncomeNetOfTax": "None", "ebit": "93436000", "ebitda": "235755000", "netIncome": "91000000"}, {"fiscalDateEnding": "2013-06-30", "reportedCurrency": "USD", "grossProfit": "1059991000", "totalRevenue": "2052664000", "costOfRevenue": "992673000", "costofGoodsAndServicesSold": "992673000", "operatingIncome": "404555000", "sellingGeneralAndAdministrative": "534320000", "researchAndDevelopment": "121116000", "operatingExpenses": "655436000", "investmentIncomeNet": "None", "netInterestIncome": "None", "interestIncome": "None", "interestExpense": "34573000", "nonInterestIncome": "None", "otherNonOperatingIncome": "9081000", "depreciation": "None", "depreciationAndAmortization": "138204000", "incomeBeforeTax": "379063000", "incomeTaxExpense": "87185000", "interestAndDebtExpense": "None", "netIncomeFromContinuingOperations": "291878000", "comprehensiveIncomeNetOfTax": "None", "ebit": "414796000", "ebitda": "553000000", "netIncome": "301550000"}, {"fiscalDateEnding": "2013-03-31", "reportedCurrency": "USD", "grossProfit": "1018119000", "totalRevenue": "2000375000", "costOfRevenue": "982256000", "costofGoodsAndServicesSold": "982256000", "operatingIncome": "381132000", "sellingGeneralAndAdministrative": "514610000", "researchAndDevelopment": "122377000", "operatingExpenses": "636987000", "investmentIncomeNet": "None", "netInterestIncome": "None", "interestIncome": "None", "interestExpense": "34732000", "nonInterestIncome": "None", "otherNonOperatingIncome": "14071000", "depreciation": "None", "depreciationAndAmortization": "136644000", "incomeBeforeTax": "360471000", "incomeTaxExpense": "84351000", "interestAndDebtExpense": "None", "netIncomeFromContinuingOperations": "276120000", "comprehensiveIncomeNetOfTax": "None", "ebit": "394356000", "ebitda": "531000000", "netIncome": "275637000"}, {"fiscalDateEnding": "2012-12-31", "reportedCurrency": "USD", "grossProfit": "1006129000", "totalRevenue": "1900192000", "costOfRevenue": "894063000", "costofGoodsAndServicesSold": "894063000", "operatingIncome": "392089000", "sellingGeneralAndAdministrative": "495878000", "researchAndDevelopment": "118162000", "operatingExpenses": "614040000", "investmentIncomeNet": "None", "netInterestIncome": "None", "interestIncome": "None", "interestExpense": "35029000", "nonInterestIncome": "None", "otherNonOperatingIncome": "8636000", "depreciation": "None", "depreciationAndAmortization": "128833000", "incomeBeforeTax": "365696000", "incomeTaxExpense": "95447000", "interestAndDebtExpense": "None", "netIncomeFromContinuingOperations": "270249000", "comprehensiveIncomeNetOfTax": "None", "ebit": "401167000", "ebitda": "530000000", "netIncome": "625436000"}, {"fiscalDateEnding": "2012-09-30", "reportedCurrency": "USD", "grossProfit": "1000826000", "totalRevenue": "1967171000", "costOfRevenue": "966345000", "costofGoodsAndServicesSold": "966345000", "operatingIncome": "388780000", "sellingGeneralAndAdministrative": "484260000", "researchAndDevelopment": "127787000", "operatingExpenses": "612046000", "investmentIncomeNet": "None", "netInterestIncome": "None", "interestIncome": "None", "interestExpense": "35292000", "nonInterestIncome": "None", "otherNonOperatingIncome": "None", "depreciation": "None", "depreciationAndAmortization": "127379000", "incomeBeforeTax": "361899000", "incomeTaxExpense": "87621000", "interestAndDebtExpense": "None", "netIncomeFromContinuingOperations": "0", "comprehensiveIncomeNetOfTax": "None", "ebit": "397190000", "ebitda": "524569000", "netIncome": "289043000"}, {"fiscalDateEnding": "2012-06-30", "reportedCurrency": "USD", "grossProfit": "1033135000", "totalRevenue": "1980530000", "costOfRevenue": "947395000", "costofGoodsAndServicesSold": "947395000", "operatingIncome": "449018000", "sellingGeneralAndAdministrative": "469130000", "researchAndDevelopment": "114987000", "operatingExpenses": "584117000", "investmentIncomeNet": "None", "netInterestIncome": "None", "interestIncome": "None", "interestExpense": "34849000", "nonInterestIncome": "None", "otherNonOperatingIncome": "None", "depreciation": "None", "depreciationAndAmortization": "117678000", "incomeBeforeTax": "418541000", "incomeTaxExpense": "106960000", "interestAndDebtExpense": "None", "netIncomeFromContinuingOperations": "0", "comprehensiveIncomeNetOfTax": "None", "ebit": "458552000", "ebitda": "576230000", "netIncome": "326866000"}, {"fiscalDateEnding": "2012-03-31", "reportedCurrency": "USD", "grossProfit": "1019986000", "totalRevenue": "1990818000", "costOfRevenue": "970832000", "costofGoodsAndServicesSold": "970832000", "operatingIncome": "406438000", "sellingGeneralAndAdministrative": "495020000", "researchAndDevelopment": "118528000", "operatingExpenses": "613548000", "investmentIncomeNet": "None", "netInterestIncome": "None", "interestIncome": "None", "interestExpense": "35140000", "nonInterestIncome": "None", "otherNonOperatingIncome": "None", "depreciation": "None", "depreciationAndAmortization": "130263000", "incomeBeforeTax": "392633000", "incomeTaxExpense": "102085000", "interestAndDebtExpense": "None", "netIncomeFromContinuingOperations": "0", "comprehensiveIncomeNetOfTax": "None", "ebit": "292853000", "ebitda": "423116000", "netIncome": "291033000"}, {"fiscalDateEnding": "2011-12-31", "reportedCurrency": "USD", "grossProfit": "961463000", "totalRevenue": "1887645000", "costOfRevenue": "926182000", "costofGoodsAndServicesSold": "926182000", "operatingIncome": "358569000", "sellingGeneralAndAdministrative": "488958000", "researchAndDevelopment": "113936000", "operatingExpenses": "602894000", "investmentIncomeNet": "None", "netInterestIncome": "None", "interestIncome": "None", "interestExpense": "29378000", "nonInterestIncome": "None", "otherNonOperatingIncome": "None", "depreciation": "None", "depreciationAndAmortization": "135618000", "incomeBeforeTax": "344254000", "incomeTaxExpense": "81244000", "interestAndDebtExpense": "None", "netIncomeFromContinuingOperations": "0", "comprehensiveIncomeNetOfTax": "None", "ebit": "349128000", "ebitda": "484746000", "netIncome": "262985000"}, {"fiscalDateEnding": "2011-09-30", "reportedCurrency": "USD", "grossProfit": "1051443000", "totalRevenue": "2050795000", "costOfRevenue": "999352000", "costofGoodsAndServicesSold": "999352000", "operatingIncome": "438157000", "sellingGeneralAndAdministrative": "487231000", "researchAndDevelopment": "126055000", "operatingExpenses": "613286000", "investmentIncomeNet": "None", "netInterestIncome": "None", "interestIncome": "None", "interestExpense": "22334000", "nonInterestIncome": "None", "otherNonOperatingIncome": "3187000", "depreciation": "None", "depreciationAndAmortization": "131879000", "incomeBeforeTax": "419010000", "incomeTaxExpense": "117607000", "interestAndDebtExpense": "None", "netIncomeFromContinuingOperations": "301404000", "comprehensiveIncomeNetOfTax": "None", "ebit": "441344000", "ebitda": "573223000", "netIncome": "299979000"}, {"fiscalDateEnding": "2011-06-30", "reportedCurrency": "USD", "grossProfit": "1062101000", "totalRevenue": "2014081000", "costOfRevenue": "951980000", "costofGoodsAndServicesSold": "951980000", "operatingIncome": "471707000", "sellingGeneralAndAdministrative": "474646000", "researchAndDevelopment": "115748000", "operatingExpenses": "590394000", "investmentIncomeNet": "None", "netInterestIncome": "None", "interestIncome": "None", "interestExpense": "22211000", "nonInterestIncome": "None", "otherNonOperatingIncome": "11145000", "depreciation": "None", "depreciationAndAmortization": "126813000", "incomeBeforeTax": "460641000", "incomeTaxExpense": "122531000", "interestAndDebtExpense": "None", "netIncomeFromContinuingOperations": "338110000", "comprehensiveIncomeNetOfTax": "None", "ebit": "449933000", "ebitda": "576746000", "netIncome": "343058000"}, {"fiscalDateEnding": "2011-03-31", "reportedCurrency": "USD", "grossProfit": "1001434000", "totalRevenue": "1922023000", "costOfRevenue": "920589000", "costofGoodsAndServicesSold": "920589000", "operatingIncome": "440340000", "sellingGeneralAndAdministrative": "441942000", "researchAndDevelopment": "119152000", "operatingExpenses": "561094000", "investmentIncomeNet": "None", "netInterestIncome": "None", "interestIncome": "None", "interestExpense": "23921000", "nonInterestIncome": "None", "otherNonOperatingIncome": "12042000", "depreciation": "None", "depreciationAndAmortization": "122205000", "incomeBeforeTax": "428461000", "incomeTaxExpense": "117399000", "interestAndDebtExpense": "None", "netIncomeFromContinuingOperations": "311062000", "comprehensiveIncomeNetOfTax": "None", "ebit": "452382000", "ebitda": "574587000", "netIncome": "312019000"}, {"fiscalDateEnding": "2010-12-31", "reportedCurrency": "USD", "grossProfit": "976574000", "totalRevenue": "1842005000", "costOfRevenue": "865431000", "costofGoodsAndServicesSold": "865431000", "operatingIncome": "413078000", "sellingGeneralAndAdministrative": "447954000", "researchAndDevelopment": "115542000", "operatingExpenses": "563496000", "investmentIncomeNet": "None", "netInterestIncome": "None", "interestIncome": "None", "interestExpense": "15553000", "nonInterestIncome": "None", "otherNonOperatingIncome": "10626000", "depreciation": "None", "depreciationAndAmortization": "123192000", "incomeBeforeTax": "408151000", "incomeTaxExpense": "93875000", "interestAndDebtExpense": "None", "netIncomeFromContinuingOperations": "314276000", "comprehensiveIncomeNetOfTax": "None", "ebit": "423704000", "ebitda": "546896000", "netIncome": "315937000"}, {"fiscalDateEnding": "2010-09-30", "reportedCurrency": "USD", "grossProfit": "901552000", "totalRevenue": "1732476000", "costOfRevenue": "830924000", "costofGoodsAndServicesSold": "830924000", "operatingIncome": "360182000", "sellingGeneralAndAdministrative": "420398000", "researchAndDevelopment": "120972000", "operatingExpenses": "541370000", "investmentIncomeNet": "None", "netInterestIncome": "None", "interestIncome": "None", "interestExpense": "12278000", "nonInterestIncome": "None", "otherNonOperatingIncome": "None", "depreciation": "None", "depreciationAndAmortization": "119108000", "incomeBeforeTax": "363838000", "incomeTaxExpense": "107484000", "interestAndDebtExpense": "None", "netIncomeFromContinuingOperations": "0", "comprehensiveIncomeNetOfTax": "None", "ebit": "376116000", "ebitda": "495224000", "netIncome": "396695000"}, {"fiscalDateEnding": "2010-06-30", "reportedCurrency": "USD", "grossProfit": "972407000", "totalRevenue": "1878229000", "costOfRevenue": "905822000", "costofGoodsAndServicesSold": "905822000", "operatingIncome": "440100000", "sellingGeneralAndAdministrative": "423684000", "researchAndDevelopment": "108623000", "operatingExpenses": "532307000", "investmentIncomeNet": "None", "netInterestIncome": "None", "interestIncome": "None", "interestExpense": "13085000", "nonInterestIncome": "None", "otherNonOperatingIncome": "None", "depreciation": "None", "depreciationAndAmortization": "130978000", "incomeBeforeTax": "430457000", "incomeTaxExpense": "124174000", "interestAndDebtExpense": "None", "netIncomeFromContinuingOperations": "0", "comprehensiveIncomeNetOfTax": "None", "ebit": "425037000", "ebitda": "556015000", "netIncome": "306908000"}, {"fiscalDateEnding": "2010-03-31", "reportedCurrency": "USD", "grossProfit": "957959000", "totalRevenue": "1844854000", "costOfRevenue": "886895000", "costofGoodsAndServicesSold": "886895000", "operatingIncome": "430495000", "sellingGeneralAndAdministrative": "426346000", "researchAndDevelopment": "101118000", "operatingExpenses": "527464000", "investmentIncomeNet": "None", "netInterestIncome": "None", "interestIncome": "None", "interestExpense": "12913000", "nonInterestIncome": "None", "otherNonOperatingIncome": "None", "depreciation": "None", "depreciationAndAmortization": "126806000", "incomeBeforeTax": "427398000", "incomeTaxExpense": "129673000", "interestAndDebtExpense": "None", "netIncomeFromContinuingOperations": "0", "comprehensiveIncomeNetOfTax": "None", "ebit": "421919000", "ebitda": "548725000", "netIncome": "297631000"}, {"fiscalDateEnding": "2009-12-31", "reportedCurrency": "USD", "grossProfit": "997232000", "totalRevenue": "1916774000", "costOfRevenue": "919542000", "costofGoodsAndServicesSold": "919542000", "operatingIncome": "446020000", "sellingGeneralAndAdministrative": "450928000", "researchAndDevelopment": "100284000", "operatingExpenses": "551212000", "investmentIncomeNet": "None", "netInterestIncome": "None", "interestIncome": "None", "interestExpense": "12987000", "nonInterestIncome": "None", "otherNonOperatingIncome": "None", "depreciation": "None", "depreciationAndAmortization": "125221000", "incomeBeforeTax": "439468000", "incomeTaxExpense": "123490000", "interestAndDebtExpense": "None", "netIncomeFromContinuingOperations": "0", "comprehensiveIncomeNetOfTax": "None", "ebit": "434635000", "ebitda": "559856000", "netIncome": "316376000"}, {"fiscalDateEnding": "2009-09-30", "reportedCurrency": "USD", "grossProfit": "985822000", "totalRevenue": "1897733000", "costOfRevenue": "911911000", "costofGoodsAndServicesSold": "911911000", "operatingIncome": "439608000", "sellingGeneralAndAdministrative": "432477000", "researchAndDevelopment": "113737000", "operatingExpenses": "546214000", "investmentIncomeNet": "None", "netInterestIncome": "None", "interestIncome": "None", "interestExpense": "13782000", "nonInterestIncome": "None", "otherNonOperatingIncome": "None", "depreciation": "None", "depreciationAndAmortization": "117947000", "incomeBeforeTax": "436932000", "incomeTaxExpense": "131175000", "interestAndDebtExpense": "None", "netIncomeFromContinuingOperations": "0", "comprehensiveIncomeNetOfTax": "None", "ebit": "450714000", "ebitda": "568661000", "netIncome": "317220000"}, {"fiscalDateEnding": "2009-06-30", "reportedCurrency": "USD", "grossProfit": "960192000", "totalRevenue": "1820255000", "costOfRevenue": "860063000", "costofGoodsAndServicesSold": "860063000", "operatingIncome": "431763000", "sellingGeneralAndAdministrative": "429940000", "researchAndDevelopment": "98489000", "operatingExpenses": "528429000", "investmentIncomeNet": "None", "netInterestIncome": "None", "interestIncome": "None", "interestExpense": "11288000", "nonInterestIncome": "None", "otherNonOperatingIncome": "None", "depreciation": "None", "depreciationAndAmortization": "118450000", "incomeBeforeTax": "428995000", "incomeTaxExpense": "90291000", "interestAndDebtExpense": "None", "netIncomeFromContinuingOperations": "0", "comprehensiveIncomeNetOfTax": "None", "ebit": "440286000", "ebitda": "558736000", "netIncome": "341027000"}, {"fiscalDateEnding": "2009-03-31", "reportedCurrency": "USD", "grossProfit": "902703000", "totalRevenue": "1740804000", "costOfRevenue": "838101000", "costofGoodsAndServicesSold": "838101000", "operatingIncome": "363467000", "sellingGeneralAndAdministrative": "440502000", "researchAndDevelopment": "98734000", "operatingExpenses": "539236000", "investmentIncomeNet": "None", "netInterestIncome": "None", "interestIncome": "None", "interestExpense": "7495000", "nonInterestIncome": "None", "otherNonOperatingIncome": "None", "depreciation": "None", "depreciationAndAmortization": "117278000", "incomeBeforeTax": "354583000", "incomeTaxExpense": "93256000", "interestAndDebtExpense": "None", "netIncomeFromContinuingOperations": "0", "comprehensiveIncomeNetOfTax": "None", "ebit": "359337000", "ebitda": "476615000", "netIncome": "261274000"}, {"fiscalDateEnding": "2008-12-31", "reportedCurrency": "USD", "grossProfit": "929207000", "totalRevenue": "1733505000", "costOfRevenue": "804298000", "costofGoodsAndServicesSold": "804298000", "operatingIncome": "421808000", "sellingGeneralAndAdministrative": "409942000", "researchAndDevelopment": "97457000", "operatingExpenses": "507399000", "investmentIncomeNet": "None", "netInterestIncome": "None", "interestIncome": "None", "interestExpense": "7824000", "nonInterestIncome": "None", "otherNonOperatingIncome": "None", "depreciation": "None", "depreciationAndAmortization": "116518000", "incomeBeforeTax": "425046000", "incomeTaxExpense": "112978000", "interestAndDebtExpense": "None", "netIncomeFromContinuingOperations": "0", "comprehensiveIncomeNetOfTax": "None", "ebit": "429315000", "ebitda": "545833000", "netIncome": "312082000"}, {"fiscalDateEnding": "2008-09-30", "reportedCurrency": "USD", "grossProfit": "944086000", "totalRevenue": "1835631000", "costOfRevenue": "891545000", "costofGoodsAndServicesSold": "891545000", "operatingIncome": "398264000", "sellingGeneralAndAdministrative": "437217000", "researchAndDevelopment": "108605000", "operatingExpenses": "545822000", "investmentIncomeNet": "None", "netInterestIncome": "None", "interestIncome": "None", "interestExpense": "8888000", "nonInterestIncome": "None", "otherNonOperatingIncome": "None", "depreciation": "None", "depreciationAndAmortization": "124309000", "incomeBeforeTax": "394519000", "incomeTaxExpense": "110542000", "interestAndDebtExpense": "None", "netIncomeFromContinuingOperations": "0", "comprehensiveIncomeNetOfTax": "None", "ebit": "398264000", "ebitda": "522573000", "netIncome": "282175000"}, {"fiscalDateEnding": "2008-06-30", "reportedCurrency": "USD", "grossProfit": "950225000", "totalRevenue": "1867587000", "costOfRevenue": "917362000", "costofGoodsAndServicesSold": "917362000", "operatingIncome": "409566000", "sellingGeneralAndAdministrative": "440588000", "researchAndDevelopment": "100071000", "operatingExpenses": "540659000", "investmentIncomeNet": "None", "netInterestIncome": "None", "interestIncome": "None", "interestExpense": "9018000", "nonInterestIncome": "None", "otherNonOperatingIncome": "None", "depreciation": "None", "depreciationAndAmortization": "121054000", "incomeBeforeTax": "410220000", "incomeTaxExpense": "112811000", "interestAndDebtExpense": "None", "netIncomeFromContinuingOperations": "0", "comprehensiveIncomeNetOfTax": "None", "ebit": "288512000", "ebitda": "409566000", "netIncome": "297089000"}, {"fiscalDateEnding": "2008-03-31", "reportedCurrency": "USD", "grossProfit": "893118000", "totalRevenue": "1746925000", "costOfRevenue": "853807000", "costofGoodsAndServicesSold": "853807000", "operatingIncome": "381561000", "sellingGeneralAndAdministrative": "415523000", "researchAndDevelopment": "96034000", "operatingExpenses": "511557000", "investmentIncomeNet": "None", "netInterestIncome": "None", "interestIncome": "None", "interestExpense": "8098000", "nonInterestIncome": "None", "otherNonOperatingIncome": "None", "depreciation": "None", "depreciationAndAmortization": "116847000", "incomeBeforeTax": "382296000", "incomeTaxExpense": "106661000", "interestAndDebtExpense": "None", "netIncomeFromContinuingOperations": "0", "comprehensiveIncomeNetOfTax": "None", "ebit": "264714000", "ebitda": "381561000", "netIncome": "276185000"}, {"fiscalDateEnding": "2007-12-31", "reportedCurrency": "USD", "grossProfit": "875921000", "totalRevenue": "1705767000", "costOfRevenue": "829846000", "costofGoodsAndServicesSold": "829846000", "operatingIncome": "362676000", "sellingGeneralAndAdministrative": "421718000", "researchAndDevelopment": "91527000", "operatingExpenses": "513245000", "investmentIncomeNet": "None", "netInterestIncome": "None", "interestIncome": "None", "interestExpense": "10339000", "nonInterestIncome": "None", "otherNonOperatingIncome": "None", "depreciation": "None", "depreciationAndAmortization": "115212000", "incomeBeforeTax": "366572000", "incomeTaxExpense": "95676000", "interestAndDebtExpense": "None", "netIncomeFromContinuingOperations": "0", "comprehensiveIncomeNetOfTax": "None", "ebit": "247464000", "ebitda": "362676000", "netIncome": "271548000"}, {"fiscalDateEnding": "2007-09-30", "reportedCurrency": "USD", "grossProfit": "843724000", "totalRevenue": "1651101000", "costOfRevenue": "807377000", "costofGoodsAndServicesSold": "807377000", "operatingIncome": "343769000", "sellingGeneralAndAdministrative": "399525000", "researchAndDevelopment": "100430000", "operatingExpenses": "499955000", "investmentIncomeNet": "None", "netInterestIncome": "None", "interestIncome": "None", "interestExpense": "10268000", "nonInterestIncome": "None", "otherNonOperatingIncome": "None", "depreciation": "None", "depreciationAndAmortization": "117776000", "incomeBeforeTax": "338250000", "incomeTaxExpense": "89142000", "interestAndDebtExpense": "None", "netIncomeFromContinuingOperations": "0", "comprehensiveIncomeNetOfTax": "None", "ebit": "343769000", "ebitda": "461545000", "netIncome": "259812000"}, {"fiscalDateEnding": "2007-06-30", "reportedCurrency": "USD", "grossProfit": "840088000", "totalRevenue": "1631159000", "costOfRevenue": "791071000", "costofGoodsAndServicesSold": "791071000", "operatingIncome": "327537000", "sellingGeneralAndAdministrative": "412164000", "researchAndDevelopment": "92993000", "operatingExpenses": "505157000", "investmentIncomeNet": "None", "netInterestIncome": "None", "interestIncome": "None", "interestExpense": "11597000", "nonInterestIncome": "None", "otherNonOperatingIncome": "None", "depreciation": "None", "depreciationAndAmortization": "112537000", "incomeBeforeTax": "329651000", "incomeTaxExpense": "89182000", "interestAndDebtExpense": "None", "netIncomeFromContinuingOperations": "0", "comprehensiveIncomeNetOfTax": "None", "ebit": "334931000", "ebitda": "447468000", "netIncome": "244809000"}, {"fiscalDateEnding": "2007-03-31", "reportedCurrency": "USD", "grossProfit": "811382000", "totalRevenue": "1575922000", "costOfRevenue": "764540000", "costofGoodsAndServicesSold": "764540000", "operatingIncome": "318064000", "sellingGeneralAndAdministrative": "406631000", "researchAndDevelopment": "86687000", "operatingExpenses": "493318000", "investmentIncomeNet": "None", "netInterestIncome": "None", "interestIncome": "None", "interestExpense": "11686000", "nonInterestIncome": "None", "otherNonOperatingIncome": "None", "depreciation": "None", "depreciationAndAmortization": "109947000", "incomeBeforeTax": "321336000", "incomeTaxExpense": "85797000", "interestAndDebtExpense": "None", "netIncomeFromContinuingOperations": "0", "comprehensiveIncomeNetOfTax": "None", "ebit": "208117000", "ebitda": "318064000", "netIncome": "242533000"}, {"fiscalDateEnding": "2006-12-31", "reportedCurrency": "USD", "grossProfit": "792593000", "totalRevenue": "1501526000", "costOfRevenue": "708933000", "costofGoodsAndServicesSold": "708933000", "operatingIncome": "213830000", "sellingGeneralAndAdministrative": "384084000", "researchAndDevelopment": "194679000", "operatingExpenses": "578763000", "investmentIncomeNet": "None", "netInterestIncome": "None", "interestIncome": "None", "interestExpense": "12868000", "nonInterestIncome": "None", "otherNonOperatingIncome": "None", "depreciation": "None", "depreciationAndAmortization": "101081000", "incomeBeforeTax": "214708000", "incomeTaxExpense": "83657000", "interestAndDebtExpense": "None", "netIncomeFromContinuingOperations": "0", "comprehensiveIncomeNetOfTax": "None", "ebit": "112749000", "ebitda": "213830000", "netIncome": "142879000"}, {"fiscalDateEnding": "2006-09-30", "reportedCurrency": "USD", "grossProfit": "720218000", "totalRevenue": "1487751000", "costOfRevenue": "767533000", "costofGoodsAndServicesSold": "767533000", "operatingIncome": "230538000", "sellingGeneralAndAdministrative": "406060000", "researchAndDevelopment": "83620000", "operatingExpenses": "489680000", "investmentIncomeNet": "None", "netInterestIncome": "None", "interestIncome": "None", "interestExpense": "14056000", "nonInterestIncome": "None", "otherNonOperatingIncome": "None", "depreciation": "None", "depreciationAndAmortization": "107129000", "incomeBeforeTax": "227207000", "incomeTaxExpense": "52087000", "interestAndDebtExpense": "None", "netIncomeFromContinuingOperations": "0", "comprehensiveIncomeNetOfTax": "None", "ebit": "230538000", "ebitda": "337667000", "netIncome": "173979000"}, {"fiscalDateEnding": "2006-06-30", "reportedCurrency": "USD", "grossProfit": "750755000", "totalRevenue": "1483698000", "costOfRevenue": "732943000", "costofGoodsAndServicesSold": "732943000", "operatingIncome": "279006000", "sellingGeneralAndAdministrative": "393782000", "researchAndDevelopment": "77967000", "operatingExpenses": "471749000", "investmentIncomeNet": "None", "netInterestIncome": "None", "interestIncome": "None", "interestExpense": "15425000", "nonInterestIncome": "None", "otherNonOperatingIncome": "None", "depreciation": "None", "depreciationAndAmortization": "99843000", "incomeBeforeTax": "273341000", "incomeTaxExpense": "66968000", "interestAndDebtExpense": "None", "netIncomeFromContinuingOperations": "0", "comprehensiveIncomeNetOfTax": "None", "ebit": "285902000", "ebitda": "385745000", "netIncome": "206373000"}, {"fiscalDateEnding": "2006-03-31", "reportedCurrency": "USD", "grossProfit": "738682000", "totalRevenue": "1449317000", "costOfRevenue": "710635000", "costofGoodsAndServicesSold": "710635000", "operatingIncome": "239804000", "sellingGeneralAndAdministrative": "369779000", "researchAndDevelopment": "129099000", "operatingExpenses": "498878000", "investmentIncomeNet": "None", "netInterestIncome": "None", "interestIncome": "None", "interestExpense": "19805000", "nonInterestIncome": "None", "otherNonOperatingIncome": "None", "depreciation": "None", "depreciationAndAmortization": "98435000", "incomeBeforeTax": "236539000", "incomeTaxExpense": "80301000", "interestAndDebtExpense": "None", "netIncomeFromContinuingOperations": "0", "comprehensiveIncomeNetOfTax": "None", "ebit": "250840000", "ebitda": "349275000", "netIncome": "154068000"}, {"fiscalDateEnding": "2005-12-31", "reportedCurrency": "USD", "grossProfit": "738320000", "totalRevenue": "1414061000", "costOfRevenue": "675741000", "costofGoodsAndServicesSold": "675741000", "operatingIncome": "301121000", "sellingGeneralAndAdministrative": "367874000", "researchAndDevelopment": "69325000", "operatingExpenses": "437199000", "investmentIncomeNet": "None", "netInterestIncome": "None", "interestIncome": "None", "interestExpense": "16760000", "nonInterestIncome": "None", "otherNonOperatingIncome": "None", "depreciation": "None", "depreciationAndAmortization": "99688000", "incomeBeforeTax": "297869000", "incomeTaxExpense": "80009000", "interestAndDebtExpense": "None", "netIncomeFromContinuingOperations": "0", "comprehensiveIncomeNetOfTax": "None", "ebit": "309986000", "ebitda": "409674000", "netIncome": "217860000"}, {"fiscalDateEnding": "2005-09-30", "reportedCurrency": "USD", "grossProfit": "716730000", "totalRevenue": "1379476000", "costOfRevenue": "662746000", "costofGoodsAndServicesSold": "662746000", "operatingIncome": "262668000", "sellingGeneralAndAdministrative": "376510000", "researchAndDevelopment": "76552000", "operatingExpenses": "454062000", "investmentIncomeNet": "None", "netInterestIncome": "None", "interestIncome": "None", "interestExpense": "14607000", "nonInterestIncome": "None", "otherNonOperatingIncome": "None", "depreciation": "None", "depreciationAndAmortization": "99268000", "incomeBeforeTax": "260678000", "incomeTaxExpense": "139103000", "interestAndDebtExpense": "None", "netIncomeFromContinuingOperations": "0", "comprehensiveIncomeNetOfTax": "None", "ebit": "262668000", "ebitda": "361936000", "netIncome": "149094000"}, {"fiscalDateEnding": "2005-06-30", "reportedCurrency": "USD", "grossProfit": "694542000", "totalRevenue": "1381306000", "costOfRevenue": "686764000", "costofGoodsAndServicesSold": "686764000", "operatingIncome": "261620000", "sellingGeneralAndAdministrative": "365919000", "researchAndDevelopment": "67003000", "operatingExpenses": "432922000", "investmentIncomeNet": "None", "netInterestIncome": "None", "interestIncome": "None", "interestExpense": "13695000", "nonInterestIncome": "None", "otherNonOperatingIncome": "None", "depreciation": "None", "depreciationAndAmortization": "95186000", "incomeBeforeTax": "257075000", "incomeTaxExpense": "67274000", "interestAndDebtExpense": "None", "netIncomeFromContinuingOperations": "0", "comprehensiveIncomeNetOfTax": "None", "ebit": "166434000", "ebitda": "261620000", "netIncome": "189668000"}, {"fiscalDateEnding": "2005-03-31", "reportedCurrency": "USD", "grossProfit": "687512000", "totalRevenue": "1365530000", "costOfRevenue": "678018000", "costofGoodsAndServicesSold": "678018000", "operatingIncome": "255185000", "sellingGeneralAndAdministrative": "366339000", "researchAndDevelopment": "65988000", "operatingExpenses": "432327000", "investmentIncomeNet": "None", "netInterestIncome": "None", "interestIncome": "None", "interestExpense": "4556000", "nonInterestIncome": "None", "otherNonOperatingIncome": "None", "depreciation": "None", "depreciationAndAmortization": "98356000", "incomeBeforeTax": "248387000", "incomeTaxExpense": "61878000", "interestAndDebtExpense": "None", "netIncomeFromContinuingOperations": "0", "comprehensiveIncomeNetOfTax": "None", "ebit": "156829000", "ebitda": "255185000", "netIncome": "188150000"}, {"fiscalDateEnding": "2004-12-31", "reportedCurrency": "USD", "grossProfit": "653868000", "totalRevenue": "1288369000", "costOfRevenue": "634501000", "costofGoodsAndServicesSold": "634501000", "operatingIncome": "250697000", "sellingGeneralAndAdministrative": "341088000", "researchAndDevelopment": "62083000", "operatingExpenses": "403171000", "investmentIncomeNet": "None", "netInterestIncome": "None", "interestIncome": "None", "interestExpense": "9122000", "nonInterestIncome": "None", "otherNonOperatingIncome": "None", "depreciation": "None", "depreciationAndAmortization": "94686000", "incomeBeforeTax": "238714000", "incomeTaxExpense": "44316000", "interestAndDebtExpense": "None", "netIncomeFromContinuingOperations": "0", "comprehensiveIncomeNetOfTax": "None", "ebit": "156011000", "ebitda": "250697000", "netIncome": "195351000"}]}