{"symbol": "KVUE", "annualReports": [{"fiscalDateEnding": "2024-12-31", "reportedCurrency": "USD", "grossProfit": "8959000000", "totalRevenue": "15455000000", "costOfRevenue": "6496000000", "costofGoodsAndServicesSold": "6496000000", "operatingIncome": "1841000000", "sellingGeneralAndAdministrative": "6329000000", "researchAndDevelopment": "None", "operatingExpenses": "7118000000", "investmentIncomeNet": "None", "netInterestIncome": "-378000000", "interestIncome": "53000000", "interestExpense": "378000000", "nonInterestIncome": "None", "otherNonOperatingIncome": "None", "depreciation": "None", "depreciationAndAmortization": "-5000000", "incomeBeforeTax": "1415000000", "incomeTaxExpense": "385000000", "interestAndDebtExpense": "None", "netIncomeFromContinuingOperations": "1030000000", "comprehensiveIncomeNetOfTax": "None", "ebit": "1846000000", "ebitda": "1841000000", "netIncome": "1030000000"}, {"fiscalDateEnding": "2023-12-31", "reportedCurrency": "USD", "grossProfit": "8643000000", "totalRevenue": "15444000000", "costOfRevenue": "6801000000", "costofGoodsAndServicesSold": "6801000000", "operatingIncome": "2512000000", "sellingGeneralAndAdministrative": "4333000000", "researchAndDevelopment": "399000000", "operatingExpenses": "6131000000", "investmentIncomeNet": "None", "netInterestIncome": "-250000000", "interestIncome": "108000000", "interestExpense": "358000000", "nonInterestIncome": "None", "otherNonOperatingIncome": "None", "depreciation": "None", "depreciationAndAmortization": "627000000", "incomeBeforeTax": "2190000000", "incomeTaxExpense": "526000000", "interestAndDebtExpense": "None", "netIncomeFromContinuingOperations": "1664000000", "comprehensiveIncomeNetOfTax": "None", "ebit": "2548000000", "ebitda": "3175000000", "netIncome": "1664000000"}, {"fiscalDateEnding": "2022-12-31", "reportedCurrency": "USD", "grossProfit": "8285000000", "totalRevenue": "14950000000", "costOfRevenue": "6665000000", "costofGoodsAndServicesSold": "6665000000", "operatingIncome": "2675000000", "sellingGeneralAndAdministrative": "4277000000", "researchAndDevelopment": "375000000", "operatingExpenses": "5617000000", "investmentIncomeNet": "None", "netInterestIncome": "0", "interestIncome": "0", "interestExpense": "0", "nonInterestIncome": "None", "otherNonOperatingIncome": "None", "depreciation": "None", "depreciationAndAmortization": "644000000", "incomeBeforeTax": "2637000000", "incomeTaxExpense": "550000000", "interestAndDebtExpense": "None", "netIncomeFromContinuingOperations": "2087000000", "comprehensiveIncomeNetOfTax": "None", "ebit": "2994000000", "ebitda": "3638000000", "netIncome": "2064000000"}, {"fiscalDateEnding": "2021-12-31", "reportedCurrency": "USD", "grossProfit": "8419000000", "totalRevenue": "15054000000", "costOfRevenue": "6635000000", "costofGoodsAndServicesSold": "6635000000", "operatingIncome": "2920000000", "sellingGeneralAndAdministrative": "4023000000", "researchAndDevelopment": "355000000", "operatingExpenses": "5407000000", "investmentIncomeNet": "None", "netInterestIncome": "0", "interestIncome": "0", "interestExpense": "0", "nonInterestIncome": "None", "otherNonOperatingIncome": "None", "depreciation": "None", "depreciationAndAmortization": "731000000", "incomeBeforeTax": "2925000000", "incomeTaxExpense": "894000000", "interestAndDebtExpense": "None", "netIncomeFromContinuingOperations": "2031000000", "comprehensiveIncomeNetOfTax": "None", "ebit": "3143000000", "ebitda": "3874000000", "netIncome": "2078000000"}, {"fiscalDateEnding": "2020-12-31", "reportedCurrency": "USD", "grossProfit": "7848000000", "totalRevenue": "14467000000", "costOfRevenue": "6619000000", "costofGoodsAndServicesSold": "6619000000", "operatingIncome": "-979000000", "sellingGeneralAndAdministrative": "3726000000", "researchAndDevelopment": "320000000", "operatingExpenses": "4860000000", "investmentIncomeNet": "None", "netInterestIncome": "None", "interestIncome": "None", "interestExpense": "None", "nonInterestIncome": "None", "otherNonOperatingIncome": "None", "depreciation": "None", "depreciationAndAmortization": "746000000", "incomeBeforeTax": "-1016000000", "incomeTaxExpense": "-137000000", "interestAndDebtExpense": "None", "netIncomeFromContinuingOperations": "-879000000", "comprehensiveIncomeNetOfTax": "None", "ebit": "3046000000", "ebitda": "3792000000", "netIncome": "-879000000"}, {"fiscalDateEnding": "2019-12-31", "reportedCurrency": "USD", "grossProfit": "7662000000", "totalRevenue": "14324000000", "costOfRevenue": "6662000000", "costofGoodsAndServicesSold": "6662000000", "operatingIncome": "1846000000", "sellingGeneralAndAdministrative": "3941000000", "researchAndDevelopment": "391000000", "operatingExpenses": "5263000000", "investmentIncomeNet": "None", "netInterestIncome": "None", "interestIncome": "None", "interestExpense": "None", "nonInterestIncome": "None", "otherNonOperatingIncome": "None", "depreciation": "None", "depreciationAndAmortization": "709000000", "incomeBeforeTax": "2120000000", "incomeTaxExpense": "685000000", "interestAndDebtExpense": "None", "netIncomeFromContinuingOperations": "1435000000", "comprehensiveIncomeNetOfTax": "None", "ebit": "2572000000", "ebitda": "3281000000", "netIncome": "1435000000"}], "quarterlyReports": [{"fiscalDateEnding": "2024-12-31", "reportedCurrency": "USD", "grossProfit": "2070000000", "totalRevenue": "3662000000", "costOfRevenue": "1592000000", "costofGoodsAndServicesSold": "1592000000", "operatingIncome": "483000000", "sellingGeneralAndAdministrative": "1525000000", "researchAndDevelopment": "None", "operatingExpenses": "1587000000", "investmentIncomeNet": "None", "netInterestIncome": "-95000000", "interestIncome": "None", "interestExpense": "148000000", "nonInterestIncome": "None", "otherNonOperatingIncome": "None", "depreciation": "None", "depreciationAndAmortization": "150000000", "incomeBeforeTax": "346000000", "incomeTaxExpense": "53000000", "interestAndDebtExpense": "None", "netIncomeFromContinuingOperations": "293000000", "comprehensiveIncomeNetOfTax": "None", "ebit": "494000000", "ebitda": "644000000", "netIncome": "293000000"}, {"fiscalDateEnding": "2024-09-30", "reportedCurrency": "USD", "grossProfit": "2282000000", "totalRevenue": "3899000000", "costOfRevenue": "1617000000", "costofGoodsAndServicesSold": "1617000000", "operatingIncome": "654000000", "sellingGeneralAndAdministrative": "1590000000", "researchAndDevelopment": "None", "operatingExpenses": "1628000000", "investmentIncomeNet": "None", "netInterestIncome": "-96000000", "interestIncome": "None", "interestExpense": "96000000", "nonInterestIncome": "None", "otherNonOperatingIncome": "None", "depreciation": "None", "depreciationAndAmortization": "182000000", "incomeBeforeTax": "577000000", "incomeTaxExpense": "194000000", "interestAndDebtExpense": "None", "netIncomeFromContinuingOperations": "383000000", "comprehensiveIncomeNetOfTax": "None", "ebit": "673000000", "ebitda": "855000000", "netIncome": "383000000"}, {"fiscalDateEnding": "2024-06-30", "reportedCurrency": "USD", "grossProfit": "2356000000", "totalRevenue": "4000000000", "costOfRevenue": "1644000000", "costofGoodsAndServicesSold": "1644000000", "operatingIncome": "716000000", "sellingGeneralAndAdministrative": "1641000000", "researchAndDevelopment": "105000000", "operatingExpenses": "1640000000", "investmentIncomeNet": "None", "netInterestIncome": "-92000000", "interestIncome": "None", "interestExpense": "92000000", "nonInterestIncome": "None", "otherNonOperatingIncome": "None", "depreciation": "None", "depreciationAndAmortization": "141000000", "incomeBeforeTax": "65000000", "incomeTaxExpense": "7000000", "interestAndDebtExpense": "None", "netIncomeFromContinuingOperations": "58000000", "comprehensiveIncomeNetOfTax": "None", "ebit": "715000000", "ebitda": "856000000", "netIncome": "58000000"}, {"fiscalDateEnding": "2024-03-31", "reportedCurrency": "USD", "grossProfit": "2242000000", "totalRevenue": "3894000000", "costOfRevenue": "1652000000", "costofGoodsAndServicesSold": "1652000000", "operatingIncome": "736000000", "sellingGeneralAndAdministrative": "1573000000", "researchAndDevelopment": "100000000", "operatingExpenses": "1506000000", "investmentIncomeNet": "None", "netInterestIncome": "-95000000", "interestIncome": "None", "interestExpense": "95000000", "nonInterestIncome": "None", "otherNonOperatingIncome": "None", "depreciation": "None", "depreciationAndAmortization": "149000000", "incomeBeforeTax": "427000000", "incomeTaxExpense": "131000000", "interestAndDebtExpense": "None", "netIncomeFromContinuingOperations": "296000000", "comprehensiveIncomeNetOfTax": "None", "ebit": "662000000", "ebitda": "811000000", "netIncome": "296000000"}, {"fiscalDateEnding": "2023-12-31", "reportedCurrency": "USD", "grossProfit": "2043000000", "totalRevenue": "3666000000", "costOfRevenue": "1623000000", "costofGoodsAndServicesSold": "1623000000", "operatingIncome": "457000000", "sellingGeneralAndAdministrative": "237000000", "researchAndDevelopment": "133000000", "operatingExpenses": "1586000000", "investmentIncomeNet": "None", "netInterestIncome": "-96000000", "interestIncome": "None", "interestExpense": "96000000", "nonInterestIncome": "None", "otherNonOperatingIncome": "None", "depreciation": "None", "depreciationAndAmortization": "174000000", "incomeBeforeTax": "357000000", "incomeTaxExpense": "30000000", "interestAndDebtExpense": "None", "netIncomeFromContinuingOperations": "327000000", "comprehensiveIncomeNetOfTax": "None", "ebit": "591000000", "ebitda": "765000000", "netIncome": "327000000"}, {"fiscalDateEnding": "2023-09-30", "reportedCurrency": "USD", "grossProfit": "2250000000", "totalRevenue": "3915000000", "costOfRevenue": "1665000000", "costofGoodsAndServicesSold": "1665000000", "operatingIncome": "710000000", "sellingGeneralAndAdministrative": "1531000000", "researchAndDevelopment": "78000000", "operatingExpenses": "1540000000", "investmentIncomeNet": "None", "netInterestIncome": "-100000000", "interestIncome": "None", "interestExpense": "100000000", "nonInterestIncome": "None", "otherNonOperatingIncome": "None", "depreciation": "None", "depreciationAndAmortization": "153000000", "incomeBeforeTax": "585000000", "incomeTaxExpense": "147000000", "interestAndDebtExpense": "None", "netIncomeFromContinuingOperations": "438000000", "comprehensiveIncomeNetOfTax": "None", "ebit": "842000000", "ebitda": "995000000", "netIncome": "438000000"}, {"fiscalDateEnding": "2023-06-30", "reportedCurrency": "USD", "grossProfit": "2225000000", "totalRevenue": "4011000000", "costOfRevenue": "1786000000", "costofGoodsAndServicesSold": "1786000000", "operatingIncome": "702000000", "sellingGeneralAndAdministrative": "1522000000", "researchAndDevelopment": "99000000", "operatingExpenses": "1523000000", "investmentIncomeNet": "None", "netInterestIncome": "-53000000", "interestIncome": "None", "interestExpense": "53000000", "nonInterestIncome": "None", "otherNonOperatingIncome": "None", "depreciation": "None", "depreciationAndAmortization": "148000000", "incomeBeforeTax": "639000000", "incomeTaxExpense": "209000000", "interestAndDebtExpense": "None", "netIncomeFromContinuingOperations": "430000000", "comprehensiveIncomeNetOfTax": "None", "ebit": "680000000", "ebitda": "828000000", "netIncome": "430000000"}, {"fiscalDateEnding": "2023-03-31", "reportedCurrency": "USD", "grossProfit": "2125000000", "totalRevenue": "3852000000", "costOfRevenue": "1727000000", "costofGoodsAndServicesSold": "1727000000", "operatingIncome": "640000000", "sellingGeneralAndAdministrative": "1502000000", "researchAndDevelopment": "89000000", "operatingExpenses": "1485000000", "investmentIncomeNet": "None", "netInterestIncome": "-1000000", "interestIncome": "None", "interestExpense": "1000000", "nonInterestIncome": "None", "otherNonOperatingIncome": "None", "depreciation": "None", "depreciationAndAmortization": "152000000", "incomeBeforeTax": "609000000", "incomeTaxExpense": "140000000", "interestAndDebtExpense": "None", "netIncomeFromContinuingOperations": "330000000", "comprehensiveIncomeNetOfTax": "None", "ebit": "631000000", "ebitda": "783000000", "netIncome": "469000000"}, {"fiscalDateEnding": "2022-12-31", "reportedCurrency": "USD", "grossProfit": "2101000000", "totalRevenue": "3767000000", "costOfRevenue": "1666000000", "costofGoodsAndServicesSold": "1666000000", "operatingIncome": "531000000", "sellingGeneralAndAdministrative": "29000000", "researchAndDevelopment": "103000000", "operatingExpenses": "1570000000", "investmentIncomeNet": "None", "netInterestIncome": "None", "interestIncome": "None", "interestExpense": "None", "nonInterestIncome": "None", "otherNonOperatingIncome": "None", "depreciation": "None", "depreciationAndAmortization": "166000000", "incomeBeforeTax": "512000000", "incomeTaxExpense": "151000000", "interestAndDebtExpense": "None", "netIncomeFromContinuingOperations": "370000000", "comprehensiveIncomeNetOfTax": "None", "ebit": "732000000", "ebitda": "898000000", "netIncome": "361000000"}, {"fiscalDateEnding": "2022-09-30", "reportedCurrency": "USD", "grossProfit": "2125000000", "totalRevenue": "3789000000", "costOfRevenue": "1664000000", "costofGoodsAndServicesSold": "1664000000", "operatingIncome": "805000000", "sellingGeneralAndAdministrative": "1376000000", "researchAndDevelopment": "90000000", "operatingExpenses": "1387000000", "investmentIncomeNet": "None", "netInterestIncome": "None", "interestIncome": "None", "interestExpense": "None", "nonInterestIncome": "None", "otherNonOperatingIncome": "None", "depreciation": "None", "depreciationAndAmortization": "152000000", "incomeBeforeTax": "738000000", "incomeTaxExpense": "152000000", "interestAndDebtExpense": "None", "netIncomeFromContinuingOperations": "585000000", "comprehensiveIncomeNetOfTax": "None", "ebit": "805000000", "ebitda": "957000000", "netIncome": "586000000"}, {"fiscalDateEnding": "2022-06-30", "reportedCurrency": "USD", "grossProfit": "2147000000", "totalRevenue": "3796000000", "costOfRevenue": "1649000000", "costofGoodsAndServicesSold": "1649000000", "operatingIncome": "845000000", "sellingGeneralAndAdministrative": "1375000000", "researchAndDevelopment": "94000000", "operatingExpenses": "1302000000", "investmentIncomeNet": "None", "netInterestIncome": "0", "interestIncome": "None", "interestExpense": "0", "nonInterestIncome": "None", "otherNonOperatingIncome": "None", "depreciation": "None", "depreciationAndAmortization": "161000000", "incomeBeforeTax": "775000000", "incomeTaxExpense": "171000000", "interestAndDebtExpense": "None", "netIncomeFromContinuingOperations": "604000000", "comprehensiveIncomeNetOfTax": "None", "ebit": "817000000", "ebitda": "978000000", "netIncome": "604000000"}, {"fiscalDateEnding": "2022-03-31", "reportedCurrency": "USD", "grossProfit": "1956000000", "totalRevenue": "3590000000", "costOfRevenue": "1634000000", "costofGoodsAndServicesSold": "1634000000", "operatingIncome": "611000000", "sellingGeneralAndAdministrative": "1350000000", "researchAndDevelopment": "88000000", "operatingExpenses": "1343000000", "investmentIncomeNet": "None", "netInterestIncome": "None", "interestIncome": "None", "interestExpense": "None", "nonInterestIncome": "None", "otherNonOperatingIncome": "None", "depreciation": "None", "depreciationAndAmortization": "165000000", "incomeBeforeTax": "612000000", "incomeTaxExpense": "84000000", "interestAndDebtExpense": "None", "netIncomeFromContinuingOperations": "528000000", "comprehensiveIncomeNetOfTax": "None", "ebit": "640000000", "ebitda": "805000000", "netIncome": "528000000"}, {"fiscalDateEnding": "2021-12-31", "reportedCurrency": "USD", "grossProfit": "1983000000", "totalRevenue": "3733000000", "costOfRevenue": "1750000000", "costofGoodsAndServicesSold": "1750000000", "operatingIncome": "506000000", "sellingGeneralAndAdministrative": "27000000", "researchAndDevelopment": "102000000", "operatingExpenses": "1472000000", "investmentIncomeNet": "None", "netInterestIncome": "None", "interestIncome": "None", "interestExpense": "None", "nonInterestIncome": "None", "otherNonOperatingIncome": "None", "depreciation": "None", "depreciationAndAmortization": "182000000", "incomeBeforeTax": "517000000", "incomeTaxExpense": "106000000", "interestAndDebtExpense": "None", "netIncomeFromContinuingOperations": "None", "comprehensiveIncomeNetOfTax": "None", "ebit": "540000000", "ebitda": "722000000", "netIncome": "411000000"}]}