{"symbol": "KEYS", "annualReports": [{"fiscalDateEnding": "2024-10-31", "reportedCurrency": "USD", "grossProfit": "3527000000", "totalRevenue": "4979000000", "costOfRevenue": "1452000000", "costofGoodsAndServicesSold": "1452000000", "operatingIncome": "833000000", "sellingGeneralAndAdministrative": "1395000000", "researchAndDevelopment": "919000000", "operatingExpenses": "2694000000", "investmentIncomeNet": "None", "netInterestIncome": "-3000000", "interestIncome": "81000000", "interestExpense": "84000000", "nonInterestIncome": "None", "otherNonOperatingIncome": "None", "depreciation": "None", "depreciationAndAmortization": "270000000", "incomeBeforeTax": "865000000", "incomeTaxExpense": "251000000", "interestAndDebtExpense": "None", "netIncomeFromContinuingOperations": "614000000", "comprehensiveIncomeNetOfTax": "None", "ebit": "949000000", "ebitda": "1219000000", "netIncome": "614000000"}, {"fiscalDateEnding": "2023-10-31", "reportedCurrency": "USD", "grossProfit": "3532000000", "totalRevenue": "5464000000", "costOfRevenue": "1932000000", "costofGoodsAndServicesSold": "1932000000", "operatingIncome": "1358000000", "sellingGeneralAndAdministrative": "1307000000", "researchAndDevelopment": "882000000", "operatingExpenses": "2174000000", "investmentIncomeNet": "None", "netInterestIncome": "24000000", "interestIncome": "102000000", "interestExpense": "78000000", "nonInterestIncome": "None", "otherNonOperatingIncome": "None", "depreciation": "None", "depreciationAndAmortization": "212000000", "incomeBeforeTax": "1357000000", "incomeTaxExpense": "300000000", "interestAndDebtExpense": "None", "netIncomeFromContinuingOperations": "1057000000", "comprehensiveIncomeNetOfTax": "None", "ebit": "1433000000", "ebitda": "1645000000", "netIncome": "1057000000"}, {"fiscalDateEnding": "2022-10-31", "reportedCurrency": "USD", "grossProfit": "3450000000", "totalRevenue": "5420000000", "costOfRevenue": "1970000000", "costofGoodsAndServicesSold": "1970000000", "operatingIncome": "1124000000", "sellingGeneralAndAdministrative": "1283000000", "researchAndDevelopment": "841000000", "operatingExpenses": "1124000000", "investmentIncomeNet": "None", "netInterestIncome": "-63000000", "interestIncome": "16000000", "interestExpense": "79000000", "nonInterestIncome": "None", "otherNonOperatingIncome": "30000000", "depreciation": "None", "depreciationAndAmortization": "253000000", "incomeBeforeTax": "1124000000", "incomeTaxExpense": "161000000", "interestAndDebtExpense": "None", "netIncomeFromContinuingOperations": "1124000000", "comprehensiveIncomeNetOfTax": "None", "ebit": "1124000000", "ebitda": "1377000000", "netIncome": "1124000000"}, {"fiscalDateEnding": "2021-10-31", "reportedCurrency": "USD", "grossProfit": "3069000000", "totalRevenue": "4941000000", "costOfRevenue": "1872000000", "costofGoodsAndServicesSold": "1872000000", "operatingIncome": "1080000000", "sellingGeneralAndAdministrative": "1195000000", "researchAndDevelopment": "811000000", "operatingExpenses": "1989000000", "investmentIncomeNet": "None", "netInterestIncome": "-76000000", "interestIncome": "3000000", "interestExpense": "79000000", "nonInterestIncome": "None", "otherNonOperatingIncome": "9000000", "depreciation": "None", "depreciationAndAmortization": "291000000", "incomeBeforeTax": "1010000000", "incomeTaxExpense": "116000000", "interestAndDebtExpense": "None", "netIncomeFromContinuingOperations": "894000000", "comprehensiveIncomeNetOfTax": "None", "ebit": "1091000000", "ebitda": "1382000000", "netIncome": "894000000"}, {"fiscalDateEnding": "2020-10-31", "reportedCurrency": "USD", "grossProfit": "2533000000", "totalRevenue": "4221000000", "costOfRevenue": "1688000000", "costofGoodsAndServicesSold": "1688000000", "operatingIncome": "765000000", "sellingGeneralAndAdministrative": "1097000000", "researchAndDevelopment": "715000000", "operatingExpenses": "1768000000", "investmentIncomeNet": "None", "netInterestIncome": "-67000000", "interestIncome": "11000000", "interestExpense": "78000000", "nonInterestIncome": "None", "otherNonOperatingIncome": "74000000", "depreciation": "None", "depreciationAndAmortization": "324000000", "incomeBeforeTax": "761000000", "incomeTaxExpense": "134000000", "interestAndDebtExpense": "None", "netIncomeFromContinuingOperations": "627000000", "comprehensiveIncomeNetOfTax": "None", "ebit": "839000000", "ebitda": "1163000000", "netIncome": "627000000"}, {"fiscalDateEnding": "2019-10-31", "reportedCurrency": "USD", "grossProfit": "2534000000", "totalRevenue": "4303000000", "costOfRevenue": "1769000000", "costofGoodsAndServicesSold": "1769000000", "operatingIncome": "711000000", "sellingGeneralAndAdministrative": "1155000000", "researchAndDevelopment": "688000000", "operatingExpenses": "1823000000", "investmentIncomeNet": "None", "netInterestIncome": "-57000000", "interestIncome": "23000000", "interestExpense": "80000000", "nonInterestIncome": "None", "otherNonOperatingIncome": "84000000", "depreciation": "None", "depreciationAndAmortization": "306000000", "incomeBeforeTax": "715000000", "incomeTaxExpense": "94000000", "interestAndDebtExpense": "None", "netIncomeFromContinuingOperations": "621000000", "comprehensiveIncomeNetOfTax": "None", "ebit": "795000000", "ebitda": "1101000000", "netIncome": "621000000"}, {"fiscalDateEnding": "2018-10-31", "reportedCurrency": "USD", "grossProfit": "2111000000", "totalRevenue": "3878000000", "costOfRevenue": "1767000000", "costofGoodsAndServicesSold": "1767000000", "operatingIncome": "-394000000", "sellingGeneralAndAdministrative": "1185000000", "researchAndDevelopment": "624000000", "operatingExpenses": "1796000000", "investmentIncomeNet": "None", "netInterestIncome": "-71000000", "interestIncome": "12000000", "interestExpense": "83000000", "nonInterestIncome": "None", "otherNonOperatingIncome": "18000000", "depreciation": "None", "depreciationAndAmortization": "307000000", "incomeBeforeTax": "-411000000", "incomeTaxExpense": "-576000000", "interestAndDebtExpense": "None", "netIncomeFromContinuingOperations": "165000000", "comprehensiveIncomeNetOfTax": "None", "ebit": "-328000000", "ebitda": "-21000000", "netIncome": "165000000"}, {"fiscalDateEnding": "2017-10-31", "reportedCurrency": "USD", "grossProfit": "1702000000", "totalRevenue": "3189000000", "costOfRevenue": "1487000000", "costofGoodsAndServicesSold": "1487000000", "operatingIncome": "239000000", "sellingGeneralAndAdministrative": "1049000000", "researchAndDevelopment": "498000000", "operatingExpenses": "1463000000", "investmentIncomeNet": "None", "netInterestIncome": "-73000000", "interestIncome": "7000000", "interestExpense": "80000000", "nonInterestIncome": "None", "otherNonOperatingIncome": "20000000", "depreciation": "None", "depreciationAndAmortization": "223000000", "incomeBeforeTax": "179000000", "incomeTaxExpense": "77000000", "interestAndDebtExpense": "None", "netIncomeFromContinuingOperations": "102000000", "comprehensiveIncomeNetOfTax": "None", "ebit": "259000000", "ebitda": "482000000", "netIncome": "102000000"}, {"fiscalDateEnding": "2016-10-31", "reportedCurrency": "USD", "grossProfit": "1624000000", "totalRevenue": "2918000000", "costOfRevenue": "1294000000", "costofGoodsAndServicesSold": "1294000000", "operatingIncome": "406000000", "sellingGeneralAndAdministrative": "818000000", "researchAndDevelopment": "425000000", "operatingExpenses": "1218000000", "investmentIncomeNet": "None", "netInterestIncome": "-44000000", "interestIncome": "3000000", "interestExpense": "47000000", "nonInterestIncome": "None", "otherNonOperatingIncome": "7000000", "depreciation": "None", "depreciationAndAmortization": "128000000", "incomeBeforeTax": "366000000", "incomeTaxExpense": "31000000", "interestAndDebtExpense": "None", "netIncomeFromContinuingOperations": "335000000", "comprehensiveIncomeNetOfTax": "None", "ebit": "413000000", "ebitda": "541000000", "netIncome": "335000000"}, {"fiscalDateEnding": "2015-10-31", "reportedCurrency": "USD", "grossProfit": "1592000000", "totalRevenue": "2856000000", "costOfRevenue": "1264000000", "costofGoodsAndServicesSold": "1264000000", "operatingIncome": "431000000", "sellingGeneralAndAdministrative": "787000000", "researchAndDevelopment": "387000000", "operatingExpenses": "1161000000", "investmentIncomeNet": "None", "netInterestIncome": "None", "interestIncome": "45000000", "interestExpense": "46000000", "nonInterestIncome": "None", "otherNonOperatingIncome": "3000000", "depreciation": "None", "depreciationAndAmortization": "99000000", "incomeBeforeTax": "388000000", "incomeTaxExpense": "-125000000", "interestAndDebtExpense": "None", "netIncomeFromContinuingOperations": "513000000", "comprehensiveIncomeNetOfTax": "None", "ebit": "481000000", "ebitda": "580000000", "netIncome": "513000000"}, {"fiscalDateEnding": "2014-10-31", "reportedCurrency": "USD", "grossProfit": "1620000000", "totalRevenue": "2933000000", "costOfRevenue": "1313000000", "costofGoodsAndServicesSold": "1313000000", "operatingIncome": "469000000", "sellingGeneralAndAdministrative": "790000000", "researchAndDevelopment": "361000000", "operatingExpenses": "1151000000", "investmentIncomeNet": "None", "netInterestIncome": "None", "interestIncome": "None", "interestExpense": "3000000", "nonInterestIncome": "None", "otherNonOperatingIncome": "None", "depreciation": "None", "depreciationAndAmortization": "84000000", "incomeBeforeTax": "475000000", "incomeTaxExpense": "83000000", "interestAndDebtExpense": "None", "netIncomeFromContinuingOperations": "392000000", "comprehensiveIncomeNetOfTax": "None", "ebit": "478000000", "ebitda": "562000000", "netIncome": "392000000"}, {"fiscalDateEnding": "2013-10-31", "reportedCurrency": "USD", "grossProfit": "1623000000", "totalRevenue": "2888000000", "costOfRevenue": "1265000000", "costofGoodsAndServicesSold": "1265000000", "operatingIncome": "496000000", "sellingGeneralAndAdministrative": "1116000000", "researchAndDevelopment": "375000000", "operatingExpenses": "1127000000", "investmentIncomeNet": "None", "netInterestIncome": "None", "interestIncome": "None", "interestExpense": "0", "nonInterestIncome": "None", "otherNonOperatingIncome": "None", "depreciation": "None", "depreciationAndAmortization": "77000000", "incomeBeforeTax": "501000000", "incomeTaxExpense": "44000000", "interestAndDebtExpense": "None", "netIncomeFromContinuingOperations": "None", "comprehensiveIncomeNetOfTax": "None", "ebit": "498000000", "ebitda": "575000000", "netIncome": "457000000"}, {"fiscalDateEnding": "2012-10-31", "reportedCurrency": "USD", "grossProfit": "1881000000", "totalRevenue": "3315000000", "costOfRevenue": "1434000000", "costofGoodsAndServicesSold": "1434000000", "operatingIncome": "733000000", "sellingGeneralAndAdministrative": "1148000000", "researchAndDevelopment": "377000000", "operatingExpenses": "1148000000", "investmentIncomeNet": "None", "netInterestIncome": "None", "interestIncome": "None", "interestExpense": "0", "nonInterestIncome": "None", "otherNonOperatingIncome": "None", "depreciation": "None", "depreciationAndAmortization": "65000000", "incomeBeforeTax": "746000000", "incomeTaxExpense": "-95000000", "interestAndDebtExpense": "None", "netIncomeFromContinuingOperations": "None", "comprehensiveIncomeNetOfTax": "None", "ebit": "746000000", "ebitda": "811000000", "netIncome": "841000000"}, {"fiscalDateEnding": "2011-10-31", "reportedCurrency": "USD", "grossProfit": "1924000000", "totalRevenue": "3316000000", "costOfRevenue": "1392000000", "costofGoodsAndServicesSold": "1392000000", "operatingIncome": "737000000", "sellingGeneralAndAdministrative": "None", "researchAndDevelopment": "381000000", "operatingExpenses": "1187000000", "investmentIncomeNet": "None", "netInterestIncome": "None", "interestIncome": "None", "interestExpense": "0", "nonInterestIncome": "None", "otherNonOperatingIncome": "None", "depreciation": "None", "depreciationAndAmortization": "56000000", "incomeBeforeTax": "749000000", "incomeTaxExpense": "-38000000", "interestAndDebtExpense": "None", "netIncomeFromContinuingOperations": "None", "comprehensiveIncomeNetOfTax": "None", "ebit": "737000000", "ebitda": "793000000", "netIncome": "787000000"}], "quarterlyReports": [{"fiscalDateEnding": "2025-01-31", "reportedCurrency": "USD", "grossProfit": "820000000", "totalRevenue": "1298000000", "costOfRevenue": "478000000", "costofGoodsAndServicesSold": "478000000", "operatingIncome": "218000000", "sellingGeneralAndAdministrative": "361000000", "researchAndDevelopment": "249000000", "operatingExpenses": "602000000", "investmentIncomeNet": "None", "netInterestIncome": "-1000000", "interestIncome": "19000000", "interestExpense": "20000000", "nonInterestIncome": "None", "otherNonOperatingIncome": "None", "depreciation": "None", "depreciationAndAmortization": "66000000", "incomeBeforeTax": "199000000", "incomeTaxExpense": "30000000", "interestAndDebtExpense": "None", "netIncomeFromContinuingOperations": "169000000", "comprehensiveIncomeNetOfTax": "None", "ebit": "219000000", "ebitda": "285000000", "netIncome": "169000000"}, {"fiscalDateEnding": "2024-10-31", "reportedCurrency": "USD", "grossProfit": "802000000", "totalRevenue": "1287000000", "costOfRevenue": "485000000", "costofGoodsAndServicesSold": "485000000", "operatingIncome": "230000000", "sellingGeneralAndAdministrative": "343000000", "researchAndDevelopment": "233000000", "operatingExpenses": "572000000", "investmentIncomeNet": "None", "netInterestIncome": "-2000000", "interestIncome": "21000000", "interestExpense": "23000000", "nonInterestIncome": "None", "otherNonOperatingIncome": "None", "depreciation": "None", "depreciationAndAmortization": "68000000", "incomeBeforeTax": "248000000", "incomeTaxExpense": "321000000", "interestAndDebtExpense": "None", "netIncomeFromContinuingOperations": "-73000000", "comprehensiveIncomeNetOfTax": "None", "ebit": "233000000", "ebitda": "301000000", "netIncome": "-73000000"}, {"fiscalDateEnding": "2024-07-31", "reportedCurrency": "USD", "grossProfit": "755000000", "totalRevenue": "1217000000", "costOfRevenue": "462000000", "costofGoodsAndServicesSold": "462000000", "operatingIncome": "205000000", "sellingGeneralAndAdministrative": "329000000", "researchAndDevelopment": "226000000", "operatingExpenses": "550000000", "investmentIncomeNet": "None", "netInterestIncome": "-2000000", "interestIncome": "19000000", "interestExpense": "21000000", "nonInterestIncome": "None", "otherNonOperatingIncome": "None", "depreciation": "None", "depreciationAndAmortization": "64000000", "incomeBeforeTax": "213000000", "incomeTaxExpense": "-176000000", "interestAndDebtExpense": "None", "netIncomeFromContinuingOperations": "389000000", "comprehensiveIncomeNetOfTax": "None", "ebit": "208000000", "ebitda": "272000000", "netIncome": "389000000"}, {"fiscalDateEnding": "2024-04-30", "reportedCurrency": "USD", "grossProfit": "758000000", "totalRevenue": "1216000000", "costOfRevenue": "458000000", "costofGoodsAndServicesSold": "458000000", "operatingIncome": "231000000", "sellingGeneralAndAdministrative": "361000000", "researchAndDevelopment": "228000000", "operatingExpenses": "527000000", "investmentIncomeNet": "None", "netInterestIncome": "-2000000", "interestIncome": "18000000", "interestExpense": "20000000", "nonInterestIncome": "None", "otherNonOperatingIncome": "None", "depreciation": "None", "depreciationAndAmortization": "69000000", "incomeBeforeTax": "175000000", "incomeTaxExpense": "49000000", "interestAndDebtExpense": "None", "netIncomeFromContinuingOperations": "126000000", "comprehensiveIncomeNetOfTax": "None", "ebit": "195000000", "ebitda": "264000000", "netIncome": "126000000"}, {"fiscalDateEnding": "2024-01-31", "reportedCurrency": "USD", "grossProfit": "813000000", "totalRevenue": "1259000000", "costOfRevenue": "446000000", "costofGoodsAndServicesSold": "446000000", "operatingIncome": "219000000", "sellingGeneralAndAdministrative": "362000000", "researchAndDevelopment": "232000000", "operatingExpenses": "594000000", "investmentIncomeNet": "None", "netInterestIncome": "3000000", "interestIncome": "23000000", "interestExpense": "20000000", "nonInterestIncome": "None", "otherNonOperatingIncome": "None", "depreciation": "None", "depreciationAndAmortization": "68000000", "incomeBeforeTax": "229000000", "incomeTaxExpense": "57000000", "interestAndDebtExpense": "None", "netIncomeFromContinuingOperations": "172000000", "comprehensiveIncomeNetOfTax": "None", "ebit": "224000000", "ebitda": "292000000", "netIncome": "172000000"}, {"fiscalDateEnding": "2023-10-31", "reportedCurrency": "USD", "grossProfit": "844000000", "totalRevenue": "1311000000", "costOfRevenue": "467000000", "costofGoodsAndServicesSold": "467000000", "operatingIncome": "317000000", "sellingGeneralAndAdministrative": "15000000", "researchAndDevelopment": "218000000", "operatingExpenses": "527000000", "investmentIncomeNet": "None", "netInterestIncome": "12000000", "interestIncome": "32000000", "interestExpense": "20000000", "nonInterestIncome": "None", "otherNonOperatingIncome": "None", "depreciation": "None", "depreciationAndAmortization": "49000000", "incomeBeforeTax": "276000000", "incomeTaxExpense": "50000000", "interestAndDebtExpense": "None", "netIncomeFromContinuingOperations": "226000000", "comprehensiveIncomeNetOfTax": "None", "ebit": "296000000", "ebitda": "345000000", "netIncome": "226000000"}, {"fiscalDateEnding": "2023-07-31", "reportedCurrency": "USD", "grossProfit": "896000000", "totalRevenue": "1382000000", "costOfRevenue": "486000000", "costofGoodsAndServicesSold": "486000000", "operatingIncome": "365000000", "sellingGeneralAndAdministrative": "15000000", "researchAndDevelopment": "215000000", "operatingExpenses": "531000000", "investmentIncomeNet": "None", "netInterestIncome": "10000000", "interestIncome": "29000000", "interestExpense": "19000000", "nonInterestIncome": "None", "otherNonOperatingIncome": "43000000", "depreciation": "None", "depreciationAndAmortization": "54000000", "incomeBeforeTax": "389000000", "incomeTaxExpense": "101000000", "interestAndDebtExpense": "None", "netIncomeFromContinuingOperations": "288000000", "comprehensiveIncomeNetOfTax": "None", "ebit": "408000000", "ebitda": "462000000", "netIncome": "288000000"}, {"fiscalDateEnding": "2023-04-30", "reportedCurrency": "USD", "grossProfit": "909000000", "totalRevenue": "1390000000", "costOfRevenue": "481000000", "costofGoodsAndServicesSold": "481000000", "operatingIncome": "341000000", "sellingGeneralAndAdministrative": "337000000", "researchAndDevelopment": "222000000", "operatingExpenses": "555000000", "investmentIncomeNet": "None", "netInterestIncome": "2000000", "interestIncome": "22000000", "interestExpense": "20000000", "nonInterestIncome": "None", "otherNonOperatingIncome": "None", "depreciation": "None", "depreciationAndAmortization": "55000000", "incomeBeforeTax": "361000000", "incomeTaxExpense": "78000000", "interestAndDebtExpense": "None", "netIncomeFromContinuingOperations": "283000000", "comprehensiveIncomeNetOfTax": "None", "ebit": "359000000", "ebitda": "414000000", "netIncome": "283000000"}, {"fiscalDateEnding": "2023-01-31", "reportedCurrency": "USD", "grossProfit": "883000000", "totalRevenue": "1381000000", "costOfRevenue": "498000000", "costofGoodsAndServicesSold": "498000000", "operatingIncome": "322000000", "sellingGeneralAndAdministrative": "338000000", "researchAndDevelopment": "227000000", "operatingExpenses": "561000000", "investmentIncomeNet": "None", "netInterestIncome": "0", "interestIncome": "19000000", "interestExpense": "19000000", "nonInterestIncome": "None", "otherNonOperatingIncome": "28000000", "depreciation": "None", "depreciationAndAmortization": "52000000", "incomeBeforeTax": "331000000", "incomeTaxExpense": "71000000", "interestAndDebtExpense": "None", "netIncomeFromContinuingOperations": "260000000", "comprehensiveIncomeNetOfTax": "None", "ebit": "350000000", "ebitda": "402000000", "netIncome": "260000000"}, {"fiscalDateEnding": "2022-10-31", "reportedCurrency": "USD", "grossProfit": "910000000", "totalRevenue": "1443000000", "costOfRevenue": "533000000", "costofGoodsAndServicesSold": "533000000", "operatingIncome": "379000000", "sellingGeneralAndAdministrative": "321000000", "researchAndDevelopment": "215000000", "operatingExpenses": "531000000", "investmentIncomeNet": "None", "netInterestIncome": "-10000000", "interestIncome": "10000000", "interestExpense": "20000000", "nonInterestIncome": "None", "otherNonOperatingIncome": "None", "depreciation": "None", "depreciationAndAmortization": "54000000", "incomeBeforeTax": "368000000", "incomeTaxExpense": "69000000", "interestAndDebtExpense": "None", "netIncomeFromContinuingOperations": "299000000", "comprehensiveIncomeNetOfTax": "None", "ebit": "388000000", "ebitda": "442000000", "netIncome": "299000000"}, {"fiscalDateEnding": "2022-07-31", "reportedCurrency": "USD", "grossProfit": "877000000", "totalRevenue": "1376000000", "costOfRevenue": "499000000", "costofGoodsAndServicesSold": "499000000", "operatingIncome": "357000000", "sellingGeneralAndAdministrative": "317000000", "researchAndDevelopment": "206000000", "operatingExpenses": "520000000", "investmentIncomeNet": "None", "netInterestIncome": "-16000000", "interestIncome": "4000000", "interestExpense": "20000000", "nonInterestIncome": "None", "otherNonOperatingIncome": "None", "depreciation": "None", "depreciationAndAmortization": "57000000", "incomeBeforeTax": "346000000", "incomeTaxExpense": "8000000", "interestAndDebtExpense": "None", "netIncomeFromContinuingOperations": "338000000", "comprehensiveIncomeNetOfTax": "None", "ebit": "366000000", "ebitda": "423000000", "netIncome": "338000000"}, {"fiscalDateEnding": "2022-04-30", "reportedCurrency": "USD", "grossProfit": "859000000", "totalRevenue": "1351000000", "costOfRevenue": "492000000", "costofGoodsAndServicesSold": "492000000", "operatingIncome": "327000000", "sellingGeneralAndAdministrative": "319000000", "researchAndDevelopment": "210000000", "operatingExpenses": "532000000", "investmentIncomeNet": "None", "netInterestIncome": "-18000000", "interestIncome": "1000000", "interestExpense": "19000000", "nonInterestIncome": "None", "otherNonOperatingIncome": "-1000000", "depreciation": "None", "depreciationAndAmortization": "55000000", "incomeBeforeTax": "307000000", "incomeTaxExpense": "49000000", "interestAndDebtExpense": "None", "netIncomeFromContinuingOperations": "258000000", "comprehensiveIncomeNetOfTax": "None", "ebit": "326000000", "ebitda": "381000000", "netIncome": "258000000"}, {"fiscalDateEnding": "2022-01-31", "reportedCurrency": "USD", "grossProfit": "804000000", "totalRevenue": "1250000000", "costOfRevenue": "446000000", "costofGoodsAndServicesSold": "446000000", "operatingIncome": "271000000", "sellingGeneralAndAdministrative": "326000000", "researchAndDevelopment": "210000000", "operatingExpenses": "533000000", "investmentIncomeNet": "None", "netInterestIncome": "-19000000", "interestIncome": "1000000", "interestExpense": "20000000", "nonInterestIncome": "None", "otherNonOperatingIncome": "13000000", "depreciation": "None", "depreciationAndAmortization": "56000000", "incomeBeforeTax": "264000000", "incomeTaxExpense": "35000000", "interestAndDebtExpense": "None", "netIncomeFromContinuingOperations": "229000000", "comprehensiveIncomeNetOfTax": "None", "ebit": "284000000", "ebitda": "340000000", "netIncome": "229000000"}, {"fiscalDateEnding": "2021-10-31", "reportedCurrency": "USD", "grossProfit": "837000000", "totalRevenue": "1294000000", "costOfRevenue": "457000000", "costofGoodsAndServicesSold": "457000000", "operatingIncome": "349000000", "sellingGeneralAndAdministrative": "295000000", "researchAndDevelopment": "196000000", "operatingExpenses": "488000000", "investmentIncomeNet": "None", "netInterestIncome": "-19000000", "interestIncome": "1000000", "interestExpense": "20000000", "nonInterestIncome": "None", "otherNonOperatingIncome": "None", "depreciation": "None", "depreciationAndAmortization": "57000000", "incomeBeforeTax": "337000000", "incomeTaxExpense": "55000000", "interestAndDebtExpense": "None", "netIncomeFromContinuingOperations": "282000000", "comprehensiveIncomeNetOfTax": "None", "ebit": "357000000", "ebitda": "414000000", "netIncome": "282000000"}, {"fiscalDateEnding": "2021-07-31", "reportedCurrency": "USD", "grossProfit": "788000000", "totalRevenue": "1246000000", "costOfRevenue": "458000000", "costofGoodsAndServicesSold": "458000000", "operatingIncome": "284000000", "sellingGeneralAndAdministrative": "302000000", "researchAndDevelopment": "207000000", "operatingExpenses": "504000000", "investmentIncomeNet": "None", "netInterestIncome": "-19000000", "interestIncome": "1000000", "interestExpense": "20000000", "nonInterestIncome": "None", "otherNonOperatingIncome": "None", "depreciation": "None", "depreciationAndAmortization": "63000000", "incomeBeforeTax": "270000000", "incomeTaxExpense": "16000000", "interestAndDebtExpense": "None", "netIncomeFromContinuingOperations": "254000000", "comprehensiveIncomeNetOfTax": "None", "ebit": "291000000", "ebitda": "354000000", "netIncome": "254000000"}, {"fiscalDateEnding": "2021-04-30", "reportedCurrency": "USD", "grossProfit": "737000000", "totalRevenue": "1221000000", "costOfRevenue": "484000000", "costofGoodsAndServicesSold": "484000000", "operatingIncome": "235000000", "sellingGeneralAndAdministrative": "297000000", "researchAndDevelopment": "209000000", "operatingExpenses": "502000000", "investmentIncomeNet": "None", "netInterestIncome": "-19000000", "interestIncome": "0", "interestExpense": "19000000", "nonInterestIncome": "None", "otherNonOperatingIncome": "-8000000", "depreciation": "None", "depreciationAndAmortization": "85000000", "incomeBeforeTax": "208000000", "incomeTaxExpense": "22000000", "interestAndDebtExpense": "None", "netIncomeFromContinuingOperations": "186000000", "comprehensiveIncomeNetOfTax": "None", "ebit": "227000000", "ebitda": "312000000", "netIncome": "186000000"}, {"fiscalDateEnding": "2021-01-31", "reportedCurrency": "USD", "grossProfit": "707000000", "totalRevenue": "1180000000", "costOfRevenue": "473000000", "costofGoodsAndServicesSold": "473000000", "operatingIncome": "212000000", "sellingGeneralAndAdministrative": "301000000", "researchAndDevelopment": "199000000", "operatingExpenses": "495000000", "investmentIncomeNet": "None", "netInterestIncome": "-19000000", "interestIncome": "1000000", "interestExpense": "20000000", "nonInterestIncome": "None", "otherNonOperatingIncome": "3000000", "depreciation": "None", "depreciationAndAmortization": "87000000", "incomeBeforeTax": "195000000", "incomeTaxExpense": "23000000", "interestAndDebtExpense": "None", "netIncomeFromContinuingOperations": "172000000", "comprehensiveIncomeNetOfTax": "None", "ebit": "214000000", "ebitda": "301000000", "netIncome": "172000000"}, {"fiscalDateEnding": "2020-10-31", "reportedCurrency": "USD", "grossProfit": "756000000", "totalRevenue": "1220000000", "costOfRevenue": "464000000", "costofGoodsAndServicesSold": "464000000", "operatingIncome": "278000000", "sellingGeneralAndAdministrative": "287000000", "researchAndDevelopment": "193000000", "operatingExpenses": "478000000", "investmentIncomeNet": "None", "netInterestIncome": "-19000000", "interestIncome": "0", "interestExpense": "19000000", "nonInterestIncome": "None", "otherNonOperatingIncome": "7000000", "depreciation": "None", "depreciationAndAmortization": "87000000", "incomeBeforeTax": "266000000", "incomeTaxExpense": "49000000", "interestAndDebtExpense": "None", "netIncomeFromContinuingOperations": "217000000", "comprehensiveIncomeNetOfTax": "None", "ebit": "291000000", "ebitda": "378000000", "netIncome": "217000000"}, {"fiscalDateEnding": "2020-07-31", "reportedCurrency": "USD", "grossProfit": "606000000", "totalRevenue": "1011000000", "costOfRevenue": "405000000", "costofGoodsAndServicesSold": "405000000", "operatingIncome": "182000000", "sellingGeneralAndAdministrative": "259000000", "researchAndDevelopment": "169000000", "operatingExpenses": "424000000", "investmentIncomeNet": "None", "netInterestIncome": "-19000000", "interestIncome": "1000000", "interestExpense": "20000000", "nonInterestIncome": "None", "otherNonOperatingIncome": "23000000", "depreciation": "None", "depreciationAndAmortization": "80000000", "incomeBeforeTax": "185000000", "incomeTaxExpense": "9000000", "interestAndDebtExpense": "None", "netIncomeFromContinuingOperations": "176000000", "comprehensiveIncomeNetOfTax": "None", "ebit": "205000000", "ebitda": "285000000", "netIncome": "176000000"}, {"fiscalDateEnding": "2020-04-30", "reportedCurrency": "USD", "grossProfit": "516000000", "totalRevenue": "895000000", "costOfRevenue": "379000000", "costofGoodsAndServicesSold": "379000000", "operatingIncome": "102000000", "sellingGeneralAndAdministrative": "251000000", "researchAndDevelopment": "166000000", "operatingExpenses": "414000000", "investmentIncomeNet": "None", "netInterestIncome": "-16000000", "interestIncome": "4000000", "interestExpense": "20000000", "nonInterestIncome": "None", "otherNonOperatingIncome": "26000000", "depreciation": "None", "depreciationAndAmortization": "79000000", "incomeBeforeTax": "108000000", "incomeTaxExpense": "37000000", "interestAndDebtExpense": "None", "netIncomeFromContinuingOperations": "71000000", "comprehensiveIncomeNetOfTax": "None", "ebit": "128000000", "ebitda": "207000000", "netIncome": "71000000"}, {"fiscalDateEnding": "2020-01-31", "reportedCurrency": "USD", "grossProfit": "655000000", "totalRevenue": "1095000000", "costOfRevenue": "440000000", "costofGoodsAndServicesSold": "440000000", "operatingIncome": "203000000", "sellingGeneralAndAdministrative": "300000000", "researchAndDevelopment": "187000000", "operatingExpenses": "452000000", "investmentIncomeNet": "None", "netInterestIncome": "-13000000", "interestIncome": "6000000", "interestExpense": "19000000", "nonInterestIncome": "None", "otherNonOperatingIncome": "18000000", "depreciation": "None", "depreciationAndAmortization": "80000000", "incomeBeforeTax": "202000000", "incomeTaxExpense": "39000000", "interestAndDebtExpense": "None", "netIncomeFromContinuingOperations": "163000000", "comprehensiveIncomeNetOfTax": "None", "ebit": "221000000", "ebitda": "301000000", "netIncome": "163000000"}, {"fiscalDateEnding": "2019-10-31", "reportedCurrency": "USD", "grossProfit": "665000000", "totalRevenue": "1120000000", "costOfRevenue": "455000000", "costofGoodsAndServicesSold": "455000000", "operatingIncome": "208000000", "sellingGeneralAndAdministrative": "286000000", "researchAndDevelopment": "176000000", "operatingExpenses": "457000000", "investmentIncomeNet": "None", "netInterestIncome": "-14000000", "interestIncome": "6000000", "interestExpense": "20000000", "nonInterestIncome": "None", "otherNonOperatingIncome": "15000000", "depreciation": "None", "depreciationAndAmortization": "79000000", "incomeBeforeTax": "203000000", "incomeTaxExpense": "8000000", "interestAndDebtExpense": "None", "netIncomeFromContinuingOperations": "195000000", "comprehensiveIncomeNetOfTax": "None", "ebit": "221000000", "ebitda": "300000000", "netIncome": "195000000"}, {"fiscalDateEnding": "2019-07-31", "reportedCurrency": "USD", "grossProfit": "643000000", "totalRevenue": "1087000000", "costOfRevenue": "444000000", "costofGoodsAndServicesSold": "444000000", "operatingIncome": "197000000", "sellingGeneralAndAdministrative": "281000000", "researchAndDevelopment": "168000000", "operatingExpenses": "446000000", "investmentIncomeNet": "None", "netInterestIncome": "-13000000", "interestIncome": "7000000", "interestExpense": "20000000", "nonInterestIncome": "None", "otherNonOperatingIncome": "22000000", "depreciation": "None", "depreciationAndAmortization": "78000000", "incomeBeforeTax": "199000000", "incomeTaxExpense": "40000000", "interestAndDebtExpense": "None", "netIncomeFromContinuingOperations": "159000000", "comprehensiveIncomeNetOfTax": "None", "ebit": "210000000", "ebitda": "288000000", "netIncome": "159000000"}, {"fiscalDateEnding": "2019-04-30", "reportedCurrency": "USD", "grossProfit": "648000000", "totalRevenue": "1090000000", "costOfRevenue": "442000000", "costofGoodsAndServicesSold": "442000000", "operatingIncome": "185000000", "sellingGeneralAndAdministrative": "300000000", "researchAndDevelopment": "171000000", "operatingExpenses": "463000000", "investmentIncomeNet": "None", "netInterestIncome": "-14000000", "interestIncome": "16000000", "interestExpense": "20000000", "nonInterestIncome": "None", "otherNonOperatingIncome": "28000000", "depreciation": "None", "depreciationAndAmortization": "75000000", "incomeBeforeTax": "193000000", "incomeTaxExpense": "40000000", "interestAndDebtExpense": "None", "netIncomeFromContinuingOperations": "153000000", "comprehensiveIncomeNetOfTax": "None", "ebit": "213000000", "ebitda": "288000000", "netIncome": "153000000"}, {"fiscalDateEnding": "2019-01-31", "reportedCurrency": "USD", "grossProfit": "578000000", "totalRevenue": "1006000000", "costOfRevenue": "428000000", "costofGoodsAndServicesSold": "428000000", "operatingIncome": "121000000", "sellingGeneralAndAdministrative": "288000000", "researchAndDevelopment": "173000000", "operatingExpenses": "457000000", "investmentIncomeNet": "None", "netInterestIncome": "None", "interestIncome": "None", "interestExpense": "20000000", "nonInterestIncome": "None", "otherNonOperatingIncome": "19000000", "depreciation": "None", "depreciationAndAmortization": "76000000", "incomeBeforeTax": "120000000", "incomeTaxExpense": "6000000", "interestAndDebtExpense": "None", "netIncomeFromContinuingOperations": "114000000", "comprehensiveIncomeNetOfTax": "None", "ebit": "140000000", "ebitda": "216000000", "netIncome": "114000000"}, {"fiscalDateEnding": "2018-10-31", "reportedCurrency": "USD", "grossProfit": "587000000", "totalRevenue": "1047000000", "costOfRevenue": "460000000", "costofGoodsAndServicesSold": "460000000", "operatingIncome": "-569000000", "sellingGeneralAndAdministrative": "308000000", "researchAndDevelopment": "154000000", "operatingExpenses": "447000000", "investmentIncomeNet": "None", "netInterestIncome": "None", "interestIncome": "None", "interestExpense": "20000000", "nonInterestIncome": "None", "otherNonOperatingIncome": "5000000", "depreciation": "None", "depreciationAndAmortization": "77000000", "incomeBeforeTax": "-584000000", "incomeTaxExpense": "-470000000", "interestAndDebtExpense": "None", "netIncomeFromContinuingOperations": "-114000000", "comprehensiveIncomeNetOfTax": "None", "ebit": "-565000000", "ebitda": "-488000000", "netIncome": "-114000000"}, {"fiscalDateEnding": "2018-07-31", "reportedCurrency": "USD", "grossProfit": "565000000", "totalRevenue": "1004000000", "costOfRevenue": "439000000", "costofGoodsAndServicesSold": "439000000", "operatingIncome": "128000000", "sellingGeneralAndAdministrative": "289000000", "researchAndDevelopment": "151000000", "operatingExpenses": "437000000", "investmentIncomeNet": "None", "netInterestIncome": "None", "interestIncome": "None", "interestExpense": "20000000", "nonInterestIncome": "None", "otherNonOperatingIncome": "5000000", "depreciation": "None", "depreciationAndAmortization": "76000000", "incomeBeforeTax": "113000000", "incomeTaxExpense": "-8000000", "interestAndDebtExpense": "None", "netIncomeFromContinuingOperations": "121000000", "comprehensiveIncomeNetOfTax": "None", "ebit": "133000000", "ebitda": "209000000", "netIncome": "121000000"}, {"fiscalDateEnding": "2018-04-30", "reportedCurrency": "USD", "grossProfit": "543000000", "totalRevenue": "990000000", "costOfRevenue": "447000000", "costofGoodsAndServicesSold": "447000000", "operatingIncome": "100000000", "sellingGeneralAndAdministrative": "299000000", "researchAndDevelopment": "156000000", "operatingExpenses": "443000000", "investmentIncomeNet": "None", "netInterestIncome": "None", "interestIncome": "None", "interestExpense": "21000000", "nonInterestIncome": "None", "otherNonOperatingIncome": "4000000", "depreciation": "None", "depreciationAndAmortization": "79000000", "incomeBeforeTax": "83000000", "incomeTaxExpense": "19000000", "interestAndDebtExpense": "None", "netIncomeFromContinuingOperations": "64000000", "comprehensiveIncomeNetOfTax": "None", "ebit": "104000000", "ebitda": "183000000", "netIncome": "64000000"}, {"fiscalDateEnding": "2018-01-31", "reportedCurrency": "USD", "grossProfit": "427000000", "totalRevenue": "837000000", "costOfRevenue": "410000000", "costofGoodsAndServicesSold": "410000000", "operatingIncome": "-5000000", "sellingGeneralAndAdministrative": "289000000", "researchAndDevelopment": "146000000", "operatingExpenses": "432000000", "investmentIncomeNet": "None", "netInterestIncome": "None", "interestIncome": "None", "interestExpense": "22000000", "nonInterestIncome": "None", "otherNonOperatingIncome": "4000000", "depreciation": "None", "depreciationAndAmortization": "78000000", "incomeBeforeTax": "-23000000", "incomeTaxExpense": "-117000000", "interestAndDebtExpense": "None", "netIncomeFromContinuingOperations": "94000000", "comprehensiveIncomeNetOfTax": "None", "ebit": "-1000000", "ebitda": "77000000", "netIncome": "94000000"}, {"fiscalDateEnding": "2017-10-31", "reportedCurrency": "USD", "grossProfit": "474000000", "totalRevenue": "878000000", "costOfRevenue": "404000000", "costofGoodsAndServicesSold": "404000000", "operatingIncome": "39000000", "sellingGeneralAndAdministrative": "294000000", "researchAndDevelopment": "139000000", "operatingExpenses": "435000000", "investmentIncomeNet": "None", "netInterestIncome": "None", "interestIncome": "None", "interestExpense": "22000000", "nonInterestIncome": "None", "otherNonOperatingIncome": "13000000", "depreciation": "None", "depreciationAndAmortization": "72000000", "incomeBeforeTax": "30000000", "incomeTaxExpense": "68000000", "interestAndDebtExpense": "None", "netIncomeFromContinuingOperations": "-38000000", "comprehensiveIncomeNetOfTax": "None", "ebit": "52000000", "ebitda": "124000000", "netIncome": "-38000000"}, {"fiscalDateEnding": "2017-07-31", "reportedCurrency": "USD", "grossProfit": "411000000", "totalRevenue": "832000000", "costOfRevenue": "421000000", "costofGoodsAndServicesSold": "421000000", "operatingIncome": "-4000000", "sellingGeneralAndAdministrative": "286000000", "researchAndDevelopment": "132000000", "operatingExpenses": "415000000", "investmentIncomeNet": "None", "netInterestIncome": "None", "interestIncome": "None", "interestExpense": "22000000", "nonInterestIncome": "None", "otherNonOperatingIncome": "1000000", "depreciation": "None", "depreciationAndAmortization": "80000000", "incomeBeforeTax": "-25000000", "incomeTaxExpense": "-7000000", "interestAndDebtExpense": "None", "netIncomeFromContinuingOperations": "-18000000", "comprehensiveIncomeNetOfTax": "None", "ebit": "-3000000", "ebitda": "77000000", "netIncome": "-18000000"}, {"fiscalDateEnding": "2017-04-30", "reportedCurrency": "USD", "grossProfit": "413000000", "totalRevenue": "753000000", "costOfRevenue": "340000000", "costofGoodsAndServicesSold": "340000000", "operatingIncome": "42000000", "sellingGeneralAndAdministrative": "256000000", "researchAndDevelopment": "119000000", "operatingExpenses": "371000000", "investmentIncomeNet": "None", "netInterestIncome": "None", "interestIncome": "None", "interestExpense": "24000000", "nonInterestIncome": "None", "otherNonOperatingIncome": "4000000", "depreciation": "None", "depreciationAndAmortization": "41000000", "incomeBeforeTax": "22000000", "incomeTaxExpense": "-27000000", "interestAndDebtExpense": "None", "netIncomeFromContinuingOperations": "49000000", "comprehensiveIncomeNetOfTax": "None", "ebit": "46000000", "ebitda": "87000000", "netIncome": "49000000"}, {"fiscalDateEnding": "2017-01-31", "reportedCurrency": "USD", "grossProfit": "404000000", "totalRevenue": "726000000", "costOfRevenue": "322000000", "costofGoodsAndServicesSold": "322000000", "operatingIncome": "162000000", "sellingGeneralAndAdministrative": "213000000", "researchAndDevelopment": "108000000", "operatingExpenses": "242000000", "investmentIncomeNet": "None", "netInterestIncome": "None", "interestIncome": "None", "interestExpense": "12000000", "nonInterestIncome": "None", "otherNonOperatingIncome": "2000000", "depreciation": "None", "depreciationAndAmortization": "32000000", "incomeBeforeTax": "152000000", "incomeTaxExpense": "43000000", "interestAndDebtExpense": "None", "netIncomeFromContinuingOperations": "109000000", "comprehensiveIncomeNetOfTax": "None", "ebit": "164000000", "ebitda": "196000000", "netIncome": "109000000"}, {"fiscalDateEnding": "2016-10-31", "reportedCurrency": "USD", "grossProfit": "420000000", "totalRevenue": "751000000", "costOfRevenue": "331000000", "costofGoodsAndServicesSold": "331000000", "operatingIncome": "107000000", "sellingGeneralAndAdministrative": "211000000", "researchAndDevelopment": "105000000", "operatingExpenses": "313000000", "investmentIncomeNet": "None", "netInterestIncome": "None", "interestIncome": "None", "interestExpense": "12000000", "nonInterestIncome": "None", "otherNonOperatingIncome": "3000000", "depreciation": "None", "depreciationAndAmortization": "33000000", "incomeBeforeTax": "98000000", "incomeTaxExpense": "6000000", "interestAndDebtExpense": "None", "netIncomeFromContinuingOperations": "92000000", "comprehensiveIncomeNetOfTax": "None", "ebit": "110000000", "ebitda": "143000000", "netIncome": "92000000"}, {"fiscalDateEnding": "2016-07-31", "reportedCurrency": "USD", "grossProfit": "406000000", "totalRevenue": "715000000", "costOfRevenue": "309000000", "costofGoodsAndServicesSold": "309000000", "operatingIncome": "106000000", "sellingGeneralAndAdministrative": "200000000", "researchAndDevelopment": "104000000", "operatingExpenses": "300000000", "investmentIncomeNet": "None", "netInterestIncome": "None", "interestIncome": "None", "interestExpense": "11000000", "nonInterestIncome": "None", "otherNonOperatingIncome": "2000000", "depreciation": "None", "depreciationAndAmortization": "34000000", "incomeBeforeTax": "97000000", "incomeTaxExpense": "6000000", "interestAndDebtExpense": "None", "netIncomeFromContinuingOperations": "91000000", "comprehensiveIncomeNetOfTax": "None", "ebit": "110000000", "ebitda": "144000000", "netIncome": "91000000"}, {"fiscalDateEnding": "2016-04-30", "reportedCurrency": "USD", "grossProfit": "406000000", "totalRevenue": "731000000", "costOfRevenue": "325000000", "costofGoodsAndServicesSold": "325000000", "operatingIncome": "95000000", "sellingGeneralAndAdministrative": "207000000", "researchAndDevelopment": "108000000", "operatingExpenses": "311000000", "investmentIncomeNet": "None", "netInterestIncome": "None", "interestIncome": "None", "interestExpense": "12000000", "nonInterestIncome": "None", "otherNonOperatingIncome": "4000000", "depreciation": "None", "depreciationAndAmortization": "34000000", "incomeBeforeTax": "87000000", "incomeTaxExpense": "-1000000", "interestAndDebtExpense": "None", "netIncomeFromContinuingOperations": "88000000", "comprehensiveIncomeNetOfTax": "None", "ebit": "100000000", "ebitda": "134000000", "netIncome": "88000000"}, {"fiscalDateEnding": "2016-01-31", "reportedCurrency": "USD", "grossProfit": "389000000", "totalRevenue": "721000000", "costOfRevenue": "332000000", "costofGoodsAndServicesSold": "332000000", "operatingIncome": "98000000", "sellingGeneralAndAdministrative": "200000000", "researchAndDevelopment": "108000000", "operatingExpenses": "291000000", "investmentIncomeNet": "None", "netInterestIncome": "None", "interestIncome": "None", "interestExpense": "12000000", "nonInterestIncome": "None", "otherNonOperatingIncome": "-2000000", "depreciation": "None", "depreciationAndAmortization": "33000000", "incomeBeforeTax": "84000000", "incomeTaxExpense": "20000000", "interestAndDebtExpense": "None", "netIncomeFromContinuingOperations": "64000000", "comprehensiveIncomeNetOfTax": "None", "ebit": "90000000", "ebitda": "123000000", "netIncome": "64000000"}, {"fiscalDateEnding": "2015-10-31", "reportedCurrency": "USD", "grossProfit": "423000000", "totalRevenue": "750000000", "costOfRevenue": "327000000", "costofGoodsAndServicesSold": "327000000", "operatingIncome": "111000000", "sellingGeneralAndAdministrative": "206000000", "researchAndDevelopment": "105000000", "operatingExpenses": "312000000", "investmentIncomeNet": "None", "netInterestIncome": "None", "interestIncome": "None", "interestExpense": "11000000", "nonInterestIncome": "None", "otherNonOperatingIncome": "-10000000", "depreciation": "None", "depreciationAndAmortization": "30000000", "incomeBeforeTax": "101000000", "incomeTaxExpense": "-176000000", "interestAndDebtExpense": "None", "netIncomeFromContinuingOperations": "277000000", "comprehensiveIncomeNetOfTax": "None", "ebit": "159000000", "ebitda": "189000000", "netIncome": "277000000"}, {"fiscalDateEnding": "2015-07-31", "reportedCurrency": "USD", "grossProfit": "370000000", "totalRevenue": "665000000", "costOfRevenue": "295000000", "costofGoodsAndServicesSold": "295000000", "operatingIncome": "100000000", "sellingGeneralAndAdministrative": "183000000", "researchAndDevelopment": "90000000", "operatingExpenses": "270000000", "investmentIncomeNet": "None", "netInterestIncome": "None", "interestIncome": "None", "interestExpense": "12000000", "nonInterestIncome": "None", "otherNonOperatingIncome": "-1000000", "depreciation": "None", "depreciationAndAmortization": "23000000", "incomeBeforeTax": "87000000", "incomeTaxExpense": "17000000", "interestAndDebtExpense": "None", "netIncomeFromContinuingOperations": "70000000", "comprehensiveIncomeNetOfTax": "None", "ebit": "102000000", "ebitda": "125000000", "netIncome": "70000000"}, {"fiscalDateEnding": "2015-04-30", "reportedCurrency": "USD", "grossProfit": "416000000", "totalRevenue": "740000000", "costOfRevenue": "324000000", "costofGoodsAndServicesSold": "324000000", "operatingIncome": "128000000", "sellingGeneralAndAdministrative": "192000000", "researchAndDevelopment": "96000000", "operatingExpenses": "288000000", "investmentIncomeNet": "None", "netInterestIncome": "None", "interestIncome": "None", "interestExpense": "11000000", "nonInterestIncome": "None", "otherNonOperatingIncome": "5000000", "depreciation": "None", "depreciationAndAmortization": "23000000", "incomeBeforeTax": "122000000", "incomeTaxExpense": "26000000", "interestAndDebtExpense": "None", "netIncomeFromContinuingOperations": "96000000", "comprehensiveIncomeNetOfTax": "None", "ebit": "133000000", "ebitda": "156000000", "netIncome": "96000000"}, {"fiscalDateEnding": "2015-01-31", "reportedCurrency": "USD", "grossProfit": "383000000", "totalRevenue": "701000000", "costOfRevenue": "318000000", "costofGoodsAndServicesSold": "318000000", "operatingIncome": "81000000", "sellingGeneralAndAdministrative": "206000000", "researchAndDevelopment": "96000000", "operatingExpenses": "302000000", "investmentIncomeNet": "None", "netInterestIncome": "None", "interestIncome": "None", "interestExpense": "12000000", "nonInterestIncome": "None", "otherNonOperatingIncome": "9000000", "depreciation": "None", "depreciationAndAmortization": "23000000", "incomeBeforeTax": "78000000", "incomeTaxExpense": "8000000", "interestAndDebtExpense": "None", "netIncomeFromContinuingOperations": "70000000", "comprehensiveIncomeNetOfTax": "None", "ebit": "87000000", "ebitda": "110000000", "netIncome": "70000000"}, {"fiscalDateEnding": "2014-10-31", "reportedCurrency": "USD", "grossProfit": "419000000", "totalRevenue": "762000000", "costOfRevenue": "343000000", "costofGoodsAndServicesSold": "343000000", "operatingIncome": "130000000", "sellingGeneralAndAdministrative": "198000000", "researchAndDevelopment": "91000000", "operatingExpenses": "289000000", "investmentIncomeNet": "None", "netInterestIncome": "None", "interestIncome": "None", "interestExpense": "3000000", "nonInterestIncome": "None", "otherNonOperatingIncome": "None", "depreciation": "None", "depreciationAndAmortization": "25000000", "incomeBeforeTax": "133000000", "incomeTaxExpense": "32000000", "interestAndDebtExpense": "None", "netIncomeFromContinuingOperations": "392000000", "comprehensiveIncomeNetOfTax": "None", "ebit": "207000000", "ebitda": "232000000", "netIncome": "101000000"}, {"fiscalDateEnding": "2014-07-31", "reportedCurrency": "USD", "grossProfit": "414000000", "totalRevenue": "757000000", "costOfRevenue": "343000000", "costofGoodsAndServicesSold": "343000000", "operatingIncome": "121000000", "sellingGeneralAndAdministrative": "202000000", "researchAndDevelopment": "91000000", "operatingExpenses": "293000000", "investmentIncomeNet": "None", "netInterestIncome": "None", "interestIncome": "None", "interestExpense": "0", "nonInterestIncome": "None", "otherNonOperatingIncome": "None", "depreciation": "None", "depreciationAndAmortization": "20000000", "incomeBeforeTax": "122000000", "incomeTaxExpense": "15000000", "interestAndDebtExpense": "None", "netIncomeFromContinuingOperations": "0", "comprehensiveIncomeNetOfTax": "None", "ebit": "121000000", "ebitda": "141000000", "netIncome": "107000000"}, {"fiscalDateEnding": "2014-04-30", "reportedCurrency": "USD", "grossProfit": "415000000", "totalRevenue": "743000000", "costOfRevenue": "328000000", "costofGoodsAndServicesSold": "328000000", "operatingIncome": "127000000", "sellingGeneralAndAdministrative": "199000000", "researchAndDevelopment": "89000000", "operatingExpenses": "288000000", "investmentIncomeNet": "None", "netInterestIncome": "None", "interestIncome": "None", "interestExpense": "0", "nonInterestIncome": "None", "otherNonOperatingIncome": "None", "depreciation": "None", "depreciationAndAmortization": "20000000", "incomeBeforeTax": "128000000", "incomeTaxExpense": "18000000", "interestAndDebtExpense": "None", "netIncomeFromContinuingOperations": "0", "comprehensiveIncomeNetOfTax": "None", "ebit": "144000000", "ebitda": "164000000", "netIncome": "110000000"}, {"fiscalDateEnding": "2014-01-31", "reportedCurrency": "USD", "grossProfit": "372000000", "totalRevenue": "671000000", "costOfRevenue": "299000000", "costofGoodsAndServicesSold": "299000000", "operatingIncome": "91000000", "sellingGeneralAndAdministrative": "274000000", "researchAndDevelopment": "90000000", "operatingExpenses": "281000000", "investmentIncomeNet": "None", "netInterestIncome": "None", "interestIncome": "None", "interestExpense": "0", "nonInterestIncome": "None", "otherNonOperatingIncome": "None", "depreciation": "None", "depreciationAndAmortization": "19000000", "incomeBeforeTax": "92000000", "incomeTaxExpense": "18000000", "interestAndDebtExpense": "None", "netIncomeFromContinuingOperations": "0", "comprehensiveIncomeNetOfTax": "None", "ebit": "99000000", "ebitda": "118000000", "netIncome": "74000000"}, {"fiscalDateEnding": "2013-10-31", "reportedCurrency": "USD", "grossProfit": "395000000", "totalRevenue": "705000000", "costOfRevenue": "310000000", "costofGoodsAndServicesSold": "310000000", "operatingIncome": "128000000", "sellingGeneralAndAdministrative": "270000000", "researchAndDevelopment": "88000000", "operatingExpenses": "267000000", "investmentIncomeNet": "None", "netInterestIncome": "None", "interestIncome": "None", "interestExpense": "0", "nonInterestIncome": "None", "otherNonOperatingIncome": "None", "depreciation": "None", "depreciationAndAmortization": "20000000", "incomeBeforeTax": "127000000", "incomeTaxExpense": "12000000", "interestAndDebtExpense": "None", "netIncomeFromContinuingOperations": "0", "comprehensiveIncomeNetOfTax": "None", "ebit": "128000000", "ebitda": "148000000", "netIncome": "115000000"}, {"fiscalDateEnding": "2013-07-31", "reportedCurrency": "USD", "grossProfit": "391000000", "totalRevenue": "701000000", "costOfRevenue": "310000000", "costofGoodsAndServicesSold": "310000000", "operatingIncome": "121000000", "sellingGeneralAndAdministrative": "270000000", "researchAndDevelopment": "91000000", "operatingExpenses": "270000000", "investmentIncomeNet": "None", "netInterestIncome": "None", "interestIncome": "None", "interestExpense": "0", "nonInterestIncome": "None", "otherNonOperatingIncome": "None", "depreciation": "None", "depreciationAndAmortization": "19000000", "incomeBeforeTax": "122000000", "incomeTaxExpense": "11000000", "interestAndDebtExpense": "None", "netIncomeFromContinuingOperations": "0", "comprehensiveIncomeNetOfTax": "None", "ebit": "121000000", "ebitda": "140000000", "netIncome": "111000000"}, {"fiscalDateEnding": "2013-04-30", "reportedCurrency": "USD", "grossProfit": "426000000", "totalRevenue": "760000000", "costOfRevenue": "334000000", "costofGoodsAndServicesSold": "334000000", "operatingIncome": "129000000", "sellingGeneralAndAdministrative": "283000000", "researchAndDevelopment": "99000000", "operatingExpenses": "297000000", "investmentIncomeNet": "None", "netInterestIncome": "None", "interestIncome": "None", "interestExpense": "0", "nonInterestIncome": "None", "otherNonOperatingIncome": "None", "depreciation": "None", "depreciationAndAmortization": "19000000", "incomeBeforeTax": "134000000", "incomeTaxExpense": "13000000", "interestAndDebtExpense": "None", "netIncomeFromContinuingOperations": "0", "comprehensiveIncomeNetOfTax": "None", "ebit": "146000000", "ebitda": "165000000", "netIncome": "121000000"}, {"fiscalDateEnding": "2013-01-31", "reportedCurrency": "USD", "grossProfit": "411000000", "totalRevenue": "722000000", "costOfRevenue": "311000000", "costofGoodsAndServicesSold": "311000000", "operatingIncome": "118000000", "sellingGeneralAndAdministrative": "293000000", "researchAndDevelopment": "97000000", "operatingExpenses": "293000000", "investmentIncomeNet": "None", "netInterestIncome": "None", "interestIncome": "None", "interestExpense": "0", "nonInterestIncome": "None", "otherNonOperatingIncome": "None", "depreciation": "None", "depreciationAndAmortization": "19000000", "incomeBeforeTax": "118000000", "incomeTaxExpense": "8000000", "interestAndDebtExpense": "None", "netIncomeFromContinuingOperations": "0", "comprehensiveIncomeNetOfTax": "None", "ebit": "118000000", "ebitda": "137000000", "netIncome": "110000000"}, {"fiscalDateEnding": "2012-10-31", "reportedCurrency": "USD", "grossProfit": "1943000000", "totalRevenue": "3315000000", "costOfRevenue": "1372000000", "costofGoodsAndServicesSold": "1372000000", "operatingIncome": "733000000", "sellingGeneralAndAdministrative": "1148000000", "researchAndDevelopment": "377000000", "operatingExpenses": "0", "investmentIncomeNet": "None", "netInterestIncome": "None", "interestIncome": "None", "interestExpense": "0", "nonInterestIncome": "None", "otherNonOperatingIncome": "None", "depreciation": "None", "depreciationAndAmortization": "None", "incomeBeforeTax": "746000000", "incomeTaxExpense": "0", "interestAndDebtExpense": "None", "netIncomeFromContinuingOperations": "0", "comprehensiveIncomeNetOfTax": "None", "ebit": "0", "ebitda": "None", "netIncome": "841000000"}]}