{"symbol": "AFL", "annualReports": [{"fiscalDateEnding": "2024-12-31", "reportedCurrency": "USD", "grossProfit": "19128000000", "totalRevenue": "19128000000", "costOfRevenue": "None", "costofGoodsAndServicesSold": "None", "operatingIncome": "6417000000", "sellingGeneralAndAdministrative": "None", "researchAndDevelopment": "None", "operatingExpenses": "12711000000", "investmentIncomeNet": "None", "netInterestIncome": "-197000000", "interestIncome": "None", "interestExpense": "197000000", "nonInterestIncome": "None", "otherNonOperatingIncome": "None", "depreciation": "None", "depreciationAndAmortization": "None", "incomeBeforeTax": "6417000000", "incomeTaxExpense": "974000000", "interestAndDebtExpense": "None", "netIncomeFromContinuingOperations": "5443000000", "comprehensiveIncomeNetOfTax": "None", "ebit": "None", "ebitda": "6417000000", "netIncome": "5443000000"}, {"fiscalDateEnding": "2023-12-31", "reportedCurrency": "USD", "grossProfit": "18841000000", "totalRevenue": "18841000000", "costOfRevenue": "None", "costofGoodsAndServicesSold": "None", "operatingIncome": "5262000000", "sellingGeneralAndAdministrative": "2928000000", "researchAndDevelopment": "None", "operatingExpenses": "13579000000", "investmentIncomeNet": "None", "netInterestIncome": "-203000000", "interestIncome": "None", "interestExpense": "195000000", "nonInterestIncome": "None", "otherNonOperatingIncome": "None", "depreciation": "None", "depreciationAndAmortization": "39000000", "incomeBeforeTax": "5262000000", "incomeTaxExpense": "603000000", "interestAndDebtExpense": "None", "netIncomeFromContinuingOperations": "4370000000", "comprehensiveIncomeNetOfTax": "None", "ebit": "5457000000", "ebitda": "5262000000", "netIncome": "4659000000"}, {"fiscalDateEnding": "2022-12-31", "reportedCurrency": "USD", "grossProfit": "19151000000", "totalRevenue": "19151000000", "costOfRevenue": "275000000", "costofGoodsAndServicesSold": "275000000", "operatingIncome": "4869000000", "sellingGeneralAndAdministrative": "2994000000", "researchAndDevelopment": "None", "operatingExpenses": "14282000000", "investmentIncomeNet": "None", "netInterestIncome": "-226000000", "interestIncome": "226000000", "interestExpense": "226000000", "nonInterestIncome": "None", "otherNonOperatingIncome": "None", "depreciation": "None", "depreciationAndAmortization": "45000000", "incomeBeforeTax": "4869000000", "incomeTaxExpense": "451000000", "interestAndDebtExpense": "None", "netIncomeFromContinuingOperations": "4201000000", "comprehensiveIncomeNetOfTax": "None", "ebit": "5095000000", "ebitda": "4869000000", "netIncome": "4418000000"}, {"fiscalDateEnding": "2021-12-31", "reportedCurrency": "USD", "grossProfit": "22106000000", "totalRevenue": "22106000000", "costOfRevenue": "None", "costofGoodsAndServicesSold": "None", "operatingIncome": "5322000000", "sellingGeneralAndAdministrative": "287000000", "researchAndDevelopment": "None", "operatingExpenses": "-16784000000", "investmentIncomeNet": "None", "netInterestIncome": "-238000000", "interestIncome": "238000000", "interestExpense": "238000000", "nonInterestIncome": "None", "otherNonOperatingIncome": "None", "depreciation": "None", "depreciationAndAmortization": "1170000000", "incomeBeforeTax": "5322000000", "incomeTaxExpense": "997000000", "interestAndDebtExpense": "None", "netIncomeFromContinuingOperations": "4325000000", "comprehensiveIncomeNetOfTax": "None", "ebit": "5322000000", "ebitda": "6492000000", "netIncome": "4325000000"}, {"fiscalDateEnding": "2020-12-31", "reportedCurrency": "USD", "grossProfit": "22147000000", "totalRevenue": "22147000000", "costOfRevenue": "None", "costofGoodsAndServicesSold": "None", "operatingIncome": "4159000000", "sellingGeneralAndAdministrative": "240000000", "researchAndDevelopment": "None", "operatingExpenses": "-17988000000", "investmentIncomeNet": "None", "netInterestIncome": "-242000000", "interestIncome": "242000000", "interestExpense": "242000000", "nonInterestIncome": "None", "otherNonOperatingIncome": "None", "depreciation": "None", "depreciationAndAmortization": "1214000000", "incomeBeforeTax": "4159000000", "incomeTaxExpense": "-619000000", "interestAndDebtExpense": "None", "netIncomeFromContinuingOperations": "4778000000", "comprehensiveIncomeNetOfTax": "None", "ebit": "4159000000", "ebitda": "5373000000", "netIncome": "4778000000"}, {"fiscalDateEnding": "2019-12-31", "reportedCurrency": "USD", "grossProfit": "22307000000", "totalRevenue": "22307000000", "costOfRevenue": "14545000000", "costofGoodsAndServicesSold": "14545000000", "operatingIncome": "4445000000", "sellingGeneralAndAdministrative": "273000000", "researchAndDevelopment": "None", "operatingExpenses": "-17862000000", "investmentIncomeNet": "None", "netInterestIncome": "-228000000", "interestIncome": "228000000", "interestExpense": "228000000", "nonInterestIncome": "None", "otherNonOperatingIncome": "None", "depreciation": "None", "depreciationAndAmortization": "41000000", "incomeBeforeTax": "4445000000", "incomeTaxExpense": "1141000000", "interestAndDebtExpense": "None", "netIncomeFromContinuingOperations": "3304000000", "comprehensiveIncomeNetOfTax": "None", "ebit": "4445000000", "ebitda": "4445000000", "netIncome": "3304000000"}, {"fiscalDateEnding": "2018-12-31", "reportedCurrency": "USD", "grossProfit": "21758000000", "totalRevenue": "21758000000", "costOfRevenue": "14565000000", "costofGoodsAndServicesSold": "14565000000", "operatingIncome": "4205000000", "sellingGeneralAndAdministrative": "291000000", "researchAndDevelopment": "None", "operatingExpenses": "-17553000000", "investmentIncomeNet": "None", "netInterestIncome": "-222000000", "interestIncome": "222000000", "interestExpense": "222000000", "nonInterestIncome": "None", "otherNonOperatingIncome": "None", "depreciation": "None", "depreciationAndAmortization": "None", "incomeBeforeTax": "3983000000", "incomeTaxExpense": "1063000000", "interestAndDebtExpense": "None", "netIncomeFromContinuingOperations": "2920000000", "comprehensiveIncomeNetOfTax": "None", "ebit": "4205000000", "ebitda": "4205000000", "netIncome": "2920000000"}, {"fiscalDateEnding": "2017-12-31", "reportedCurrency": "USD", "grossProfit": "21667000000", "totalRevenue": "21667000000", "costOfRevenue": "14629000000", "costofGoodsAndServicesSold": "14629000000", "operatingIncome": "4258000000", "sellingGeneralAndAdministrative": "285000000", "researchAndDevelopment": "0", "operatingExpenses": "-17409000000", "investmentIncomeNet": "None", "netInterestIncome": "-240000000", "interestIncome": "240000000", "interestExpense": "240000000", "nonInterestIncome": "None", "otherNonOperatingIncome": "-13000000", "depreciation": "None", "depreciationAndAmortization": "None", "incomeBeforeTax": "4018000000", "incomeTaxExpense": "-586000000", "interestAndDebtExpense": "None", "netIncomeFromContinuingOperations": "4604000000", "comprehensiveIncomeNetOfTax": "None", "ebit": "4258000000", "ebitda": "4258000000", "netIncome": "4371000000"}, {"fiscalDateEnding": "2016-12-31", "reportedCurrency": "USD", "grossProfit": "22559000000", "totalRevenue": "22559000000", "costOfRevenue": "15428000000", "costofGoodsAndServicesSold": "15428000000", "operatingIncome": "4335000000", "sellingGeneralAndAdministrative": "299000000", "researchAndDevelopment": "0", "operatingExpenses": "-18224000000", "investmentIncomeNet": "None", "netInterestIncome": "-268000000", "interestIncome": "268000000", "interestExpense": "268000000", "nonInterestIncome": "None", "otherNonOperatingIncome": "-137000000", "depreciation": "None", "depreciationAndAmortization": "None", "incomeBeforeTax": "4067000000", "incomeTaxExpense": "1408000000", "interestAndDebtExpense": "None", "netIncomeFromContinuingOperations": "2659000000", "comprehensiveIncomeNetOfTax": "None", "ebit": "4335000000", "ebitda": "4335000000", "netIncome": "2659000000"}, {"fiscalDateEnding": "2015-12-31", "reportedCurrency": "USD", "grossProfit": "20872000000", "totalRevenue": "20872000000", "costOfRevenue": "14115000000", "costofGoodsAndServicesSold": "14115000000", "operatingIncome": "4151000000", "sellingGeneralAndAdministrative": "276000000", "researchAndDevelopment": "0", "operatingExpenses": "-16721000000", "investmentIncomeNet": "None", "netInterestIncome": "None", "interestIncome": "289000000", "interestExpense": "289000000", "nonInterestIncome": "None", "otherNonOperatingIncome": "-230000000", "depreciation": "None", "depreciationAndAmortization": "None", "incomeBeforeTax": "3862000000", "incomeTaxExpense": "1329000000", "interestAndDebtExpense": "None", "netIncomeFromContinuingOperations": "2533000000", "comprehensiveIncomeNetOfTax": "None", "ebit": "4151000000", "ebitda": "4151000000", "netIncome": "2533000000"}, {"fiscalDateEnding": "2014-12-31", "reportedCurrency": "USD", "grossProfit": "22728000000", "totalRevenue": "22728000000", "costOfRevenue": "17873000000", "costofGoodsAndServicesSold": "17873000000", "operatingIncome": "4808000000", "sellingGeneralAndAdministrative": "2261000000", "researchAndDevelopment": "0", "operatingExpenses": "-17920000000", "investmentIncomeNet": "None", "netInterestIncome": "None", "interestIncome": "None", "interestExpense": "317000000", "nonInterestIncome": "None", "otherNonOperatingIncome": "None", "depreciation": "None", "depreciationAndAmortization": "None", "incomeBeforeTax": "4491000000", "incomeTaxExpense": "1540000000", "interestAndDebtExpense": "None", "netIncomeFromContinuingOperations": "2951000000", "comprehensiveIncomeNetOfTax": "None", "ebit": "4808000000", "ebitda": "4808000000", "netIncome": "2951000000"}, {"fiscalDateEnding": "2013-12-31", "reportedCurrency": "USD", "grossProfit": "23939000000", "totalRevenue": "23939000000", "costOfRevenue": "18774000000", "costofGoodsAndServicesSold": "18774000000", "operatingIncome": "5109000000", "sellingGeneralAndAdministrative": "2222000000", "researchAndDevelopment": "0", "operatingExpenses": "-18830000000", "investmentIncomeNet": "None", "netInterestIncome": "None", "interestIncome": "None", "interestExpense": "293000000", "nonInterestIncome": "None", "otherNonOperatingIncome": "None", "depreciation": "None", "depreciationAndAmortization": "None", "incomeBeforeTax": "4816000000", "incomeTaxExpense": "1658000000", "interestAndDebtExpense": "None", "netIncomeFromContinuingOperations": "3158000000", "comprehensiveIncomeNetOfTax": "None", "ebit": "5109000000", "ebitda": "5109000000", "netIncome": "3158000000"}, {"fiscalDateEnding": "2012-12-31", "reportedCurrency": "USD", "grossProfit": "25364000000", "totalRevenue": "25364000000", "costOfRevenue": "20741000000", "costofGoodsAndServicesSold": "20741000000", "operatingIncome": "4563000000", "sellingGeneralAndAdministrative": "2415000000", "researchAndDevelopment": "0", "operatingExpenses": "-20801000000", "investmentIncomeNet": "None", "netInterestIncome": "None", "interestIncome": "None", "interestExpense": "261000000", "nonInterestIncome": "None", "otherNonOperatingIncome": "None", "depreciation": "None", "depreciationAndAmortization": "None", "incomeBeforeTax": "4302000000", "incomeTaxExpense": "1436000000", "interestAndDebtExpense": "None", "netIncomeFromContinuingOperations": "2866000000", "comprehensiveIncomeNetOfTax": "None", "ebit": "4563000000", "ebitda": "4563000000", "netIncome": "2866000000"}, {"fiscalDateEnding": "2011-12-31", "reportedCurrency": "USD", "grossProfit": "22171000000", "totalRevenue": "22171000000", "costOfRevenue": "18924000000", "costofGoodsAndServicesSold": "18924000000", "operatingIncome": "3188000000", "sellingGeneralAndAdministrative": "2225000000", "researchAndDevelopment": "0", "operatingExpenses": "-18983000000", "investmentIncomeNet": "None", "netInterestIncome": "None", "interestIncome": "None", "interestExpense": "196000000", "nonInterestIncome": "None", "otherNonOperatingIncome": "None", "depreciation": "None", "depreciationAndAmortization": "None", "incomeBeforeTax": "2992000000", "incomeTaxExpense": "1028000000", "interestAndDebtExpense": "None", "netIncomeFromContinuingOperations": "None", "comprehensiveIncomeNetOfTax": "None", "ebit": "3188000000", "ebitda": "3188000000", "netIncome": "1964000000"}, {"fiscalDateEnding": "2010-12-31", "reportedCurrency": "USD", "grossProfit": "20732000000", "totalRevenue": "20732000000", "costOfRevenue": "16938000000", "costofGoodsAndServicesSold": "16938000000", "operatingIncome": "3734000000", "sellingGeneralAndAdministrative": "2062000000", "researchAndDevelopment": "0", "operatingExpenses": "-16998000000", "investmentIncomeNet": "None", "netInterestIncome": "None", "interestIncome": "None", "interestExpense": "149000000", "nonInterestIncome": "None", "otherNonOperatingIncome": "None", "depreciation": "None", "depreciationAndAmortization": "None", "incomeBeforeTax": "3585000000", "incomeTaxExpense": "1241000000", "interestAndDebtExpense": "None", "netIncomeFromContinuingOperations": "2344000000", "comprehensiveIncomeNetOfTax": "None", "ebit": "3734000000", "ebitda": "3734000000", "netIncome": "2344000000"}, {"fiscalDateEnding": "2009-12-31", "reportedCurrency": "USD", "grossProfit": "18189000000", "totalRevenue": "18254000000", "costOfRevenue": "65000000", "costofGoodsAndServicesSold": "65000000", "operatingIncome": "2307000000", "sellingGeneralAndAdministrative": "1568000000", "researchAndDevelopment": "0", "operatingExpenses": "138000000", "investmentIncomeNet": "None", "netInterestIncome": "None", "interestIncome": "None", "interestExpense": "72000000", "nonInterestIncome": "None", "otherNonOperatingIncome": "None", "depreciation": "None", "depreciationAndAmortization": "None", "incomeBeforeTax": "2235000000", "incomeTaxExpense": "738000000", "interestAndDebtExpense": "None", "netIncomeFromContinuingOperations": "None", "comprehensiveIncomeNetOfTax": "None", "ebit": "2307000000", "ebitda": "2307000000", "netIncome": "1497000000"}, {"fiscalDateEnding": "2008-12-31", "reportedCurrency": "USD", "grossProfit": "16493000000", "totalRevenue": "16554000000", "costOfRevenue": "61000000", "costofGoodsAndServicesSold": "61000000", "operatingIncome": "1943000000", "sellingGeneralAndAdministrative": "1460000000", "researchAndDevelopment": "None", "operatingExpenses": "87000000", "investmentIncomeNet": "None", "netInterestIncome": "None", "interestIncome": "None", "interestExpense": "29000000", "nonInterestIncome": "None", "otherNonOperatingIncome": "None", "depreciation": "None", "depreciationAndAmortization": "74000000", "incomeBeforeTax": "1914000000", "incomeTaxExpense": "660000000", "interestAndDebtExpense": "None", "netIncomeFromContinuingOperations": "None", "comprehensiveIncomeNetOfTax": "None", "ebit": "1943000000", "ebitda": "2017000000", "netIncome": "1254000000"}, {"fiscalDateEnding": "2007-12-31", "reportedCurrency": "USD", "grossProfit": "15393000000", "totalRevenue": "15393000000", "costOfRevenue": "12816000000", "costofGoodsAndServicesSold": "12816000000", "operatingIncome": "2526000000", "sellingGeneralAndAdministrative": "1491000000", "researchAndDevelopment": "None", "operatingExpenses": "-12867000000", "investmentIncomeNet": "None", "netInterestIncome": "None", "interestIncome": "None", "interestExpense": "27000000", "nonInterestIncome": "None", "otherNonOperatingIncome": "None", "depreciation": "None", "depreciationAndAmortization": "None", "incomeBeforeTax": "2499000000", "incomeTaxExpense": "865000000", "interestAndDebtExpense": "None", "netIncomeFromContinuingOperations": "None", "comprehensiveIncomeNetOfTax": "None", "ebit": "2526000000", "ebitda": "2526000000", "netIncome": "1634000000"}, {"fiscalDateEnding": "2006-12-31", "reportedCurrency": "USD", "grossProfit": "14616000000", "totalRevenue": "14616000000", "costOfRevenue": "12274000000", "costofGoodsAndServicesSold": "12274000000", "operatingIncome": "2283000000", "sellingGeneralAndAdministrative": "1337000000", "researchAndDevelopment": "None", "operatingExpenses": "-12333000000", "investmentIncomeNet": "None", "netInterestIncome": "None", "interestIncome": "None", "interestExpense": "19000000", "nonInterestIncome": "None", "otherNonOperatingIncome": "None", "depreciation": "None", "depreciationAndAmortization": "None", "incomeBeforeTax": "2264000000", "incomeTaxExpense": "781000000", "interestAndDebtExpense": "None", "netIncomeFromContinuingOperations": "None", "comprehensiveIncomeNetOfTax": "None", "ebit": "2283000000", "ebitda": "2283000000", "netIncome": "1483000000"}, {"fiscalDateEnding": "2005-12-31", "reportedCurrency": "USD", "grossProfit": "14264000000", "totalRevenue": "14363000000", "costOfRevenue": "99000000", "costofGoodsAndServicesSold": "99000000", "operatingIncome": "2249000000", "sellingGeneralAndAdministrative": "1281000000", "researchAndDevelopment": "None", "operatingExpenses": "3247000000", "investmentIncomeNet": "None", "netInterestIncome": "None", "interestIncome": "None", "interestExpense": "23000000", "nonInterestIncome": "None", "otherNonOperatingIncome": "None", "depreciation": "None", "depreciationAndAmortization": "None", "incomeBeforeTax": "2226000000", "incomeTaxExpense": "743000000", "interestAndDebtExpense": "None", "netIncomeFromContinuingOperations": "None", "comprehensiveIncomeNetOfTax": "None", "ebit": "2249000000", "ebitda": "2249000000", "netIncome": "1483000000"}], "quarterlyReports": [{"fiscalDateEnding": "2024-12-31", "reportedCurrency": "USD", "grossProfit": "5498000000", "totalRevenue": "5498000000", "costOfRevenue": "None", "costofGoodsAndServicesSold": "None", "operatingIncome": "2135000000", "sellingGeneralAndAdministrative": "None", "researchAndDevelopment": "None", "operatingExpenses": "3363000000", "investmentIncomeNet": "None", "netInterestIncome": "-50000000", "interestIncome": "None", "interestExpense": "50000000", "nonInterestIncome": "None", "otherNonOperatingIncome": "None", "depreciation": "None", "depreciationAndAmortization": "None", "incomeBeforeTax": "2135000000", "incomeTaxExpense": "233000000", "interestAndDebtExpense": "None", "netIncomeFromContinuingOperations": "1902000000", "comprehensiveIncomeNetOfTax": "None", "ebit": "None", "ebitda": "2135000000", "netIncome": "1902000000"}, {"fiscalDateEnding": "2024-09-30", "reportedCurrency": "USD", "grossProfit": "3035000000", "totalRevenue": "3035000000", "costOfRevenue": "None", "costofGoodsAndServicesSold": "None", "operatingIncome": "92000000", "sellingGeneralAndAdministrative": "None", "researchAndDevelopment": "None", "operatingExpenses": "2943000000", "investmentIncomeNet": "None", "netInterestIncome": "-50000000", "interestIncome": "None", "interestExpense": "50000000", "nonInterestIncome": "None", "otherNonOperatingIncome": "None", "depreciation": "None", "depreciationAndAmortization": "None", "incomeBeforeTax": "92000000", "incomeTaxExpense": "185000000", "interestAndDebtExpense": "None", "netIncomeFromContinuingOperations": "-93000000", "comprehensiveIncomeNetOfTax": "None", "ebit": "None", "ebitda": "92000000", "netIncome": "-93000000"}, {"fiscalDateEnding": "2024-06-30", "reportedCurrency": "USD", "grossProfit": "5157000000", "totalRevenue": "5157000000", "costOfRevenue": "None", "costofGoodsAndServicesSold": "None", "operatingIncome": "2019000000", "sellingGeneralAndAdministrative": "694000000", "researchAndDevelopment": "None", "operatingExpenses": "3138000000", "investmentIncomeNet": "None", "netInterestIncome": "-50000000", "interestIncome": "None", "interestExpense": "50000000", "nonInterestIncome": "None", "otherNonOperatingIncome": "None", "depreciation": "None", "depreciationAndAmortization": "-2069000000", "incomeBeforeTax": "2019000000", "incomeTaxExpense": "264000000", "interestAndDebtExpense": "None", "netIncomeFromContinuingOperations": "1755000000", "comprehensiveIncomeNetOfTax": "None", "ebit": "2019000000", "ebitda": "2019000000", "netIncome": "1755000000"}, {"fiscalDateEnding": "2024-03-31", "reportedCurrency": "USD", "grossProfit": "5437000000", "totalRevenue": "5437000000", "costOfRevenue": "None", "costofGoodsAndServicesSold": "None", "operatingIncome": "2170000000", "sellingGeneralAndAdministrative": "739000000", "researchAndDevelopment": "None", "operatingExpenses": "3267000000", "investmentIncomeNet": "None", "netInterestIncome": "-47000000", "interestIncome": "None", "interestExpense": "47000000", "nonInterestIncome": "None", "otherNonOperatingIncome": "None", "depreciation": "None", "depreciationAndAmortization": "-2217000000", "incomeBeforeTax": "2170000000", "incomeTaxExpense": "291000000", "interestAndDebtExpense": "None", "netIncomeFromContinuingOperations": "1879000000", "comprehensiveIncomeNetOfTax": "None", "ebit": "2170000000", "ebitda": "2170000000", "netIncome": "1879000000"}, {"fiscalDateEnding": "2023-12-31", "reportedCurrency": "USD", "grossProfit": "3777000000", "totalRevenue": "3777000000", "costOfRevenue": "None", "costofGoodsAndServicesSold": "None", "operatingIncome": "337000000", "sellingGeneralAndAdministrative": "638000000", "researchAndDevelopment": "None", "operatingExpenses": "1385000000", "investmentIncomeNet": "None", "netInterestIncome": "-47000000", "interestIncome": "None", "interestExpense": "47000000", "nonInterestIncome": "None", "otherNonOperatingIncome": "None", "depreciation": "None", "depreciationAndAmortization": "-337000000", "incomeBeforeTax": "289000000", "incomeTaxExpense": "21000000", "interestAndDebtExpense": "None", "netIncomeFromContinuingOperations": "268000000", "comprehensiveIncomeNetOfTax": "None", "ebit": "674000000", "ebitda": "337000000", "netIncome": "268000000"}, {"fiscalDateEnding": "2023-09-30", "reportedCurrency": "USD", "grossProfit": "4950000000", "totalRevenue": "4950000000", "costOfRevenue": "None", "costofGoodsAndServicesSold": "None", "operatingIncome": "1805000000", "sellingGeneralAndAdministrative": "785000000", "researchAndDevelopment": "None", "operatingExpenses": "1285000000", "investmentIncomeNet": "None", "netInterestIncome": "-49000000", "interestIncome": "49000000", "interestExpense": "49000000", "nonInterestIncome": "None", "otherNonOperatingIncome": "None", "depreciation": "None", "depreciationAndAmortization": "-1854000000", "incomeBeforeTax": "1805000000", "incomeTaxExpense": "236000000", "interestAndDebtExpense": "None", "netIncomeFromContinuingOperations": "1569000000", "comprehensiveIncomeNetOfTax": "None", "ebit": "3659000000", "ebitda": "1805000000", "netIncome": "1569000000"}, {"fiscalDateEnding": "2023-06-30", "reportedCurrency": "USD", "grossProfit": "5172000000", "totalRevenue": "5173000000", "costOfRevenue": "1000000", "costofGoodsAndServicesSold": "1000000", "operatingIncome": "1825000000", "sellingGeneralAndAdministrative": "728000000", "researchAndDevelopment": "None", "operatingExpenses": "1249000000", "investmentIncomeNet": "None", "netInterestIncome": "-51000000", "interestIncome": "51000000", "interestExpense": "51000000", "nonInterestIncome": "None", "otherNonOperatingIncome": "None", "depreciation": "None", "depreciationAndAmortization": "-1876000000", "incomeBeforeTax": "1825000000", "incomeTaxExpense": "191000000", "interestAndDebtExpense": "None", "netIncomeFromContinuingOperations": "1634000000", "comprehensiveIncomeNetOfTax": "None", "ebit": "3701000000", "ebitda": "1825000000", "netIncome": "1634000000"}, {"fiscalDateEnding": "2023-03-31", "reportedCurrency": "USD", "grossProfit": "4800000000", "totalRevenue": "4800000000", "costOfRevenue": "None", "costofGoodsAndServicesSold": "None", "operatingIncome": "1375000000", "sellingGeneralAndAdministrative": "775000000", "researchAndDevelopment": "None", "operatingExpenses": "1308000000", "investmentIncomeNet": "None", "netInterestIncome": "-48000000", "interestIncome": "48000000", "interestExpense": "33000000", "nonInterestIncome": "None", "otherNonOperatingIncome": "None", "depreciation": "None", "depreciationAndAmortization": "-1390000000", "incomeBeforeTax": "1342000000", "incomeTaxExpense": "154000000", "interestAndDebtExpense": "None", "netIncomeFromContinuingOperations": "1188000000", "comprehensiveIncomeNetOfTax": "None", "ebit": "2765000000", "ebitda": "1375000000", "netIncome": "1188000000"}, {"fiscalDateEnding": "2022-12-31", "reportedCurrency": "USD", "grossProfit": "4010000000", "totalRevenue": "4014000000", "costOfRevenue": "275000000", "costofGoodsAndServicesSold": "275000000", "operatingIncome": "579000000", "sellingGeneralAndAdministrative": "582000000", "researchAndDevelopment": "None", "operatingExpenses": "3410000000", "investmentIncomeNet": "None", "netInterestIncome": "-55000000", "interestIncome": "55000000", "interestExpense": "55000000", "nonInterestIncome": "None", "otherNonOperatingIncome": "None", "depreciation": "None", "depreciationAndAmortization": "-14000000", "incomeBeforeTax": "524000000", "incomeTaxExpense": "342000000", "interestAndDebtExpense": "None", "netIncomeFromContinuingOperations": "196000000", "comprehensiveIncomeNetOfTax": "None", "ebit": "593000000", "ebitda": "579000000", "netIncome": "185000000"}, {"fiscalDateEnding": "2022-09-30", "reportedCurrency": "USD", "grossProfit": "4820000000", "totalRevenue": "4824000000", "costOfRevenue": "None", "costofGoodsAndServicesSold": "None", "operatingIncome": "1162000000", "sellingGeneralAndAdministrative": "779000000", "researchAndDevelopment": "None", "operatingExpenses": "3717000000", "investmentIncomeNet": "None", "netInterestIncome": "-59000000", "interestIncome": "59000000", "interestExpense": "59000000", "nonInterestIncome": "None", "otherNonOperatingIncome": "None", "depreciation": "None", "depreciationAndAmortization": "-1388000000", "incomeBeforeTax": "1103000000", "incomeTaxExpense": "-493000000", "interestAndDebtExpense": "None", "netIncomeFromContinuingOperations": "1596000000", "comprehensiveIncomeNetOfTax": "None", "ebit": "1103000000", "ebitda": "1162000000", "netIncome": "1596000000"}, {"fiscalDateEnding": "2022-06-30", "reportedCurrency": "USD", "grossProfit": "5400000000", "totalRevenue": "5400000000", "costOfRevenue": "None", "costofGoodsAndServicesSold": "None", "operatingIncome": "1756000000", "sellingGeneralAndAdministrative": "802000000", "researchAndDevelopment": "None", "operatingExpenses": "3699000000", "investmentIncomeNet": "None", "netInterestIncome": "-55000000", "interestIncome": "55000000", "interestExpense": "55000000", "nonInterestIncome": "None", "otherNonOperatingIncome": "None", "depreciation": "None", "depreciationAndAmortization": "-1763000000", "incomeBeforeTax": "1701000000", "incomeTaxExpense": "313000000", "interestAndDebtExpense": "None", "netIncomeFromContinuingOperations": "1388000000", "comprehensiveIncomeNetOfTax": "None", "ebit": "1701000000", "ebitda": "1756000000", "netIncome": "1388000000"}, {"fiscalDateEnding": "2022-03-31", "reportedCurrency": "USD", "grossProfit": "5272000000", "totalRevenue": "5272000000", "costOfRevenue": "None", "costofGoodsAndServicesSold": "None", "operatingIncome": "1332000000", "sellingGeneralAndAdministrative": "None", "researchAndDevelopment": "None", "operatingExpenses": "3996000000", "investmentIncomeNet": "None", "netInterestIncome": "-56000000", "interestIncome": "56000000", "interestExpense": "56000000", "nonInterestIncome": "None", "otherNonOperatingIncome": "None", "depreciation": "None", "depreciationAndAmortization": "322000000", "incomeBeforeTax": "1276000000", "incomeTaxExpense": "244000000", "interestAndDebtExpense": "None", "netIncomeFromContinuingOperations": "1032000000", "comprehensiveIncomeNetOfTax": "None", "ebit": "1276000000", "ebitda": "1332000000", "netIncome": "1032000000"}, {"fiscalDateEnding": "2021-12-31", "reportedCurrency": "USD", "grossProfit": "5433000000", "totalRevenue": "5433000000", "costOfRevenue": "None", "costofGoodsAndServicesSold": "None", "operatingIncome": "1289000000", "sellingGeneralAndAdministrative": "None", "researchAndDevelopment": "None", "operatingExpenses": "-4144000000", "investmentIncomeNet": "None", "netInterestIncome": "-57000000", "interestIncome": "57000000", "interestExpense": "57000000", "nonInterestIncome": "None", "otherNonOperatingIncome": "None", "depreciation": "None", "depreciationAndAmortization": "-10000000", "incomeBeforeTax": "1232000000", "incomeTaxExpense": "193000000", "interestAndDebtExpense": "None", "netIncomeFromContinuingOperations": "1039000000", "comprehensiveIncomeNetOfTax": "None", "ebit": "1233000000", "ebitda": "1289000000", "netIncome": "1039000000"}, {"fiscalDateEnding": "2021-09-30", "reportedCurrency": "USD", "grossProfit": "5192000000", "totalRevenue": "5237000000", "costOfRevenue": "None", "costofGoodsAndServicesSold": "None", "operatingIncome": "1170000000", "sellingGeneralAndAdministrative": "None", "researchAndDevelopment": "None", "operatingExpenses": "4079000000", "investmentIncomeNet": "None", "netInterestIncome": "-57000000", "interestIncome": "57000000", "interestExpense": "57000000", "nonInterestIncome": "None", "otherNonOperatingIncome": "None", "depreciation": "None", "depreciationAndAmortization": "869000000", "incomeBeforeTax": "1113000000", "incomeTaxExpense": "225000000", "interestAndDebtExpense": "None", "netIncomeFromContinuingOperations": "888000000", "comprehensiveIncomeNetOfTax": "None", "ebit": "1113000000", "ebitda": "1170000000", "netIncome": "888000000"}, {"fiscalDateEnding": "2021-06-30", "reportedCurrency": "USD", "grossProfit": "5564000000", "totalRevenue": "5564000000", "costOfRevenue": "None", "costofGoodsAndServicesSold": "None", "operatingIncome": "1435000000", "sellingGeneralAndAdministrative": "None", "researchAndDevelopment": "None", "operatingExpenses": "1538000000", "investmentIncomeNet": "None", "netInterestIncome": "-62000000", "interestIncome": "62000000", "interestExpense": "62000000", "nonInterestIncome": "None", "otherNonOperatingIncome": "None", "depreciation": "None", "depreciationAndAmortization": "None", "incomeBeforeTax": "1373000000", "incomeTaxExpense": "268000000", "interestAndDebtExpense": "None", "netIncomeFromContinuingOperations": "1105000000", "comprehensiveIncomeNetOfTax": "None", "ebit": "1435000000", "ebitda": "1435000000", "netIncome": "1105000000"}, {"fiscalDateEnding": "2021-03-31", "reportedCurrency": "USD", "grossProfit": "5869000000", "totalRevenue": "5869000000", "costOfRevenue": "None", "costofGoodsAndServicesSold": "None", "operatingIncome": "1665000000", "sellingGeneralAndAdministrative": "None", "researchAndDevelopment": "None", "operatingExpenses": "1531000000", "investmentIncomeNet": "None", "netInterestIncome": "-62000000", "interestIncome": "62000000", "interestExpense": "62000000", "nonInterestIncome": "None", "otherNonOperatingIncome": "None", "depreciation": "None", "depreciationAndAmortization": "311000000", "incomeBeforeTax": "1603000000", "incomeTaxExpense": "310000000", "interestAndDebtExpense": "None", "netIncomeFromContinuingOperations": "1293000000", "comprehensiveIncomeNetOfTax": "None", "ebit": "1665000000", "ebitda": "1665000000", "netIncome": "1293000000"}, {"fiscalDateEnding": "2020-12-31", "reportedCurrency": "USD", "grossProfit": "6034000000", "totalRevenue": "6034000000", "costOfRevenue": "None", "costofGoodsAndServicesSold": "None", "operatingIncome": "1278000000", "sellingGeneralAndAdministrative": "None", "researchAndDevelopment": "None", "operatingExpenses": "-4756000000", "investmentIncomeNet": "None", "netInterestIncome": "-61000000", "interestIncome": "61000000", "interestExpense": "61000000", "nonInterestIncome": "None", "otherNonOperatingIncome": "None", "depreciation": "None", "depreciationAndAmortization": "300000", "incomeBeforeTax": "1217000000", "incomeTaxExpense": "265000000", "interestAndDebtExpense": "None", "netIncomeFromContinuingOperations": "951000000", "comprehensiveIncomeNetOfTax": "None", "ebit": "1278000000", "ebitda": "1278000000", "netIncome": "952000000"}, {"fiscalDateEnding": "2020-09-30", "reportedCurrency": "USD", "grossProfit": "5665000000", "totalRevenue": "5665000000", "costOfRevenue": "None", "costofGoodsAndServicesSold": "None", "operatingIncome": "1216000000", "sellingGeneralAndAdministrative": "None", "researchAndDevelopment": "None", "operatingExpenses": "1527000000", "investmentIncomeNet": "None", "netInterestIncome": "-63000000", "interestIncome": "63000000", "interestExpense": "63000000", "nonInterestIncome": "None", "otherNonOperatingIncome": "None", "depreciation": "None", "depreciationAndAmortization": "914000", "incomeBeforeTax": "1153000000", "incomeTaxExpense": "-1303000000", "interestAndDebtExpense": "None", "netIncomeFromContinuingOperations": "2456000000", "comprehensiveIncomeNetOfTax": "None", "ebit": "1216000000", "ebitda": "1216000000", "netIncome": "2456000000"}, {"fiscalDateEnding": "2020-06-30", "reportedCurrency": "USD", "grossProfit": "5407000000", "totalRevenue": "5407000000", "costOfRevenue": "None", "costofGoodsAndServicesSold": "None", "operatingIncome": "1133000000", "sellingGeneralAndAdministrative": "None", "researchAndDevelopment": "None", "operatingExpenses": "1440000000", "investmentIncomeNet": "None", "netInterestIncome": "-63000000", "interestIncome": "63000000", "interestExpense": "63000000", "nonInterestIncome": "None", "otherNonOperatingIncome": "None", "depreciation": "None", "depreciationAndAmortization": "None", "incomeBeforeTax": "1070000000", "incomeTaxExpense": "265000000", "interestAndDebtExpense": "None", "netIncomeFromContinuingOperations": "805000000", "comprehensiveIncomeNetOfTax": "None", "ebit": "1070000000", "ebitda": "1133000000", "netIncome": "805000000"}, {"fiscalDateEnding": "2020-03-31", "reportedCurrency": "USD", "grossProfit": "5162000000", "totalRevenue": "5162000000", "costOfRevenue": "None", "costofGoodsAndServicesSold": "None", "operatingIncome": "775000000", "sellingGeneralAndAdministrative": "None", "researchAndDevelopment": "None", "operatingExpenses": "1503000000", "investmentIncomeNet": "None", "netInterestIncome": "-55000000", "interestIncome": "55000000", "interestExpense": "55000000", "nonInterestIncome": "None", "otherNonOperatingIncome": "-15000000", "depreciation": "None", "depreciationAndAmortization": "None", "incomeBeforeTax": "720000000", "incomeTaxExpense": "154000000", "interestAndDebtExpense": "None", "netIncomeFromContinuingOperations": "566000000", "comprehensiveIncomeNetOfTax": "None", "ebit": "720000000", "ebitda": "775000000", "netIncome": "566000000"}, {"fiscalDateEnding": "2019-12-31", "reportedCurrency": "USD", "grossProfit": "5603000000", "totalRevenue": "5603000000", "costOfRevenue": "3630000000", "costofGoodsAndServicesSold": "3630000000", "operatingIncome": "1114000000", "sellingGeneralAndAdministrative": "859000000", "researchAndDevelopment": "None", "operatingExpenses": "-4489000000", "investmentIncomeNet": "None", "netInterestIncome": "-57000000", "interestIncome": "57000000", "interestExpense": "57000000", "nonInterestIncome": "None", "otherNonOperatingIncome": "None", "depreciation": "None", "depreciationAndAmortization": "None", "incomeBeforeTax": "1057000000", "incomeTaxExpense": "276000000", "interestAndDebtExpense": "None", "netIncomeFromContinuingOperations": "782000000", "comprehensiveIncomeNetOfTax": "None", "ebit": "1057000000", "ebitda": "1114000000", "netIncome": "782000000"}, {"fiscalDateEnding": "2019-09-30", "reportedCurrency": "USD", "grossProfit": "5519000000", "totalRevenue": "5519000000", "costOfRevenue": "3674000000", "costofGoodsAndServicesSold": "3674000000", "operatingIncome": "1093000000", "sellingGeneralAndAdministrative": "769000000", "researchAndDevelopment": "None", "operatingExpenses": "1473000000", "investmentIncomeNet": "None", "netInterestIncome": "-57000000", "interestIncome": "57000000", "interestExpense": "57000000", "nonInterestIncome": "None", "otherNonOperatingIncome": "None", "depreciation": "None", "depreciationAndAmortization": "None", "incomeBeforeTax": "1036000000", "incomeTaxExpense": "259000000", "interestAndDebtExpense": "None", "netIncomeFromContinuingOperations": "777000000", "comprehensiveIncomeNetOfTax": "None", "ebit": "1036000000", "ebitda": "1093000000", "netIncome": "777000000"}, {"fiscalDateEnding": "2019-06-30", "reportedCurrency": "USD", "grossProfit": "5511000000", "totalRevenue": "5511000000", "costOfRevenue": "3602000000", "costofGoodsAndServicesSold": "3602000000", "operatingIncome": "1166000000", "sellingGeneralAndAdministrative": "743000000", "researchAndDevelopment": "None", "operatingExpenses": "1438000000", "investmentIncomeNet": "None", "netInterestIncome": "-57000000", "interestIncome": "57000000", "interestExpense": "57000000", "nonInterestIncome": "None", "otherNonOperatingIncome": "None", "depreciation": "None", "depreciationAndAmortization": "None", "incomeBeforeTax": "1109000000", "incomeTaxExpense": "292000000", "interestAndDebtExpense": "None", "netIncomeFromContinuingOperations": "817000000", "comprehensiveIncomeNetOfTax": "None", "ebit": "1109000000", "ebitda": "1166000000", "netIncome": "817000000"}, {"fiscalDateEnding": "2019-03-31", "reportedCurrency": "USD", "grossProfit": "5657000000", "totalRevenue": "5657000000", "costOfRevenue": "3638000000", "costofGoodsAndServicesSold": "3638000000", "operatingIncome": "1300000000", "sellingGeneralAndAdministrative": "719000000", "researchAndDevelopment": "None", "operatingExpenses": "1448000000", "investmentIncomeNet": "None", "netInterestIncome": "-58000000", "interestIncome": "None", "interestExpense": "58000000", "nonInterestIncome": "None", "otherNonOperatingIncome": "None", "depreciation": "None", "depreciationAndAmortization": "None", "incomeBeforeTax": "1242000000", "incomeTaxExpense": "314000000", "interestAndDebtExpense": "None", "netIncomeFromContinuingOperations": "928000000", "comprehensiveIncomeNetOfTax": "None", "ebit": "1242000000", "ebitda": "1300000000", "netIncome": "928000000"}, {"fiscalDateEnding": "2018-12-31", "reportedCurrency": "USD", "grossProfit": "5110000000", "totalRevenue": "5110000000", "costOfRevenue": "3551000000", "costofGoodsAndServicesSold": "3551000000", "operatingIncome": "780000000", "sellingGeneralAndAdministrative": "795000000", "researchAndDevelopment": "0", "operatingExpenses": "-4330000000", "investmentIncomeNet": "None", "netInterestIncome": "None", "interestIncome": "None", "interestExpense": "58000000", "nonInterestIncome": "None", "otherNonOperatingIncome": "None", "depreciation": "None", "depreciationAndAmortization": "None", "incomeBeforeTax": "722000000", "incomeTaxExpense": "197000000", "interestAndDebtExpense": "None", "netIncomeFromContinuingOperations": "526000000", "comprehensiveIncomeNetOfTax": "None", "ebit": "722000000", "ebitda": "780000000", "netIncome": "525000000"}, {"fiscalDateEnding": "2018-09-30", "reportedCurrency": "USD", "grossProfit": "5577000000", "totalRevenue": "5577000000", "costOfRevenue": "3648000000", "costofGoodsAndServicesSold": "3648000000", "operatingIncome": "1199000000", "sellingGeneralAndAdministrative": "730000000", "researchAndDevelopment": "0", "operatingExpenses": "1429000000", "investmentIncomeNet": "None", "netInterestIncome": "None", "interestIncome": "None", "interestExpense": "53000000", "nonInterestIncome": "None", "otherNonOperatingIncome": "None", "depreciation": "None", "depreciationAndAmortization": "None", "incomeBeforeTax": "1146000000", "incomeTaxExpense": "301000000", "interestAndDebtExpense": "None", "netIncomeFromContinuingOperations": "845000000", "comprehensiveIncomeNetOfTax": "None", "ebit": "1146000000", "ebitda": "1199000000", "netIncome": "845000000"}, {"fiscalDateEnding": "2018-06-30", "reportedCurrency": "USD", "grossProfit": "5589000000", "totalRevenue": "5589000000", "costOfRevenue": "3672000000", "costofGoodsAndServicesSold": "3672000000", "operatingIncome": "1185000000", "sellingGeneralAndAdministrative": "732000000", "researchAndDevelopment": "0", "operatingExpenses": "1427000000", "investmentIncomeNet": "None", "netInterestIncome": "None", "interestIncome": "None", "interestExpense": "54000000", "nonInterestIncome": "None", "otherNonOperatingIncome": "None", "depreciation": "None", "depreciationAndAmortization": "None", "incomeBeforeTax": "1131000000", "incomeTaxExpense": "299000000", "interestAndDebtExpense": "None", "netIncomeFromContinuingOperations": "832000000", "comprehensiveIncomeNetOfTax": "None", "ebit": "1131000000", "ebitda": "1185000000", "netIncome": "832000000"}, {"fiscalDateEnding": "2018-03-31", "reportedCurrency": "USD", "grossProfit": "5464000000", "totalRevenue": "5464000000", "costOfRevenue": "4397000000", "costofGoodsAndServicesSold": "4397000000", "operatingIncome": "1038000000", "sellingGeneralAndAdministrative": "733000000", "researchAndDevelopment": "0", "operatingExpenses": "1440000000", "investmentIncomeNet": "None", "netInterestIncome": "None", "interestIncome": "None", "interestExpense": "56000000", "nonInterestIncome": "None", "otherNonOperatingIncome": "None", "depreciation": "None", "depreciationAndAmortization": "None", "incomeBeforeTax": "982000000", "incomeTaxExpense": "265000000", "interestAndDebtExpense": "None", "netIncomeFromContinuingOperations": "717000000", "comprehensiveIncomeNetOfTax": "None", "ebit": "982000000", "ebitda": "1038000000", "netIncome": "717000000"}, {"fiscalDateEnding": "2017-12-31", "reportedCurrency": "USD", "grossProfit": "5424000000", "totalRevenue": "5424000000", "costOfRevenue": "4335000000", "costofGoodsAndServicesSold": "4335000000", "operatingIncome": "1058000000", "sellingGeneralAndAdministrative": "2094000000", "researchAndDevelopment": "0", "operatingExpenses": "-4366000000", "investmentIncomeNet": "None", "netInterestIncome": "None", "interestIncome": "None", "interestExpense": "59000000", "nonInterestIncome": "None", "otherNonOperatingIncome": "-13000000", "depreciation": "None", "depreciationAndAmortization": "None", "incomeBeforeTax": "999000000", "incomeTaxExpense": "-1584000000", "interestAndDebtExpense": "None", "netIncomeFromContinuingOperations": "2583000000", "comprehensiveIncomeNetOfTax": "None", "ebit": "999000000", "ebitda": "1058000000", "netIncome": "2351000000"}, {"fiscalDateEnding": "2017-09-30", "reportedCurrency": "USD", "grossProfit": "5506000000", "totalRevenue": "5506000000", "costOfRevenue": "4362000000", "costofGoodsAndServicesSold": "4362000000", "operatingIncome": "1134000000", "sellingGeneralAndAdministrative": "39000000", "researchAndDevelopment": "0", "operatingExpenses": "1348000000", "investmentIncomeNet": "None", "netInterestIncome": "None", "interestIncome": "None", "interestExpense": "59000000", "nonInterestIncome": "None", "otherNonOperatingIncome": "None", "depreciation": "None", "depreciationAndAmortization": "None", "incomeBeforeTax": "1075000000", "incomeTaxExpense": "359000000", "interestAndDebtExpense": "None", "netIncomeFromContinuingOperations": "716000000", "comprehensiveIncomeNetOfTax": "None", "ebit": "1075000000", "ebitda": "1134000000", "netIncome": "716000000"}, {"fiscalDateEnding": "2017-06-30", "reportedCurrency": "USD", "grossProfit": "5428000000", "totalRevenue": "5428000000", "costOfRevenue": "4314000000", "costofGoodsAndServicesSold": "4314000000", "operatingIncome": "1106000000", "sellingGeneralAndAdministrative": "111000000", "researchAndDevelopment": "0", "operatingExpenses": "1344000000", "investmentIncomeNet": "None", "netInterestIncome": "None", "interestIncome": "None", "interestExpense": "61000000", "nonInterestIncome": "None", "otherNonOperatingIncome": "None", "depreciation": "None", "depreciationAndAmortization": "None", "incomeBeforeTax": "1045000000", "incomeTaxExpense": "332000000", "interestAndDebtExpense": "None", "netIncomeFromContinuingOperations": "713000000", "comprehensiveIncomeNetOfTax": "None", "ebit": "1045000000", "ebitda": "1106000000", "netIncome": "713000000"}, {"fiscalDateEnding": "2017-03-31", "reportedCurrency": "USD", "grossProfit": "5309000000", "totalRevenue": "5309000000", "costOfRevenue": "4343000000", "costofGoodsAndServicesSold": "4343000000", "operatingIncome": "960000000", "sellingGeneralAndAdministrative": "614000000", "researchAndDevelopment": "0", "operatingExpenses": "1359000000", "investmentIncomeNet": "None", "netInterestIncome": "None", "interestIncome": "None", "interestExpense": "62000000", "nonInterestIncome": "None", "otherNonOperatingIncome": "None", "depreciation": "None", "depreciationAndAmortization": "None", "incomeBeforeTax": "898000000", "incomeTaxExpense": "306000000", "interestAndDebtExpense": "None", "netIncomeFromContinuingOperations": "592000000", "comprehensiveIncomeNetOfTax": "None", "ebit": "898000000", "ebitda": "960000000", "netIncome": "592000000"}, {"fiscalDateEnding": "2016-12-31", "reportedCurrency": "USD", "grossProfit": "5728000000", "totalRevenue": "5728000000", "costOfRevenue": "4593000000", "costofGoodsAndServicesSold": "4593000000", "operatingIncome": "1225000000", "sellingGeneralAndAdministrative": "2171000000", "researchAndDevelopment": "0", "operatingExpenses": "-4503000000", "investmentIncomeNet": "None", "netInterestIncome": "None", "interestIncome": "None", "interestExpense": "72000000", "nonInterestIncome": "None", "otherNonOperatingIncome": "None", "depreciation": "None", "depreciationAndAmortization": "None", "incomeBeforeTax": "1153000000", "incomeTaxExpense": "402000000", "interestAndDebtExpense": "None", "netIncomeFromContinuingOperations": "-19354000000", "comprehensiveIncomeNetOfTax": "None", "ebit": "1153000000", "ebitda": "1225000000", "netIncome": "751000000"}, {"fiscalDateEnding": "2016-09-30", "reportedCurrency": "USD", "grossProfit": "5716000000", "totalRevenue": "5716000000", "costOfRevenue": "4688000000", "costofGoodsAndServicesSold": "4688000000", "operatingIncome": "1028000000", "sellingGeneralAndAdministrative": "12000000", "researchAndDevelopment": "0", "operatingExpenses": "1375000000", "investmentIncomeNet": "None", "netInterestIncome": "None", "interestIncome": "None", "interestExpense": "65000000", "nonInterestIncome": "None", "otherNonOperatingIncome": "None", "depreciation": "None", "depreciationAndAmortization": "None", "incomeBeforeTax": "963000000", "incomeTaxExpense": "334000000", "interestAndDebtExpense": "None", "netIncomeFromContinuingOperations": "629000000", "comprehensiveIncomeNetOfTax": "None", "ebit": "963000000", "ebitda": "1028000000", "netIncome": "629000000"}, {"fiscalDateEnding": "2016-06-30", "reportedCurrency": "USD", "grossProfit": "5437000000", "totalRevenue": "5437000000", "costOfRevenue": "4537000000", "costofGoodsAndServicesSold": "4537000000", "operatingIncome": "900000000", "sellingGeneralAndAdministrative": "50000000", "researchAndDevelopment": "0", "operatingExpenses": "1349000000", "investmentIncomeNet": "None", "netInterestIncome": "None", "interestIncome": "None", "interestExpense": "66000000", "nonInterestIncome": "None", "otherNonOperatingIncome": "None", "depreciation": "None", "depreciationAndAmortization": "None", "incomeBeforeTax": "834000000", "incomeTaxExpense": "286000000", "interestAndDebtExpense": "None", "netIncomeFromContinuingOperations": "548000000", "comprehensiveIncomeNetOfTax": "None", "ebit": "834000000", "ebitda": "900000000", "netIncome": "548000000"}, {"fiscalDateEnding": "2016-03-31", "reportedCurrency": "USD", "grossProfit": "5451000000", "totalRevenue": "5451000000", "costOfRevenue": "4269000000", "costofGoodsAndServicesSold": "4269000000", "operatingIncome": "1182000000", "sellingGeneralAndAdministrative": "563000000", "researchAndDevelopment": "0", "operatingExpenses": "1309000000", "investmentIncomeNet": "None", "netInterestIncome": "None", "interestIncome": "None", "interestExpense": "65000000", "nonInterestIncome": "None", "otherNonOperatingIncome": "None", "depreciation": "None", "depreciationAndAmortization": "None", "incomeBeforeTax": "1117000000", "incomeTaxExpense": "386000000", "interestAndDebtExpense": "None", "netIncomeFromContinuingOperations": "731000000", "comprehensiveIncomeNetOfTax": "None", "ebit": "1117000000", "ebitda": "1182000000", "netIncome": "731000000"}, {"fiscalDateEnding": "2015-12-31", "reportedCurrency": "USD", "grossProfit": "5300000000", "totalRevenue": "5300000000", "costOfRevenue": "4144000000", "costofGoodsAndServicesSold": "4144000000", "operatingIncome": "1175000000", "sellingGeneralAndAdministrative": "2052000000", "researchAndDevelopment": "0", "operatingExpenses": "-4125000000", "investmentIncomeNet": "None", "netInterestIncome": "None", "interestIncome": "None", "interestExpense": "65000000", "nonInterestIncome": "None", "otherNonOperatingIncome": "None", "depreciation": "None", "depreciationAndAmortization": "None", "incomeBeforeTax": "1110000000", "incomeTaxExpense": "380000000", "interestAndDebtExpense": "None", "netIncomeFromContinuingOperations": "730000000", "comprehensiveIncomeNetOfTax": "None", "ebit": "1110000000", "ebitda": "1175000000", "netIncome": "730000000"}, {"fiscalDateEnding": "2015-09-30", "reportedCurrency": "USD", "grossProfit": "5040000000", "totalRevenue": "5040000000", "costOfRevenue": "4108000000", "costofGoodsAndServicesSold": "4108000000", "operatingIncome": "931000000", "sellingGeneralAndAdministrative": "4000000", "researchAndDevelopment": "0", "operatingExpenses": "1249000000", "investmentIncomeNet": "None", "netInterestIncome": "None", "interestIncome": "None", "interestExpense": "67000000", "nonInterestIncome": "None", "otherNonOperatingIncome": "None", "depreciation": "None", "depreciationAndAmortization": "None", "incomeBeforeTax": "864000000", "incomeTaxExpense": "297000000", "interestAndDebtExpense": "None", "netIncomeFromContinuingOperations": "567000000", "comprehensiveIncomeNetOfTax": "None", "ebit": "864000000", "ebitda": "931000000", "netIncome": "567000000"}, {"fiscalDateEnding": "2015-06-30", "reportedCurrency": "USD", "grossProfit": "5287000000", "totalRevenue": "5287000000", "costOfRevenue": "4109000000", "costofGoodsAndServicesSold": "4109000000", "operatingIncome": "948000000", "sellingGeneralAndAdministrative": "20000000", "researchAndDevelopment": "0", "operatingExpenses": "1476000000", "investmentIncomeNet": "None", "netInterestIncome": "None", "interestIncome": "None", "interestExpense": "74000000", "nonInterestIncome": "None", "otherNonOperatingIncome": "-230000000", "depreciation": "None", "depreciationAndAmortization": "None", "incomeBeforeTax": "874000000", "incomeTaxExpense": "301000000", "interestAndDebtExpense": "None", "netIncomeFromContinuingOperations": "573000000", "comprehensiveIncomeNetOfTax": "None", "ebit": "874000000", "ebitda": "948000000", "netIncome": "573000000"}, {"fiscalDateEnding": "2015-03-31", "reportedCurrency": "USD", "grossProfit": "5185000000", "totalRevenue": "5226000000", "costOfRevenue": "41000000", "costofGoodsAndServicesSold": "41000000", "operatingIncome": "1096000000", "sellingGeneralAndAdministrative": "530000000", "researchAndDevelopment": "0", "operatingExpenses": "1261000000", "investmentIncomeNet": "None", "netInterestIncome": "None", "interestIncome": "None", "interestExpense": "83000000", "nonInterestIncome": "None", "otherNonOperatingIncome": "None", "depreciation": "None", "depreciationAndAmortization": "None", "incomeBeforeTax": "1013000000", "incomeTaxExpense": "350000000", "interestAndDebtExpense": "None", "netIncomeFromContinuingOperations": "663000000", "comprehensiveIncomeNetOfTax": "None", "ebit": "1013000000", "ebitda": "1096000000", "netIncome": "663000000"}, {"fiscalDateEnding": "2014-12-31", "reportedCurrency": "USD", "grossProfit": "5514000000", "totalRevenue": "5514000000", "costOfRevenue": "4360000000", "costofGoodsAndServicesSold": "4360000000", "operatingIncome": "1154000000", "sellingGeneralAndAdministrative": "1695000000", "researchAndDevelopment": "0", "operatingExpenses": "-4360000000", "investmentIncomeNet": "None", "netInterestIncome": "None", "interestIncome": "None", "interestExpense": "79000000", "nonInterestIncome": "None", "otherNonOperatingIncome": "None", "depreciation": "None", "depreciationAndAmortization": "None", "incomeBeforeTax": "1075000000", "incomeTaxExpense": "372000000", "interestAndDebtExpense": "None", "netIncomeFromContinuingOperations": "703000000", "comprehensiveIncomeNetOfTax": "None", "ebit": "1075000000", "ebitda": "1154000000", "netIncome": "703000000"}, {"fiscalDateEnding": "2014-09-30", "reportedCurrency": "USD", "grossProfit": "5704000000", "totalRevenue": "5736000000", "costOfRevenue": "32000000", "costofGoodsAndServicesSold": "32000000", "operatingIncome": "1151000000", "sellingGeneralAndAdministrative": "505000000", "researchAndDevelopment": "0", "operatingExpenses": "1307000000", "investmentIncomeNet": "None", "netInterestIncome": "None", "interestIncome": "None", "interestExpense": "77000000", "nonInterestIncome": "None", "otherNonOperatingIncome": "None", "depreciation": "None", "depreciationAndAmortization": "None", "incomeBeforeTax": "1074000000", "incomeTaxExpense": "368000000", "interestAndDebtExpense": "None", "netIncomeFromContinuingOperations": "706000000", "comprehensiveIncomeNetOfTax": "None", "ebit": "1074000000", "ebitda": "1151000000", "netIncome": "706000000"}, {"fiscalDateEnding": "2014-06-30", "reportedCurrency": "USD", "grossProfit": "5794000000", "totalRevenue": "5838000000", "costOfRevenue": "44000000", "costofGoodsAndServicesSold": "44000000", "operatingIncome": "1319000000", "sellingGeneralAndAdministrative": "1071000000", "researchAndDevelopment": "0", "operatingExpenses": "1307000000", "investmentIncomeNet": "None", "netInterestIncome": "None", "interestIncome": "None", "interestExpense": "81000000", "nonInterestIncome": "None", "otherNonOperatingIncome": "None", "depreciation": "None", "depreciationAndAmortization": "None", "incomeBeforeTax": "1238000000", "incomeTaxExpense": "428000000", "interestAndDebtExpense": "None", "netIncomeFromContinuingOperations": "810000000", "comprehensiveIncomeNetOfTax": "None", "ebit": "1238000000", "ebitda": "1319000000", "netIncome": "810000000"}, {"fiscalDateEnding": "2014-03-31", "reportedCurrency": "USD", "grossProfit": "5598000000", "totalRevenue": "5640000000", "costOfRevenue": "42000000", "costofGoodsAndServicesSold": "42000000", "operatingIncome": "1184000000", "sellingGeneralAndAdministrative": "0", "researchAndDevelopment": "0", "operatingExpenses": "1316000000", "investmentIncomeNet": "None", "netInterestIncome": "None", "interestIncome": "None", "interestExpense": "80000000", "nonInterestIncome": "None", "otherNonOperatingIncome": "None", "depreciation": "None", "depreciationAndAmortization": "None", "incomeBeforeTax": "1104000000", "incomeTaxExpense": "372000000", "interestAndDebtExpense": "None", "netIncomeFromContinuingOperations": "732000000", "comprehensiveIncomeNetOfTax": "None", "ebit": "1104000000", "ebitda": "1184000000", "netIncome": "732000000"}, {"fiscalDateEnding": "2013-12-31", "reportedCurrency": "USD", "grossProfit": "5801000000", "totalRevenue": "5801000000", "costOfRevenue": "4691000000", "costofGoodsAndServicesSold": "4691000000", "operatingIncome": "1110000000", "sellingGeneralAndAdministrative": "1654000000", "researchAndDevelopment": "0", "operatingExpenses": "-4691000000", "investmentIncomeNet": "None", "netInterestIncome": "None", "interestIncome": "None", "interestExpense": "82000000", "nonInterestIncome": "None", "otherNonOperatingIncome": "None", "depreciation": "None", "depreciationAndAmortization": "None", "incomeBeforeTax": "1028000000", "incomeTaxExpense": "353000000", "interestAndDebtExpense": "None", "netIncomeFromContinuingOperations": "675000000", "comprehensiveIncomeNetOfTax": "None", "ebit": "1028000000", "ebitda": "1110000000", "netIncome": "675000000"}, {"fiscalDateEnding": "2013-09-30", "reportedCurrency": "USD", "grossProfit": "5837000000", "totalRevenue": "5886000000", "costOfRevenue": "49000000", "costofGoodsAndServicesSold": "49000000", "operatingIncome": "1140000000", "sellingGeneralAndAdministrative": "39000000", "researchAndDevelopment": "0", "operatingExpenses": "1332000000", "investmentIncomeNet": "None", "netInterestIncome": "None", "interestIncome": "None", "interestExpense": "71000000", "nonInterestIncome": "None", "otherNonOperatingIncome": "None", "depreciation": "None", "depreciationAndAmortization": "None", "incomeBeforeTax": "1069000000", "incomeTaxExpense": "367000000", "interestAndDebtExpense": "None", "netIncomeFromContinuingOperations": "702000000", "comprehensiveIncomeNetOfTax": "None", "ebit": "1069000000", "ebitda": "1140000000", "netIncome": "702000000"}, {"fiscalDateEnding": "2013-06-30", "reportedCurrency": "USD", "grossProfit": "5996000000", "totalRevenue": "6044000000", "costOfRevenue": "48000000", "costofGoodsAndServicesSold": "48000000", "operatingIncome": "1427000000", "sellingGeneralAndAdministrative": "5000000", "researchAndDevelopment": "0", "operatingExpenses": "1275000000", "investmentIncomeNet": "None", "netInterestIncome": "None", "interestIncome": "None", "interestExpense": "69000000", "nonInterestIncome": "None", "otherNonOperatingIncome": "None", "depreciation": "None", "depreciationAndAmortization": "None", "incomeBeforeTax": "1358000000", "incomeTaxExpense": "469000000", "interestAndDebtExpense": "None", "netIncomeFromContinuingOperations": "889000000", "comprehensiveIncomeNetOfTax": "None", "ebit": "1358000000", "ebitda": "1427000000", "netIncome": "889000000"}, {"fiscalDateEnding": "2013-03-31", "reportedCurrency": "USD", "grossProfit": "6162000000", "totalRevenue": "6208000000", "costOfRevenue": "46000000", "costofGoodsAndServicesSold": "46000000", "operatingIncome": "1432000000", "sellingGeneralAndAdministrative": "534000000", "researchAndDevelopment": "0", "operatingExpenses": "1326000000", "investmentIncomeNet": "None", "netInterestIncome": "None", "interestIncome": "None", "interestExpense": "71000000", "nonInterestIncome": "None", "otherNonOperatingIncome": "None", "depreciation": "None", "depreciationAndAmortization": "None", "incomeBeforeTax": "1361000000", "incomeTaxExpense": "469000000", "interestAndDebtExpense": "None", "netIncomeFromContinuingOperations": "892000000", "comprehensiveIncomeNetOfTax": "None", "ebit": "1361000000", "ebitda": "1432000000", "netIncome": "892000000"}, {"fiscalDateEnding": "2012-12-31", "reportedCurrency": "USD", "grossProfit": "6375000000", "totalRevenue": "6375000000", "costOfRevenue": "5421000000", "costofGoodsAndServicesSold": "5421000000", "operatingIncome": "954000000", "sellingGeneralAndAdministrative": "1820000000", "researchAndDevelopment": "0", "operatingExpenses": "-5421000000", "investmentIncomeNet": "None", "netInterestIncome": "None", "interestIncome": "None", "interestExpense": "75000000", "nonInterestIncome": "None", "otherNonOperatingIncome": "None", "depreciation": "None", "depreciationAndAmortization": "None", "incomeBeforeTax": "879000000", "incomeTaxExpense": "298000000", "interestAndDebtExpense": "None", "netIncomeFromContinuingOperations": "0", "comprehensiveIncomeNetOfTax": "None", "ebit": "879000000", "ebitda": "954000000", "netIncome": "581000000"}, {"fiscalDateEnding": "2012-09-30", "reportedCurrency": "USD", "grossProfit": "6797000000", "totalRevenue": "6847000000", "costOfRevenue": "50000000", "costofGoodsAndServicesSold": "50000000", "operatingIncome": "1547000000", "sellingGeneralAndAdministrative": "595000000", "researchAndDevelopment": "0", "operatingExpenses": "1435000000", "investmentIncomeNet": "None", "netInterestIncome": "None", "interestIncome": "None", "interestExpense": "67000000", "nonInterestIncome": "None", "otherNonOperatingIncome": "None", "depreciation": "None", "depreciationAndAmortization": "None", "incomeBeforeTax": "1480000000", "incomeTaxExpense": "463000000", "interestAndDebtExpense": "None", "netIncomeFromContinuingOperations": "0", "comprehensiveIncomeNetOfTax": "None", "ebit": "1480000000", "ebitda": "1547000000", "netIncome": "1017000000"}, {"fiscalDateEnding": "2012-06-30", "reportedCurrency": "USD", "grossProfit": "5854000000", "totalRevenue": "5902000000", "costOfRevenue": "48000000", "costofGoodsAndServicesSold": "48000000", "operatingIncome": "803000000", "sellingGeneralAndAdministrative": "587000000", "researchAndDevelopment": "0", "operatingExpenses": "1398000000", "investmentIncomeNet": "None", "netInterestIncome": "None", "interestIncome": "None", "interestExpense": "62000000", "nonInterestIncome": "None", "otherNonOperatingIncome": "None", "depreciation": "None", "depreciationAndAmortization": "None", "incomeBeforeTax": "741000000", "incomeTaxExpense": "258000000", "interestAndDebtExpense": "None", "netIncomeFromContinuingOperations": "0", "comprehensiveIncomeNetOfTax": "None", "ebit": "741000000", "ebitda": "803000000", "netIncome": "483000000"}, {"fiscalDateEnding": "2012-03-31", "reportedCurrency": "USD", "grossProfit": "6191000000", "totalRevenue": "6240000000", "costOfRevenue": "49000000", "costofGoodsAndServicesSold": "49000000", "operatingIncome": "1259000000", "sellingGeneralAndAdministrative": "564000000", "researchAndDevelopment": "0", "operatingExpenses": "1392000000", "investmentIncomeNet": "None", "netInterestIncome": "None", "interestIncome": "None", "interestExpense": "57000000", "nonInterestIncome": "None", "otherNonOperatingIncome": "None", "depreciation": "None", "depreciationAndAmortization": "None", "incomeBeforeTax": "1202000000", "incomeTaxExpense": "417000000", "interestAndDebtExpense": "None", "netIncomeFromContinuingOperations": "0", "comprehensiveIncomeNetOfTax": "None", "ebit": "1202000000", "ebitda": "1259000000", "netIncome": "785000000"}, {"fiscalDateEnding": "2011-12-31", "reportedCurrency": "USD", "grossProfit": "5979000000", "totalRevenue": "5979000000", "costOfRevenue": "5105000000", "costofGoodsAndServicesSold": "5105000000", "operatingIncome": "887000000", "sellingGeneralAndAdministrative": "616000000", "researchAndDevelopment": "0", "operatingExpenses": "-5092000000", "investmentIncomeNet": "None", "netInterestIncome": "None", "interestIncome": "None", "interestExpense": "53000000", "nonInterestIncome": "None", "otherNonOperatingIncome": "None", "depreciation": "None", "depreciationAndAmortization": "None", "incomeBeforeTax": "834000000", "incomeTaxExpense": "288000000", "interestAndDebtExpense": "None", "netIncomeFromContinuingOperations": "0", "comprehensiveIncomeNetOfTax": "None", "ebit": "834000000", "ebitda": "887000000", "netIncome": "546000000"}, {"fiscalDateEnding": "2011-09-30", "reportedCurrency": "USD", "grossProfit": "5942000000", "totalRevenue": "5987000000", "costOfRevenue": "45000000", "costofGoodsAndServicesSold": "45000000", "operatingIncome": "1157000000", "sellingGeneralAndAdministrative": "558000000", "researchAndDevelopment": "0", "operatingExpenses": "1365000000", "investmentIncomeNet": "None", "netInterestIncome": "None", "interestIncome": "None", "interestExpense": "52000000", "nonInterestIncome": "None", "otherNonOperatingIncome": "None", "depreciation": "None", "depreciationAndAmortization": "None", "incomeBeforeTax": "1105000000", "incomeTaxExpense": "361000000", "interestAndDebtExpense": "None", "netIncomeFromContinuingOperations": "744000000", "comprehensiveIncomeNetOfTax": "None", "ebit": "1105000000", "ebitda": "1157000000", "netIncome": "744000000"}, {"fiscalDateEnding": "2011-06-30", "reportedCurrency": "USD", "grossProfit": "5043000000", "totalRevenue": "5088000000", "costOfRevenue": "45000000", "costofGoodsAndServicesSold": "45000000", "operatingIncome": "499000000", "sellingGeneralAndAdministrative": "543000000", "researchAndDevelopment": "0", "operatingExpenses": "1325000000", "investmentIncomeNet": "None", "netInterestIncome": "None", "interestIncome": "None", "interestExpense": "46000000", "nonInterestIncome": "None", "otherNonOperatingIncome": "None", "depreciation": "None", "depreciationAndAmortization": "None", "incomeBeforeTax": "453000000", "incomeTaxExpense": "173000000", "interestAndDebtExpense": "None", "netIncomeFromContinuingOperations": "280000000", "comprehensiveIncomeNetOfTax": "None", "ebit": "453000000", "ebitda": "499000000", "netIncome": "280000000"}, {"fiscalDateEnding": "2011-03-31", "reportedCurrency": "USD", "grossProfit": "2704000000", "totalRevenue": "5117000000", "costOfRevenue": "2413000000", "costofGoodsAndServicesSold": "2413000000", "operatingIncome": "645000000", "sellingGeneralAndAdministrative": "508000000", "researchAndDevelopment": "0", "operatingExpenses": "2655000000", "investmentIncomeNet": "None", "netInterestIncome": "None", "interestIncome": "None", "interestExpense": "45000000", "nonInterestIncome": "None", "otherNonOperatingIncome": "None", "depreciation": "None", "depreciationAndAmortization": "None", "incomeBeforeTax": "600000000", "incomeTaxExpense": "205000000", "interestAndDebtExpense": "None", "netIncomeFromContinuingOperations": "395000000", "comprehensiveIncomeNetOfTax": "None", "ebit": "600000000", "ebitda": "645000000", "netIncome": "395000000"}, {"fiscalDateEnding": "2010-12-31", "reportedCurrency": "USD", "grossProfit": "5294000000", "totalRevenue": "5294000000", "costOfRevenue": "4583000000", "costofGoodsAndServicesSold": "4583000000", "operatingIncome": "711000000", "sellingGeneralAndAdministrative": "569000000", "researchAndDevelopment": "0", "operatingExpenses": "-4583000000", "investmentIncomeNet": "None", "netInterestIncome": "None", "interestIncome": "None", "interestExpense": "44000000", "nonInterestIncome": "None", "otherNonOperatingIncome": "None", "depreciation": "None", "depreciationAndAmortization": "None", "incomeBeforeTax": "667000000", "incomeTaxExpense": "230000000", "interestAndDebtExpense": "None", "netIncomeFromContinuingOperations": "0", "comprehensiveIncomeNetOfTax": "None", "ebit": "667000000", "ebitda": "711000000", "netIncome": "437000000"}, {"fiscalDateEnding": "2010-09-30", "reportedCurrency": "USD", "grossProfit": "5394000000", "totalRevenue": "5394000000", "costOfRevenue": "4300000000", "costofGoodsAndServicesSold": "4300000000", "operatingIncome": "1094000000", "sellingGeneralAndAdministrative": "505000000", "researchAndDevelopment": "0", "operatingExpenses": "785000000", "investmentIncomeNet": "None", "netInterestIncome": "None", "interestIncome": "None", "interestExpense": "39000000", "nonInterestIncome": "None", "otherNonOperatingIncome": "None", "depreciation": "None", "depreciationAndAmortization": "None", "incomeBeforeTax": "1055000000", "incomeTaxExpense": "365000000", "interestAndDebtExpense": "None", "netIncomeFromContinuingOperations": "0", "comprehensiveIncomeNetOfTax": "None", "ebit": "1055000000", "ebitda": "1094000000", "netIncome": "690000000"}, {"fiscalDateEnding": "2010-06-30", "reportedCurrency": "USD", "grossProfit": "4980000000", "totalRevenue": "4980000000", "costOfRevenue": "4057000000", "costofGoodsAndServicesSold": "4057000000", "operatingIncome": "922000000", "sellingGeneralAndAdministrative": "398000000", "researchAndDevelopment": "0", "operatingExpenses": "751000000", "investmentIncomeNet": "None", "netInterestIncome": "None", "interestIncome": "None", "interestExpense": "33000000", "nonInterestIncome": "None", "otherNonOperatingIncome": "None", "depreciation": "None", "depreciationAndAmortization": "None", "incomeBeforeTax": "889000000", "incomeTaxExpense": "308000000", "interestAndDebtExpense": "None", "netIncomeFromContinuingOperations": "0", "comprehensiveIncomeNetOfTax": "None", "ebit": "889000000", "ebitda": "922000000", "netIncome": "581000000"}, {"fiscalDateEnding": "2010-03-31", "reportedCurrency": "USD", "grossProfit": "5028000000", "totalRevenue": "5065000000", "costOfRevenue": "37000000", "costofGoodsAndServicesSold": "37000000", "operatingIncome": "1007000000", "sellingGeneralAndAdministrative": "403000000", "researchAndDevelopment": "0", "operatingExpenses": "1234000000", "investmentIncomeNet": "None", "netInterestIncome": "None", "interestIncome": "None", "interestExpense": "33000000", "nonInterestIncome": "None", "otherNonOperatingIncome": "None", "depreciation": "None", "depreciationAndAmortization": "None", "incomeBeforeTax": "974000000", "incomeTaxExpense": "338000000", "interestAndDebtExpense": "None", "netIncomeFromContinuingOperations": "0", "comprehensiveIncomeNetOfTax": "None", "ebit": "974000000", "ebitda": "1007000000", "netIncome": "636000000"}, {"fiscalDateEnding": "2009-12-31", "reportedCurrency": "USD", "grossProfit": "4532000000", "totalRevenue": "4597000000", "costOfRevenue": "65000000", "costofGoodsAndServicesSold": "65000000", "operatingIncome": "368000000", "sellingGeneralAndAdministrative": "410000000", "researchAndDevelopment": "0", "operatingExpenses": "138000000", "investmentIncomeNet": "None", "netInterestIncome": "None", "interestIncome": "None", "interestExpense": "26000000", "nonInterestIncome": "None", "otherNonOperatingIncome": "None", "depreciation": "None", "depreciationAndAmortization": "None", "incomeBeforeTax": "342000000", "incomeTaxExpense": "90000000", "interestAndDebtExpense": "None", "netIncomeFromContinuingOperations": "0", "comprehensiveIncomeNetOfTax": "None", "ebit": "342000000", "ebitda": "368000000", "netIncome": "252000000"}, {"fiscalDateEnding": "2009-09-30", "reportedCurrency": "USD", "grossProfit": "4482000000", "totalRevenue": "4526000000", "costOfRevenue": "44000000", "costofGoodsAndServicesSold": "44000000", "operatingIncome": "574000000", "sellingGeneralAndAdministrative": "388000000", "researchAndDevelopment": "0", "operatingExpenses": "1160000000", "investmentIncomeNet": "None", "netInterestIncome": "None", "interestIncome": "None", "interestExpense": "25000000", "nonInterestIncome": "None", "otherNonOperatingIncome": "None", "depreciation": "None", "depreciationAndAmortization": "None", "incomeBeforeTax": "549000000", "incomeTaxExpense": "186000000", "interestAndDebtExpense": "None", "netIncomeFromContinuingOperations": "0", "comprehensiveIncomeNetOfTax": "None", "ebit": "549000000", "ebitda": "574000000", "netIncome": "363000000"}, {"fiscalDateEnding": "2009-06-30", "reportedCurrency": "USD", "grossProfit": "4278000000", "totalRevenue": "4313000000", "costOfRevenue": "35000000", "costofGoodsAndServicesSold": "35000000", "operatingIncome": "487000000", "sellingGeneralAndAdministrative": "381000000", "researchAndDevelopment": "0", "operatingExpenses": "1117000000", "investmentIncomeNet": "None", "netInterestIncome": "None", "interestIncome": "None", "interestExpense": "14000000", "nonInterestIncome": "None", "otherNonOperatingIncome": "None", "depreciation": "None", "depreciationAndAmortization": "None", "incomeBeforeTax": "473000000", "incomeTaxExpense": "159000000", "interestAndDebtExpense": "None", "netIncomeFromContinuingOperations": "0", "comprehensiveIncomeNetOfTax": "None", "ebit": "473000000", "ebitda": "487000000", "netIncome": "314000000"}, {"fiscalDateEnding": "2009-03-31", "reportedCurrency": "USD", "grossProfit": "4786000000", "totalRevenue": "4818000000", "costOfRevenue": "32000000", "costofGoodsAndServicesSold": "32000000", "operatingIncome": "879000000", "sellingGeneralAndAdministrative": "389000000", "researchAndDevelopment": "0", "operatingExpenses": "1136000000", "investmentIncomeNet": "None", "netInterestIncome": "None", "interestIncome": "None", "interestExpense": "8000000", "nonInterestIncome": "None", "otherNonOperatingIncome": "None", "depreciation": "None", "depreciationAndAmortization": "None", "incomeBeforeTax": "871000000", "incomeTaxExpense": "302000000", "interestAndDebtExpense": "None", "netIncomeFromContinuingOperations": "0", "comprehensiveIncomeNetOfTax": "None", "ebit": "871000000", "ebitda": "879000000", "netIncome": "569000000"}, {"fiscalDateEnding": "2008-12-31", "reportedCurrency": "USD", "grossProfit": "4199000000", "totalRevenue": "4260000000", "costOfRevenue": "61000000", "costofGoodsAndServicesSold": "61000000", "operatingIncome": "308000000", "sellingGeneralAndAdministrative": "385000000", "researchAndDevelopment": "0", "operatingExpenses": "87000000", "investmentIncomeNet": "None", "netInterestIncome": "None", "interestIncome": "None", "interestExpense": "8000000", "nonInterestIncome": "None", "otherNonOperatingIncome": "None", "depreciation": "None", "depreciationAndAmortization": "None", "incomeBeforeTax": "300000000", "incomeTaxExpense": "103000000", "interestAndDebtExpense": "None", "netIncomeFromContinuingOperations": "0", "comprehensiveIncomeNetOfTax": "None", "ebit": "300000000", "ebitda": "308000000", "netIncome": "197000000"}, {"fiscalDateEnding": "2008-09-30", "reportedCurrency": "USD", "grossProfit": "3661000000", "totalRevenue": "3691000000", "costOfRevenue": "30000000", "costofGoodsAndServicesSold": "30000000", "operatingIncome": "155000000", "sellingGeneralAndAdministrative": "355000000", "researchAndDevelopment": "0", "operatingExpenses": "992000000", "investmentIncomeNet": "None", "netInterestIncome": "None", "interestIncome": "None", "interestExpense": "7000000", "nonInterestIncome": "None", "otherNonOperatingIncome": "None", "depreciation": "None", "depreciationAndAmortization": "None", "incomeBeforeTax": "148000000", "incomeTaxExpense": "48000000", "interestAndDebtExpense": "None", "netIncomeFromContinuingOperations": "0", "comprehensiveIncomeNetOfTax": "None", "ebit": "148000000", "ebitda": "155000000", "netIncome": "100000000"}, {"fiscalDateEnding": "2008-06-30", "reportedCurrency": "USD", "grossProfit": "4300000000", "totalRevenue": "4336000000", "costOfRevenue": "36000000", "costofGoodsAndServicesSold": "36000000", "operatingIncome": "747000000", "sellingGeneralAndAdministrative": "362000000", "researchAndDevelopment": "0", "operatingExpenses": "1021000000", "investmentIncomeNet": "None", "netInterestIncome": "None", "interestIncome": "None", "interestExpense": "7000000", "nonInterestIncome": "None", "otherNonOperatingIncome": "None", "depreciation": "None", "depreciationAndAmortization": "None", "incomeBeforeTax": "740000000", "incomeTaxExpense": "257000000", "interestAndDebtExpense": "None", "netIncomeFromContinuingOperations": "0", "comprehensiveIncomeNetOfTax": "None", "ebit": "740000000", "ebitda": "747000000", "netIncome": "483000000"}, {"fiscalDateEnding": "2008-03-31", "reportedCurrency": "USD", "grossProfit": "4234000000", "totalRevenue": "4267000000", "costOfRevenue": "33000000", "costofGoodsAndServicesSold": "33000000", "operatingIncome": "733000000", "sellingGeneralAndAdministrative": "0", "researchAndDevelopment": "0", "operatingExpenses": "1003000000", "investmentIncomeNet": "None", "netInterestIncome": "None", "interestIncome": "None", "interestExpense": "7000000", "nonInterestIncome": "None", "otherNonOperatingIncome": "None", "depreciation": "None", "depreciationAndAmortization": "None", "incomeBeforeTax": "726000000", "incomeTaxExpense": "252000000", "interestAndDebtExpense": "None", "netIncomeFromContinuingOperations": "0", "comprehensiveIncomeNetOfTax": "None", "ebit": "726000000", "ebitda": "733000000", "netIncome": "474000000"}, {"fiscalDateEnding": "2007-12-31", "reportedCurrency": "USD", "grossProfit": "4017000000", "totalRevenue": "4017000000", "costOfRevenue": "3424000000", "costofGoodsAndServicesSold": "3424000000", "operatingIncome": "593000000", "sellingGeneralAndAdministrative": "0", "researchAndDevelopment": "0", "operatingExpenses": "-9443000000", "investmentIncomeNet": "None", "netInterestIncome": "None", "interestIncome": "None", "interestExpense": "7000000", "nonInterestIncome": "None", "otherNonOperatingIncome": "None", "depreciation": "None", "depreciationAndAmortization": "None", "incomeBeforeTax": "586000000", "incomeTaxExpense": "203000000", "interestAndDebtExpense": "None", "netIncomeFromContinuingOperations": "0", "comprehensiveIncomeNetOfTax": "None", "ebit": "586000000", "ebitda": "593000000", "netIncome": "383000000"}, {"fiscalDateEnding": "2007-09-30", "reportedCurrency": "USD", "grossProfit": "3833000000", "totalRevenue": "3861000000", "costOfRevenue": "28000000", "costofGoodsAndServicesSold": "28000000", "operatingIncome": "648000000", "sellingGeneralAndAdministrative": "0", "researchAndDevelopment": "0", "operatingExpenses": "888000000", "investmentIncomeNet": "None", "netInterestIncome": "None", "interestIncome": "None", "interestExpense": "6000000", "nonInterestIncome": "None", "otherNonOperatingIncome": "None", "depreciation": "None", "depreciationAndAmortization": "None", "incomeBeforeTax": "642000000", "incomeTaxExpense": "222000000", "interestAndDebtExpense": "None", "netIncomeFromContinuingOperations": "0", "comprehensiveIncomeNetOfTax": "None", "ebit": "642000000", "ebitda": "648000000", "netIncome": "420000000"}, {"fiscalDateEnding": "2007-06-30", "reportedCurrency": "USD", "grossProfit": "3739000000", "totalRevenue": "3764000000", "costOfRevenue": "25000000", "costofGoodsAndServicesSold": "25000000", "operatingIncome": "641000000", "sellingGeneralAndAdministrative": "0", "researchAndDevelopment": "0", "operatingExpenses": "863000000", "investmentIncomeNet": "None", "netInterestIncome": "None", "interestIncome": "None", "interestExpense": "6000000", "nonInterestIncome": "None", "otherNonOperatingIncome": "None", "depreciation": "None", "depreciationAndAmortization": "None", "incomeBeforeTax": "635000000", "incomeTaxExpense": "220000000", "interestAndDebtExpense": "None", "netIncomeFromContinuingOperations": "0", "comprehensiveIncomeNetOfTax": "None", "ebit": "635000000", "ebitda": "641000000", "netIncome": "415000000"}, {"fiscalDateEnding": "2007-03-31", "reportedCurrency": "USD", "grossProfit": "3722000000", "totalRevenue": "3751000000", "costOfRevenue": "29000000", "costofGoodsAndServicesSold": "29000000", "operatingIncome": "644000000", "sellingGeneralAndAdministrative": "0", "researchAndDevelopment": "0", "operatingExpenses": "857000000", "investmentIncomeNet": "None", "netInterestIncome": "None", "interestIncome": "None", "interestExpense": "8000000", "nonInterestIncome": "None", "otherNonOperatingIncome": "None", "depreciation": "None", "depreciationAndAmortization": "None", "incomeBeforeTax": "636000000", "incomeTaxExpense": "220000000", "interestAndDebtExpense": "None", "netIncomeFromContinuingOperations": "0", "comprehensiveIncomeNetOfTax": "None", "ebit": "636000000", "ebitda": "644000000", "netIncome": "416000000"}, {"fiscalDateEnding": "2006-12-31", "reportedCurrency": "USD", "grossProfit": "3687000000", "totalRevenue": "3687000000", "costOfRevenue": "3174000000", "costofGoodsAndServicesSold": "3174000000", "operatingIncome": "513000000", "sellingGeneralAndAdministrative": "0", "researchAndDevelopment": "0", "operatingExpenses": "-3174000000", "investmentIncomeNet": "None", "netInterestIncome": "None", "interestIncome": "None", "interestExpense": "5000000", "nonInterestIncome": "None", "otherNonOperatingIncome": "None", "depreciation": "None", "depreciationAndAmortization": "None", "incomeBeforeTax": "508000000", "incomeTaxExpense": "175000000", "interestAndDebtExpense": "None", "netIncomeFromContinuingOperations": "0", "comprehensiveIncomeNetOfTax": "None", "ebit": "508000000", "ebitda": "513000000", "netIncome": "333000000"}, {"fiscalDateEnding": "2006-09-30", "reportedCurrency": "USD", "grossProfit": "3648000000", "totalRevenue": "3672000000", "costOfRevenue": "24000000", "costofGoodsAndServicesSold": "24000000", "operatingIncome": "561000000", "sellingGeneralAndAdministrative": "0", "researchAndDevelopment": "0", "operatingExpenses": "824000000", "investmentIncomeNet": "None", "netInterestIncome": "None", "interestIncome": "None", "interestExpense": "4000000", "nonInterestIncome": "None", "otherNonOperatingIncome": "None", "depreciation": "None", "depreciationAndAmortization": "None", "incomeBeforeTax": "557000000", "incomeTaxExpense": "190000000", "interestAndDebtExpense": "None", "netIncomeFromContinuingOperations": "0", "comprehensiveIncomeNetOfTax": "None", "ebit": "557000000", "ebitda": "561000000", "netIncome": "367000000"}, {"fiscalDateEnding": "2006-06-30", "reportedCurrency": "USD", "grossProfit": "3674000000", "totalRevenue": "3697000000", "costOfRevenue": "23000000", "costofGoodsAndServicesSold": "23000000", "operatingIncome": "629000000", "sellingGeneralAndAdministrative": "0", "researchAndDevelopment": "0", "operatingExpenses": "830000000", "investmentIncomeNet": "None", "netInterestIncome": "None", "interestIncome": "None", "interestExpense": "5000000", "nonInterestIncome": "None", "otherNonOperatingIncome": "None", "depreciation": "None", "depreciationAndAmortization": "None", "incomeBeforeTax": "624000000", "incomeTaxExpense": "216000000", "interestAndDebtExpense": "None", "netIncomeFromContinuingOperations": "0", "comprehensiveIncomeNetOfTax": "None", "ebit": "624000000", "ebitda": "629000000", "netIncome": "408000000"}, {"fiscalDateEnding": "2006-03-31", "reportedCurrency": "USD", "grossProfit": "3533000000", "totalRevenue": "3559000000", "costOfRevenue": "26000000", "costofGoodsAndServicesSold": "26000000", "operatingIncome": "580000000", "sellingGeneralAndAdministrative": "0", "researchAndDevelopment": "0", "operatingExpenses": "803000000", "investmentIncomeNet": "None", "netInterestIncome": "None", "interestIncome": "None", "interestExpense": "5000000", "nonInterestIncome": "None", "otherNonOperatingIncome": "None", "depreciation": "None", "depreciationAndAmortization": "None", "incomeBeforeTax": "575000000", "incomeTaxExpense": "200000000", "interestAndDebtExpense": "None", "netIncomeFromContinuingOperations": "0", "comprehensiveIncomeNetOfTax": "None", "ebit": "575000000", "ebitda": "580000000", "netIncome": "375000000"}, {"fiscalDateEnding": "2005-12-31", "reportedCurrency": "USD", "grossProfit": "3510000000", "totalRevenue": "3567000000", "costOfRevenue": "57000000", "costofGoodsAndServicesSold": "57000000", "operatingIncome": "565000000", "sellingGeneralAndAdministrative": "0", "researchAndDevelopment": "0", "operatingExpenses": "77000000", "investmentIncomeNet": "None", "netInterestIncome": "None", "interestIncome": "None", "interestExpense": "6000000", "nonInterestIncome": "None", "otherNonOperatingIncome": "None", "depreciation": "None", "depreciationAndAmortization": "None", "incomeBeforeTax": "559000000", "incomeTaxExpense": "195000000", "interestAndDebtExpense": "None", "netIncomeFromContinuingOperations": "0", "comprehensiveIncomeNetOfTax": "None", "ebit": "559000000", "ebitda": "565000000", "netIncome": "364000000"}, {"fiscalDateEnding": "2005-09-30", "reportedCurrency": "USD", "grossProfit": "3647000000", "totalRevenue": "3669000000", "costOfRevenue": "22000000", "costofGoodsAndServicesSold": "22000000", "operatingIncome": "651000000", "sellingGeneralAndAdministrative": "0", "researchAndDevelopment": "0", "operatingExpenses": "787000000", "investmentIncomeNet": "None", "netInterestIncome": "None", "interestIncome": "None", "interestExpense": "6000000", "nonInterestIncome": "None", "otherNonOperatingIncome": "None", "depreciation": "None", "depreciationAndAmortization": "None", "incomeBeforeTax": "645000000", "incomeTaxExpense": "190000000", "interestAndDebtExpense": "None", "netIncomeFromContinuingOperations": "0", "comprehensiveIncomeNetOfTax": "None", "ebit": "645000000", "ebitda": "651000000", "netIncome": "455000000"}, {"fiscalDateEnding": "2005-06-30", "reportedCurrency": "USD", "grossProfit": "3543000000", "totalRevenue": "3567000000", "costOfRevenue": "24000000", "costofGoodsAndServicesSold": "24000000", "operatingIncome": "522000000", "sellingGeneralAndAdministrative": "0", "researchAndDevelopment": "0", "operatingExpenses": "822000000", "investmentIncomeNet": "None", "netInterestIncome": "None", "interestIncome": "None", "interestExpense": "6000000", "nonInterestIncome": "None", "otherNonOperatingIncome": "None", "depreciation": "None", "depreciationAndAmortization": "None", "incomeBeforeTax": "516000000", "incomeTaxExpense": "180000000", "interestAndDebtExpense": "None", "netIncomeFromContinuingOperations": "0", "comprehensiveIncomeNetOfTax": "None", "ebit": "516000000", "ebitda": "522000000", "netIncome": "336000000"}, {"fiscalDateEnding": "2005-03-31", "reportedCurrency": "USD", "grossProfit": "3535000000", "totalRevenue": "3559000000", "costOfRevenue": "24000000", "costofGoodsAndServicesSold": "24000000", "operatingIncome": "512000000", "sellingGeneralAndAdministrative": "0", "researchAndDevelopment": "0", "operatingExpenses": "787000000", "investmentIncomeNet": "None", "netInterestIncome": "None", "interestIncome": "None", "interestExpense": "6000000", "nonInterestIncome": "None", "otherNonOperatingIncome": "None", "depreciation": "None", "depreciationAndAmortization": "None", "incomeBeforeTax": "506000000", "incomeTaxExpense": "178000000", "interestAndDebtExpense": "None", "netIncomeFromContinuingOperations": "0", "comprehensiveIncomeNetOfTax": "None", "ebit": "506000000", "ebitda": "512000000", "netIncome": "328000000"}, {"fiscalDateEnding": "2004-12-31", "reportedCurrency": "USD", "grossProfit": "3384000000", "totalRevenue": "3447000000", "costOfRevenue": "63000000", "costofGoodsAndServicesSold": "63000000", "operatingIncome": "455000000", "sellingGeneralAndAdministrative": "0", "researchAndDevelopment": "0", "operatingExpenses": "83000000", "investmentIncomeNet": "None", "netInterestIncome": "None", "interestIncome": "None", "interestExpense": "6000000", "nonInterestIncome": "None", "otherNonOperatingIncome": "None", "depreciation": "None", "depreciationAndAmortization": "None", "incomeBeforeTax": "449000000", "incomeTaxExpense": "31000000", "interestAndDebtExpense": "None", "netIncomeFromContinuingOperations": "0", "comprehensiveIncomeNetOfTax": "None", "ebit": "449000000", "ebitda": "455000000", "netIncome": "418000000"}]}