{"symbol": "AEE", "annualReports": [{"fiscalDateEnding": "2024-12-31", "reportedCurrency": "USD", "grossProfit": "7623000000", "totalRevenue": "7623000000", "costOfRevenue": "3970000000", "costofGoodsAndServicesSold": "3970000000", "operatingIncome": "1516000000", "sellingGeneralAndAdministrative": "None", "researchAndDevelopment": "None", "operatingExpenses": "6107000000", "investmentIncomeNet": "None", "netInterestIncome": "-622000000", "interestIncome": "41000000", "interestExpense": "663000000", "nonInterestIncome": "None", "otherNonOperatingIncome": "None", "depreciation": "None", "depreciationAndAmortization": "1590000000", "incomeBeforeTax": "1270000000", "incomeTaxExpense": "88000000", "interestAndDebtExpense": "None", "netIncomeFromContinuingOperations": "1187000000", "comprehensiveIncomeNetOfTax": "None", "ebit": "1933000000", "ebitda": "3523000000", "netIncome": "1182000000"}, {"fiscalDateEnding": "2023-12-31", "reportedCurrency": "USD", "grossProfit": "3467000000", "totalRevenue": "7500000000", "costOfRevenue": "4033000000", "costofGoodsAndServicesSold": "4033000000", "operatingIncome": "1558000000", "sellingGeneralAndAdministrative": "295000000", "researchAndDevelopment": "None", "operatingExpenses": "1909000000", "investmentIncomeNet": "None", "netInterestIncome": "-508000000", "interestIncome": "35000000", "interestExpense": "566000000", "nonInterestIncome": "None", "otherNonOperatingIncome": "None", "depreciation": "None", "depreciationAndAmortization": "1500000000", "incomeBeforeTax": "1340000000", "incomeTaxExpense": "183000000", "interestAndDebtExpense": "None", "netIncomeFromContinuingOperations": "1162000000", "comprehensiveIncomeNetOfTax": "None", "ebit": "1905000000", "ebitda": "3405000000", "netIncome": "1152000000"}, {"fiscalDateEnding": "2022-12-31", "reportedCurrency": "USD", "grossProfit": "3343000000", "totalRevenue": "7957000000", "costOfRevenue": "4614000000", "costofGoodsAndServicesSold": "4614000000", "operatingIncome": "1515000000", "sellingGeneralAndAdministrative": "184000000", "researchAndDevelopment": "None", "operatingExpenses": "1828000000", "investmentIncomeNet": "None", "netInterestIncome": "-486000000", "interestIncome": "486000000", "interestExpense": "486000000", "nonInterestIncome": "None", "otherNonOperatingIncome": "226000000", "depreciation": "None", "depreciationAndAmortization": "1438000000", "incomeBeforeTax": "1255000000", "incomeTaxExpense": "176000000", "interestAndDebtExpense": "None", "netIncomeFromContinuingOperations": "1079000000", "comprehensiveIncomeNetOfTax": "None", "ebit": "1741000000", "ebitda": "3179000000", "netIncome": "1074000000"}, {"fiscalDateEnding": "2021-12-31", "reportedCurrency": "USD", "grossProfit": "2991000000", "totalRevenue": "6394000000", "costOfRevenue": "3403000000", "costofGoodsAndServicesSold": "3403000000", "operatingIncome": "1333000000", "sellingGeneralAndAdministrative": "136000000", "researchAndDevelopment": "None", "operatingExpenses": "1658000000", "investmentIncomeNet": "None", "netInterestIncome": "-383000000", "interestIncome": "383000000", "interestExpense": "383000000", "nonInterestIncome": "None", "otherNonOperatingIncome": "202000000", "depreciation": "None", "depreciationAndAmortization": "1277000000", "incomeBeforeTax": "1152000000", "incomeTaxExpense": "157000000", "interestAndDebtExpense": "None", "netIncomeFromContinuingOperations": "995000000", "comprehensiveIncomeNetOfTax": "None", "ebit": "1535000000", "ebitda": "2812000000", "netIncome": "990000000"}, {"fiscalDateEnding": "2020-12-31", "reportedCurrency": "USD", "grossProfit": "2858000000", "totalRevenue": "5794000000", "costOfRevenue": "2936000000", "costofGoodsAndServicesSold": "2936000000", "operatingIncome": "1300000000", "sellingGeneralAndAdministrative": "483000000", "researchAndDevelopment": "None", "operatingExpenses": "1558000000", "investmentIncomeNet": "None", "netInterestIncome": "-419000000", "interestIncome": "390000000", "interestExpense": "419000000", "nonInterestIncome": "None", "otherNonOperatingIncome": "151000000", "depreciation": "None", "depreciationAndAmortization": "1143000000", "incomeBeforeTax": "1032000000", "incomeTaxExpense": "155000000", "interestAndDebtExpense": "None", "netIncomeFromContinuingOperations": "887000000", "comprehensiveIncomeNetOfTax": "None", "ebit": "1383000000", "ebitda": "2526000000", "netIncome": "871000000"}, {"fiscalDateEnding": "2019-12-31", "reportedCurrency": "USD", "grossProfit": "2743000000", "totalRevenue": "5910000000", "costOfRevenue": "3167000000", "costofGoodsAndServicesSold": "3167000000", "operatingIncome": "1267000000", "sellingGeneralAndAdministrative": "90000000", "researchAndDevelopment": "None", "operatingExpenses": "1476000000", "investmentIncomeNet": "None", "netInterestIncome": "-348000000", "interestIncome": "33000000", "interestExpense": "381000000", "nonInterestIncome": "None", "otherNonOperatingIncome": "130000000", "depreciation": "None", "depreciationAndAmortization": "1074000000", "incomeBeforeTax": "1016000000", "incomeTaxExpense": "182000000", "interestAndDebtExpense": "None", "netIncomeFromContinuingOperations": "833000000", "comprehensiveIncomeNetOfTax": "None", "ebit": "1318000000", "ebitda": "2392000000", "netIncome": "828000000"}, {"fiscalDateEnding": "2018-12-31", "reportedCurrency": "USD", "grossProfit": "2795000000", "totalRevenue": "6291000000", "costOfRevenue": "3496000000", "costofGoodsAndServicesSold": "3496000000", "operatingIncome": "1357000000", "sellingGeneralAndAdministrative": "483000000", "researchAndDevelopment": "0", "operatingExpenses": "1438000000", "investmentIncomeNet": "None", "netInterestIncome": "-368000000", "interestIncome": "33000000", "interestExpense": "401000000", "nonInterestIncome": "None", "otherNonOperatingIncome": "102000000", "depreciation": "None", "depreciationAndAmortization": "1050000000", "incomeBeforeTax": "1058000000", "incomeTaxExpense": "237000000", "interestAndDebtExpense": "None", "netIncomeFromContinuingOperations": "811000000", "comprehensiveIncomeNetOfTax": "None", "ebit": "1364000000", "ebitda": "2414000000", "netIncome": "815000000"}, {"fiscalDateEnding": "2017-12-31", "reportedCurrency": "USD", "grossProfit": "2831000000", "totalRevenue": "6177000000", "costOfRevenue": "3346000000", "costofGoodsAndServicesSold": "3346000000", "operatingIncome": "1458000000", "sellingGeneralAndAdministrative": "477000000", "researchAndDevelopment": "0", "operatingExpenses": "1373000000", "investmentIncomeNet": "None", "netInterestIncome": "-357000000", "interestIncome": "34000000", "interestExpense": "391000000", "nonInterestIncome": "None", "otherNonOperatingIncome": "38000000", "depreciation": "None", "depreciationAndAmortization": "972000000", "incomeBeforeTax": "1105000000", "incomeTaxExpense": "576000000", "interestAndDebtExpense": "None", "netIncomeFromContinuingOperations": "529000000", "comprehensiveIncomeNetOfTax": "None", "ebit": "1420000000", "ebitda": "2392000000", "netIncome": "523000000"}, {"fiscalDateEnding": "2016-12-31", "reportedCurrency": "USD", "grossProfit": "2693000000", "totalRevenue": "6076000000", "costOfRevenue": "3383000000", "costofGoodsAndServicesSold": "3383000000", "operatingIncome": "1381000000", "sellingGeneralAndAdministrative": "467000000", "researchAndDevelopment": "0", "operatingExpenses": "1312000000", "investmentIncomeNet": "None", "netInterestIncome": "-342000000", "interestIncome": "40000000", "interestExpense": "382000000", "nonInterestIncome": "None", "otherNonOperatingIncome": "42000000", "depreciation": "None", "depreciationAndAmortization": "933000000", "incomeBeforeTax": "1041000000", "incomeTaxExpense": "382000000", "interestAndDebtExpense": "None", "netIncomeFromContinuingOperations": "659000000", "comprehensiveIncomeNetOfTax": "None", "ebit": "1335000000", "ebitda": "2268000000", "netIncome": "653000000"}, {"fiscalDateEnding": "2015-12-31", "reportedCurrency": "USD", "grossProfit": "2597000000", "totalRevenue": "6098000000", "costOfRevenue": "3501000000", "costofGoodsAndServicesSold": "3501000000", "operatingIncome": "1259000000", "sellingGeneralAndAdministrative": "473000000", "researchAndDevelopment": "0", "operatingExpenses": "1338000000", "investmentIncomeNet": "None", "netInterestIncome": "None", "interestIncome": "314000000", "interestExpense": "355000000", "nonInterestIncome": "None", "otherNonOperatingIncome": "44000000", "depreciation": "None", "depreciationAndAmortization": "874000000", "incomeBeforeTax": "948000000", "incomeTaxExpense": "363000000", "interestAndDebtExpense": "None", "netIncomeFromContinuingOperations": "585000000", "comprehensiveIncomeNetOfTax": "None", "ebit": "1328000000", "ebitda": "2202000000", "netIncome": "630000000"}, {"fiscalDateEnding": "2014-12-31", "reportedCurrency": "USD", "grossProfit": "2467000000", "totalRevenue": "6053000000", "costOfRevenue": "3586000000", "costofGoodsAndServicesSold": "3586000000", "operatingIncome": "1254000000", "sellingGeneralAndAdministrative": "468000000", "researchAndDevelopment": "0", "operatingExpenses": "1213000000", "investmentIncomeNet": "None", "netInterestIncome": "None", "interestIncome": "None", "interestExpense": "341000000", "nonInterestIncome": "None", "otherNonOperatingIncome": "57000000", "depreciation": "None", "depreciationAndAmortization": "791000000", "incomeBeforeTax": "970000000", "incomeTaxExpense": "377000000", "interestAndDebtExpense": "None", "netIncomeFromContinuingOperations": "593000000", "comprehensiveIncomeNetOfTax": "None", "ebit": "1254000000", "ebitda": "2045000000", "netIncome": "586000000"}, {"fiscalDateEnding": "2013-12-31", "reportedCurrency": "USD", "grossProfit": "2348000000", "totalRevenue": "5838000000", "costOfRevenue": "3490000000", "costofGoodsAndServicesSold": "3490000000", "operatingIncome": "1184000000", "sellingGeneralAndAdministrative": "458000000", "researchAndDevelopment": "0", "operatingExpenses": "1164000000", "investmentIncomeNet": "None", "netInterestIncome": "None", "interestIncome": "None", "interestExpense": "398000000", "nonInterestIncome": "None", "otherNonOperatingIncome": "43000000", "depreciation": "None", "depreciationAndAmortization": "737000000", "incomeBeforeTax": "829000000", "incomeTaxExpense": "311000000", "interestAndDebtExpense": "None", "netIncomeFromContinuingOperations": "518000000", "comprehensiveIncomeNetOfTax": "None", "ebit": "1184000000", "ebitda": "1921000000", "netIncome": "289000000"}, {"fiscalDateEnding": "2012-12-31", "reportedCurrency": "USD", "grossProfit": "2581000000", "totalRevenue": "6828000000", "costOfRevenue": "4247000000", "costofGoodsAndServicesSold": "4247000000", "operatingIncome": "-1240000000", "sellingGeneralAndAdministrative": "0", "researchAndDevelopment": "0", "operatingExpenses": "1243000000", "investmentIncomeNet": "None", "netInterestIncome": "None", "interestIncome": "None", "interestExpense": "448000000", "nonInterestIncome": "None", "otherNonOperatingIncome": "None", "depreciation": "None", "depreciationAndAmortization": "818000000", "incomeBeforeTax": "-1654000000", "incomeTaxExpense": "-680000000", "interestAndDebtExpense": "None", "netIncomeFromContinuingOperations": "None", "comprehensiveIncomeNetOfTax": "None", "ebit": "1119000000", "ebitda": "1937000000", "netIncome": "-974000000"}, {"fiscalDateEnding": "2011-12-31", "reportedCurrency": "USD", "grossProfit": "4428000000", "totalRevenue": "7531000000", "costOfRevenue": "3103000000", "costofGoodsAndServicesSold": "3103000000", "operatingIncome": "1241000000", "sellingGeneralAndAdministrative": "None", "researchAndDevelopment": "None", "operatingExpenses": "3062000000", "investmentIncomeNet": "None", "netInterestIncome": "None", "interestIncome": "None", "interestExpense": "451000000", "nonInterestIncome": "None", "otherNonOperatingIncome": "None", "depreciation": "None", "depreciationAndAmortization": "747000000", "incomeBeforeTax": "836000000", "incomeTaxExpense": "310000000", "interestAndDebtExpense": "None", "netIncomeFromContinuingOperations": "None", "comprehensiveIncomeNetOfTax": "None", "ebit": "1404000000", "ebitda": "2151000000", "netIncome": "519000000"}, {"fiscalDateEnding": "2010-12-31", "reportedCurrency": "USD", "grossProfit": "4540000000", "totalRevenue": "7638000000", "costOfRevenue": "3098000000", "costofGoodsAndServicesSold": "3098000000", "operatingIncome": "916000000", "sellingGeneralAndAdministrative": "0", "researchAndDevelopment": "0", "operatingExpenses": "3035000000", "investmentIncomeNet": "None", "netInterestIncome": "None", "interestIncome": "None", "interestExpense": "497000000", "nonInterestIncome": "None", "otherNonOperatingIncome": "None", "depreciation": "None", "depreciationAndAmortization": "837000000", "incomeBeforeTax": "476000000", "incomeTaxExpense": "325000000", "interestAndDebtExpense": "None", "netIncomeFromContinuingOperations": "None", "comprehensiveIncomeNetOfTax": "None", "ebit": "901000000", "ebitda": "1738000000", "netIncome": "139000000"}, {"fiscalDateEnding": "2009-12-31", "reportedCurrency": "USD", "grossProfit": "4291000000", "totalRevenue": "7090000000", "costOfRevenue": "2799000000", "costofGoodsAndServicesSold": "2799000000", "operatingIncome": "1416000000", "sellingGeneralAndAdministrative": "0", "researchAndDevelopment": "0", "operatingExpenses": "2875000000", "investmentIncomeNet": "None", "netInterestIncome": "None", "interestIncome": "None", "interestExpense": "508000000", "nonInterestIncome": "None", "otherNonOperatingIncome": "None", "depreciation": "None", "depreciationAndAmortization": "801000000", "incomeBeforeTax": "956000000", "incomeTaxExpense": "332000000", "interestAndDebtExpense": "None", "netIncomeFromContinuingOperations": "None", "comprehensiveIncomeNetOfTax": "None", "ebit": "1388000000", "ebitda": "2189000000", "netIncome": "612000000"}, {"fiscalDateEnding": "2008-12-31", "reportedCurrency": "USD", "grossProfit": "4297000000", "totalRevenue": "7839000000", "costOfRevenue": "3542000000", "costofGoodsAndServicesSold": "3542000000", "operatingIncome": "1362000000", "sellingGeneralAndAdministrative": "None", "researchAndDevelopment": "None", "operatingExpenses": "6477000000", "investmentIncomeNet": "None", "netInterestIncome": "None", "interestIncome": "None", "interestExpense": "440000000", "nonInterestIncome": "None", "otherNonOperatingIncome": "None", "depreciation": "None", "depreciationAndAmortization": "762000000", "incomeBeforeTax": "971000000", "incomeTaxExpense": "327000000", "interestAndDebtExpense": "None", "netIncomeFromContinuingOperations": "None", "comprehensiveIncomeNetOfTax": "None", "ebit": "1399000000", "ebitda": "2161000000", "netIncome": "605000000"}, {"fiscalDateEnding": "2007-12-31", "reportedCurrency": "USD", "grossProfit": "4092000000", "totalRevenue": "7546000000", "costOfRevenue": "3454000000", "costofGoodsAndServicesSold": "3454000000", "operatingIncome": "1342000000", "sellingGeneralAndAdministrative": "None", "researchAndDevelopment": "None", "operatingExpenses": "2750000000", "investmentIncomeNet": "None", "netInterestIncome": "None", "interestIncome": "None", "interestExpense": "423000000", "nonInterestIncome": "None", "otherNonOperatingIncome": "None", "depreciation": "None", "depreciationAndAmortization": "791000000", "incomeBeforeTax": "948000000", "incomeTaxExpense": "330000000", "interestAndDebtExpense": "None", "netIncomeFromContinuingOperations": "None", "comprehensiveIncomeNetOfTax": "None", "ebit": "1232000000", "ebitda": "2023000000", "netIncome": "618000000"}, {"fiscalDateEnding": "2006-12-31", "reportedCurrency": "USD", "grossProfit": "3781000000", "totalRevenue": "6880000000", "costOfRevenue": "3099000000", "costofGoodsAndServicesSold": "3099000000", "operatingIncome": "1173000000", "sellingGeneralAndAdministrative": "None", "researchAndDevelopment": "None", "operatingExpenses": "2608000000", "investmentIncomeNet": "None", "netInterestIncome": "None", "interestIncome": "None", "interestExpense": "350000000", "nonInterestIncome": "None", "otherNonOperatingIncome": "None", "depreciation": "None", "depreciationAndAmortization": "656000000", "incomeBeforeTax": "831000000", "incomeTaxExpense": "284000000", "interestAndDebtExpense": "None", "netIncomeFromContinuingOperations": "None", "comprehensiveIncomeNetOfTax": "None", "ebit": "1178000000", "ebitda": "1834000000", "netIncome": "547000000"}, {"fiscalDateEnding": "2005-12-31", "reportedCurrency": "USD", "grossProfit": "3768000000", "totalRevenue": "6780000000", "costOfRevenue": "3012000000", "costofGoodsAndServicesSold": "3012000000", "operatingIncome": "1284000000", "sellingGeneralAndAdministrative": "None", "researchAndDevelopment": "None", "operatingExpenses": "2484000000", "investmentIncomeNet": "None", "netInterestIncome": "None", "interestIncome": "None", "interestExpense": "317000000", "nonInterestIncome": "None", "otherNonOperatingIncome": "None", "depreciation": "None", "depreciationAndAmortization": "631000000", "incomeBeforeTax": "984000000", "incomeTaxExpense": "356000000", "interestAndDebtExpense": "None", "netIncomeFromContinuingOperations": "None", "comprehensiveIncomeNetOfTax": "None", "ebit": "1285000000", "ebitda": "1916000000", "netIncome": "606000000"}], "quarterlyReports": [{"fiscalDateEnding": "2024-12-31", "reportedCurrency": "USD", "grossProfit": "1941000000", "totalRevenue": "1941000000", "costOfRevenue": "1147000000", "costofGoodsAndServicesSold": "1147000000", "operatingIncome": "198000000", "sellingGeneralAndAdministrative": "None", "researchAndDevelopment": "None", "operatingExpenses": "1743000000", "investmentIncomeNet": "None", "netInterestIncome": "-159000000", "interestIncome": "12000000", "interestExpense": "171000000", "nonInterestIncome": "None", "otherNonOperatingIncome": "None", "depreciation": "None", "depreciationAndAmortization": "465000000", "incomeBeforeTax": "151000000", "incomeTaxExpense": "-56000000", "interestAndDebtExpense": "None", "netIncomeFromContinuingOperations": "208000000", "comprehensiveIncomeNetOfTax": "None", "ebit": "322000000", "ebitda": "787000000", "netIncome": "207000000"}, {"fiscalDateEnding": "2024-09-30", "reportedCurrency": "USD", "grossProfit": "1124000000", "totalRevenue": "2173000000", "costOfRevenue": "1049000000", "costofGoodsAndServicesSold": "1049000000", "operatingIncome": "586000000", "sellingGeneralAndAdministrative": "76000000", "researchAndDevelopment": "None", "operatingExpenses": "538000000", "investmentIncomeNet": "None", "netInterestIncome": "-165000000", "interestIncome": "8000000", "interestExpense": "173000000", "nonInterestIncome": "None", "otherNonOperatingIncome": "None", "depreciation": "None", "depreciationAndAmortization": "388000000", "incomeBeforeTax": "514000000", "incomeTaxExpense": "58000000", "interestAndDebtExpense": "None", "netIncomeFromContinuingOperations": "457000000", "comprehensiveIncomeNetOfTax": "None", "ebit": "687000000", "ebitda": "1075000000", "netIncome": "456000000"}, {"fiscalDateEnding": "2024-06-30", "reportedCurrency": "USD", "grossProfit": "868000000", "totalRevenue": "1693000000", "costOfRevenue": "825000000", "costofGoodsAndServicesSold": "825000000", "operatingIncome": "361000000", "sellingGeneralAndAdministrative": "76000000", "researchAndDevelopment": "None", "operatingExpenses": "507000000", "investmentIncomeNet": "None", "netInterestIncome": "-152000000", "interestIncome": "13000000", "interestExpense": "165000000", "nonInterestIncome": "None", "otherNonOperatingIncome": "None", "depreciation": "None", "depreciationAndAmortization": "401000000", "incomeBeforeTax": "299000000", "incomeTaxExpense": "39000000", "interestAndDebtExpense": "None", "netIncomeFromContinuingOperations": "260000000", "comprehensiveIncomeNetOfTax": "None", "ebit": "437000000", "ebitda": "838000000", "netIncome": "258000000"}, {"fiscalDateEnding": "2024-03-31", "reportedCurrency": "USD", "grossProfit": "867000000", "totalRevenue": "1816000000", "costOfRevenue": "949000000", "costofGoodsAndServicesSold": "949000000", "operatingIncome": "371000000", "sellingGeneralAndAdministrative": "76000000", "researchAndDevelopment": "None", "operatingExpenses": "496000000", "investmentIncomeNet": "None", "netInterestIncome": "-146000000", "interestIncome": "8000000", "interestExpense": "154000000", "nonInterestIncome": "None", "otherNonOperatingIncome": "None", "depreciation": "None", "depreciationAndAmortization": "397000000", "incomeBeforeTax": "306000000", "incomeTaxExpense": "44000000", "interestAndDebtExpense": "None", "netIncomeFromContinuingOperations": "262000000", "comprehensiveIncomeNetOfTax": "None", "ebit": "447000000", "ebitda": "844000000", "netIncome": "261000000"}, {"fiscalDateEnding": "2023-12-31", "reportedCurrency": "USD", "grossProfit": "388000000", "totalRevenue": "1618000000", "costOfRevenue": "1230000000", "costofGoodsAndServicesSold": "1230000000", "operatingIncome": "264000000", "sellingGeneralAndAdministrative": "84000000", "researchAndDevelopment": "None", "operatingExpenses": "124000000", "investmentIncomeNet": "None", "netInterestIncome": "-144000000", "interestIncome": "9000000", "interestExpense": "153000000", "nonInterestIncome": "None", "otherNonOperatingIncome": "None", "depreciation": "None", "depreciationAndAmortization": "381000000", "incomeBeforeTax": "198000000", "incomeTaxExpense": "39000000", "interestAndDebtExpense": "None", "netIncomeFromContinuingOperations": "159000000", "comprehensiveIncomeNetOfTax": "None", "ebit": "352000000", "ebitda": "733000000", "netIncome": "158000000"}, {"fiscalDateEnding": "2023-09-30", "reportedCurrency": "USD", "grossProfit": "1130000000", "totalRevenue": "2060000000", "costOfRevenue": "930000000", "costofGoodsAndServicesSold": "930000000", "operatingIncome": "614000000", "sellingGeneralAndAdministrative": "84000000", "researchAndDevelopment": "None", "operatingExpenses": "516000000", "investmentIncomeNet": "None", "netInterestIncome": "-146000000", "interestIncome": "152000000", "interestExpense": "152000000", "nonInterestIncome": "None", "otherNonOperatingIncome": "None", "depreciation": "None", "depreciationAndAmortization": "380000000", "incomeBeforeTax": "563000000", "incomeTaxExpense": "69000000", "interestAndDebtExpense": "None", "netIncomeFromContinuingOperations": "494000000", "comprehensiveIncomeNetOfTax": "None", "ebit": "698000000", "ebitda": "1078000000", "netIncome": "493000000"}, {"fiscalDateEnding": "2023-06-30", "reportedCurrency": "USD", "grossProfit": "788000000", "totalRevenue": "1760000000", "costOfRevenue": "972000000", "costofGoodsAndServicesSold": "972000000", "operatingIncome": "329000000", "sellingGeneralAndAdministrative": "63000000", "researchAndDevelopment": "None", "operatingExpenses": "459000000", "investmentIncomeNet": "None", "netInterestIncome": "-134000000", "interestIncome": "134000000", "interestExpense": "134000000", "nonInterestIncome": "None", "otherNonOperatingIncome": "82000000", "depreciation": "None", "depreciationAndAmortization": "370000000", "incomeBeforeTax": "277000000", "incomeTaxExpense": "38000000", "interestAndDebtExpense": "None", "netIncomeFromContinuingOperations": "239000000", "comprehensiveIncomeNetOfTax": "None", "ebit": "411000000", "ebitda": "781000000", "netIncome": "237000000"}, {"fiscalDateEnding": "2023-03-31", "reportedCurrency": "USD", "grossProfit": "798000000", "totalRevenue": "2062000000", "costOfRevenue": "1264000000", "costofGoodsAndServicesSold": "1264000000", "operatingIncome": "351000000", "sellingGeneralAndAdministrative": "64000000", "researchAndDevelopment": "None", "operatingExpenses": "447000000", "investmentIncomeNet": "None", "netInterestIncome": "-127000000", "interestIncome": "1000000", "interestExpense": "127000000", "nonInterestIncome": "None", "otherNonOperatingIncome": "78000000", "depreciation": "None", "depreciationAndAmortization": "369000000", "incomeBeforeTax": "302000000", "incomeTaxExpense": "37000000", "interestAndDebtExpense": "None", "netIncomeFromContinuingOperations": "263000000", "comprehensiveIncomeNetOfTax": "None", "ebit": "429000000", "ebitda": "798000000", "netIncome": "264000000"}, {"fiscalDateEnding": "2022-12-31", "reportedCurrency": "USD", "grossProfit": "724000000", "totalRevenue": "2046000000", "costOfRevenue": "1322000000", "costofGoodsAndServicesSold": "1322000000", "operatingIncome": "322000000", "sellingGeneralAndAdministrative": "124000000", "researchAndDevelopment": "None", "operatingExpenses": "448000000", "investmentIncomeNet": "None", "netInterestIncome": "-130000000", "interestIncome": "130000000", "interestExpense": "130000000", "nonInterestIncome": "None", "otherNonOperatingIncome": "46000000", "depreciation": "None", "depreciationAndAmortization": "375000000", "incomeBeforeTax": "192000000", "incomeTaxExpense": "28000000", "interestAndDebtExpense": "None", "netIncomeFromContinuingOperations": "164000000", "comprehensiveIncomeNetOfTax": "None", "ebit": "322000000", "ebitda": "697000000", "netIncome": "164000000"}, {"fiscalDateEnding": "2022-09-30", "reportedCurrency": "USD", "grossProfit": "1093000000", "totalRevenue": "2306000000", "costOfRevenue": "1213000000", "costofGoodsAndServicesSold": "1213000000", "operatingIncome": "599000000", "sellingGeneralAndAdministrative": "144000000", "researchAndDevelopment": "None", "operatingExpenses": "494000000", "investmentIncomeNet": "None", "netInterestIncome": "-120000000", "interestIncome": "123000000", "interestExpense": "126000000", "nonInterestIncome": "None", "otherNonOperatingIncome": "58000000", "depreciation": "None", "depreciationAndAmortization": "-255000000", "incomeBeforeTax": "531000000", "incomeTaxExpense": "78000000", "interestAndDebtExpense": "None", "netIncomeFromContinuingOperations": "452000000", "comprehensiveIncomeNetOfTax": "None", "ebit": "599000000", "ebitda": "344000000", "netIncome": "453000000"}, {"fiscalDateEnding": "2022-06-30", "reportedCurrency": "USD", "grossProfit": "754000000", "totalRevenue": "1726000000", "costOfRevenue": "972000000", "costofGoodsAndServicesSold": "972000000", "operatingIncome": "309000000", "sellingGeneralAndAdministrative": "129000000", "researchAndDevelopment": "None", "operatingExpenses": "445000000", "investmentIncomeNet": "None", "netInterestIncome": "-126000000", "interestIncome": "6000000", "interestExpense": "126000000", "nonInterestIncome": "None", "otherNonOperatingIncome": "62000000", "depreciation": "None", "depreciationAndAmortization": "407000000", "incomeBeforeTax": "245000000", "incomeTaxExpense": "36000000", "interestAndDebtExpense": "None", "netIncomeFromContinuingOperations": "209000000", "comprehensiveIncomeNetOfTax": "None", "ebit": "309000000", "ebitda": "716000000", "netIncome": "209000000"}, {"fiscalDateEnding": "2022-03-31", "reportedCurrency": "USD", "grossProfit": "772000000", "totalRevenue": "1879000000", "costOfRevenue": "1107000000", "costofGoodsAndServicesSold": "1107000000", "operatingIncome": "331000000", "sellingGeneralAndAdministrative": "46000000", "researchAndDevelopment": "None", "operatingExpenses": "395000000", "investmentIncomeNet": "None", "netInterestIncome": "-98000000", "interestIncome": "6000000", "interestExpense": "104000000", "nonInterestIncome": "None", "otherNonOperatingIncome": "60000000", "depreciation": "None", "depreciationAndAmortization": "405000000", "incomeBeforeTax": "287000000", "incomeTaxExpense": "34000000", "interestAndDebtExpense": "None", "netIncomeFromContinuingOperations": "253000000", "comprehensiveIncomeNetOfTax": "None", "ebit": "331000000", "ebitda": "736000000", "netIncome": "253000000"}, {"fiscalDateEnding": "2021-12-31", "reportedCurrency": "USD", "grossProfit": "607000000", "totalRevenue": "1545000000", "costOfRevenue": "938000000", "costofGoodsAndServicesSold": "938000000", "operatingIncome": "247000000", "sellingGeneralAndAdministrative": "120000000", "researchAndDevelopment": "None", "operatingExpenses": "410000000", "investmentIncomeNet": "None", "netInterestIncome": "-93000000", "interestIncome": "93000000", "interestExpense": "93000000", "nonInterestIncome": "None", "otherNonOperatingIncome": "51000000", "depreciation": "None", "depreciationAndAmortization": "928000000", "incomeBeforeTax": "155000000", "incomeTaxExpense": "29000000", "interestAndDebtExpense": "None", "netIncomeFromContinuingOperations": "126000000", "comprehensiveIncomeNetOfTax": "None", "ebit": "247000000", "ebitda": "1175000000", "netIncome": "126000000"}, {"fiscalDateEnding": "2021-09-30", "reportedCurrency": "USD", "grossProfit": "966000000", "totalRevenue": "1811000000", "costOfRevenue": "845000000", "costofGoodsAndServicesSold": "845000000", "operatingIncome": "534000000", "sellingGeneralAndAdministrative": "142000000", "researchAndDevelopment": "None", "operatingExpenses": "432000000", "investmentIncomeNet": "None", "netInterestIncome": "-94000000", "interestIncome": "87000000", "interestExpense": "94000000", "nonInterestIncome": "None", "otherNonOperatingIncome": "56000000", "depreciation": "None", "depreciationAndAmortization": "-267000000", "incomeBeforeTax": "496000000", "incomeTaxExpense": "70000000", "interestAndDebtExpense": "None", "netIncomeFromContinuingOperations": "426000000", "comprehensiveIncomeNetOfTax": "None", "ebit": "589000000", "ebitda": "322000000", "netIncome": "426000000"}, {"fiscalDateEnding": "2021-06-30", "reportedCurrency": "USD", "grossProfit": "693000000", "totalRevenue": "1472000000", "costOfRevenue": "779000000", "costofGoodsAndServicesSold": "779000000", "operatingIncome": "286000000", "sellingGeneralAndAdministrative": "122000000", "researchAndDevelopment": "None", "operatingExpenses": "407000000", "investmentIncomeNet": "None", "netInterestIncome": "-90000000", "interestIncome": "6000000", "interestExpense": "96000000", "nonInterestIncome": "None", "otherNonOperatingIncome": "49000000", "depreciation": "None", "depreciationAndAmortization": "321000000", "incomeBeforeTax": "239000000", "incomeTaxExpense": "31000000", "interestAndDebtExpense": "None", "netIncomeFromContinuingOperations": "208000000", "comprehensiveIncomeNetOfTax": "None", "ebit": "334000000", "ebitda": "655000000", "netIncome": "208000000"}, {"fiscalDateEnding": "2021-03-31", "reportedCurrency": "USD", "grossProfit": "725000000", "totalRevenue": "1566000000", "costOfRevenue": "841000000", "costofGoodsAndServicesSold": "841000000", "operatingIncome": "316000000", "sellingGeneralAndAdministrative": "128000000", "researchAndDevelopment": "None", "operatingExpenses": "409000000", "investmentIncomeNet": "None", "netInterestIncome": "-93000000", "interestIncome": "7000000", "interestExpense": "100000000", "nonInterestIncome": "None", "otherNonOperatingIncome": "46000000", "depreciation": "None", "depreciationAndAmortization": "295000000", "incomeBeforeTax": "262000000", "incomeTaxExpense": "27000000", "interestAndDebtExpense": "None", "netIncomeFromContinuingOperations": "234000000", "comprehensiveIncomeNetOfTax": "None", "ebit": "360000000", "ebitda": "655000000", "netIncome": "235000000"}, {"fiscalDateEnding": "2020-12-31", "reportedCurrency": "USD", "grossProfit": "598000000", "totalRevenue": "1328000000", "costOfRevenue": "730000000", "costofGoodsAndServicesSold": "730000000", "operatingIncome": "211000000", "sellingGeneralAndAdministrative": "111000000", "researchAndDevelopment": "None", "operatingExpenses": "387000000", "investmentIncomeNet": "None", "netInterestIncome": "-108000000", "interestIncome": "100000000", "interestExpense": "100000000", "nonInterestIncome": "None", "otherNonOperatingIncome": "34000000", "depreciation": "None", "depreciationAndAmortization": "283000000", "incomeBeforeTax": "137000000", "incomeTaxExpense": "21000000", "interestAndDebtExpense": "None", "netIncomeFromContinuingOperations": "129000000", "comprehensiveIncomeNetOfTax": "None", "ebit": "238000000", "ebitda": "521000000", "netIncome": "115000000"}, {"fiscalDateEnding": "2020-09-30", "reportedCurrency": "USD", "grossProfit": "895000000", "totalRevenue": "1628000000", "costOfRevenue": "733000000", "costofGoodsAndServicesSold": "733000000", "operatingIncome": "494000000", "sellingGeneralAndAdministrative": "128000000", "researchAndDevelopment": "None", "operatingExpenses": "401000000", "investmentIncomeNet": "None", "netInterestIncome": "-110000000", "interestIncome": "103000000", "interestExpense": "110000000", "nonInterestIncome": "None", "otherNonOperatingIncome": "48000000", "depreciation": "None", "depreciationAndAmortization": "293000000", "incomeBeforeTax": "432000000", "incomeTaxExpense": "63000000", "interestAndDebtExpense": "None", "netIncomeFromContinuingOperations": "368000000", "comprehensiveIncomeNetOfTax": "None", "ebit": "526000000", "ebitda": "819000000", "netIncome": "367000000"}, {"fiscalDateEnding": "2020-06-30", "reportedCurrency": "USD", "grossProfit": "744000000", "totalRevenue": "1398000000", "costOfRevenue": "654000000", "costofGoodsAndServicesSold": "654000000", "operatingIncome": "354000000", "sellingGeneralAndAdministrative": "119000000", "researchAndDevelopment": "None", "operatingExpenses": "390000000", "investmentIncomeNet": "None", "netInterestIncome": "-101000000", "interestIncome": "7000000", "interestExpense": "108000000", "nonInterestIncome": "None", "otherNonOperatingIncome": "48000000", "depreciation": "None", "depreciationAndAmortization": "291000000", "incomeBeforeTax": "294000000", "incomeTaxExpense": "50000000", "interestAndDebtExpense": "None", "netIncomeFromContinuingOperations": "243000000", "comprehensiveIncomeNetOfTax": "None", "ebit": "384000000", "ebitda": "675000000", "netIncome": "243000000"}, {"fiscalDateEnding": "2020-03-31", "reportedCurrency": "USD", "grossProfit": "621000000", "totalRevenue": "1440000000", "costOfRevenue": "819000000", "costofGoodsAndServicesSold": "819000000", "operatingIncome": "241000000", "sellingGeneralAndAdministrative": "125000000", "researchAndDevelopment": "None", "operatingExpenses": "380000000", "investmentIncomeNet": "None", "netInterestIncome": "-86000000", "interestIncome": "7000000", "interestExpense": "93000000", "nonInterestIncome": "None", "otherNonOperatingIncome": "21000000", "depreciation": "None", "depreciationAndAmortization": "286000000", "incomeBeforeTax": "169000000", "incomeTaxExpense": "21000000", "interestAndDebtExpense": "None", "netIncomeFromContinuingOperations": "147000000", "comprehensiveIncomeNetOfTax": "None", "ebit": "264000000", "ebitda": "550000000", "netIncome": "146000000"}, {"fiscalDateEnding": "2019-12-31", "reportedCurrency": "USD", "grossProfit": "535000000", "totalRevenue": "1316000000", "costOfRevenue": "781000000", "costofGoodsAndServicesSold": "781000000", "operatingIncome": "179000000", "sellingGeneralAndAdministrative": "106000000", "researchAndDevelopment": "None", "operatingExpenses": "356000000", "investmentIncomeNet": "None", "netInterestIncome": "-83000000", "interestIncome": "8000000", "interestExpense": "91000000", "nonInterestIncome": "None", "otherNonOperatingIncome": "31000000", "depreciation": "None", "depreciationAndAmortization": "280000000", "incomeBeforeTax": "119000000", "incomeTaxExpense": "24000000", "interestAndDebtExpense": "None", "netIncomeFromContinuingOperations": "-60000000", "comprehensiveIncomeNetOfTax": "None", "ebit": "124000000", "ebitda": "404000000", "netIncome": "94000000"}, {"fiscalDateEnding": "2019-09-30", "reportedCurrency": "USD", "grossProfit": "899000000", "totalRevenue": "1659000000", "costOfRevenue": "760000000", "costofGoodsAndServicesSold": "760000000", "operatingIncome": "520000000", "sellingGeneralAndAdministrative": "131000000", "researchAndDevelopment": "None", "operatingExpenses": "379000000", "investmentIncomeNet": "None", "netInterestIncome": "-88000000", "interestIncome": "8000000", "interestExpense": "96000000", "nonInterestIncome": "None", "otherNonOperatingIncome": "34000000", "depreciation": "None", "depreciationAndAmortization": "274000000", "incomeBeforeTax": "458000000", "incomeTaxExpense": "92000000", "interestAndDebtExpense": "None", "netIncomeFromContinuingOperations": "456000000", "comprehensiveIncomeNetOfTax": "None", "ebit": "543000000", "ebitda": "817000000", "netIncome": "364000000"}, {"fiscalDateEnding": "2019-06-30", "reportedCurrency": "USD", "grossProfit": "647000000", "totalRevenue": "1379000000", "costOfRevenue": "732000000", "costofGoodsAndServicesSold": "732000000", "operatingIncome": "280000000", "sellingGeneralAndAdministrative": "118000000", "researchAndDevelopment": "None", "operatingExpenses": "367000000", "investmentIncomeNet": "None", "netInterestIncome": "-88000000", "interestIncome": "9000000", "interestExpense": "97000000", "nonInterestIncome": "None", "otherNonOperatingIncome": "36000000", "depreciation": "None", "depreciationAndAmortization": "259000000", "incomeBeforeTax": "219000000", "incomeTaxExpense": "39000000", "interestAndDebtExpense": "None", "netIncomeFromContinuingOperations": "218000000", "comprehensiveIncomeNetOfTax": "None", "ebit": "302000000", "ebitda": "561000000", "netIncome": "179000000"}, {"fiscalDateEnding": "2019-03-31", "reportedCurrency": "USD", "grossProfit": "662000000", "totalRevenue": "1556000000", "costOfRevenue": "894000000", "costofGoodsAndServicesSold": "894000000", "operatingIncome": "288000000", "sellingGeneralAndAdministrative": "126000000", "researchAndDevelopment": "None", "operatingExpenses": "374000000", "investmentIncomeNet": "None", "netInterestIncome": "-89000000", "interestIncome": "87000000", "interestExpense": "97000000", "nonInterestIncome": "None", "otherNonOperatingIncome": "29000000", "depreciation": "None", "depreciationAndAmortization": "268000000", "incomeBeforeTax": "220000000", "incomeTaxExpense": "27000000", "interestAndDebtExpense": "None", "netIncomeFromContinuingOperations": "219000000", "comprehensiveIncomeNetOfTax": "None", "ebit": "310000000", "ebitda": "578000000", "netIncome": "191000000"}, {"fiscalDateEnding": "2018-12-31", "reportedCurrency": "USD", "grossProfit": "517000000", "totalRevenue": "1419000000", "costOfRevenue": "902000000", "costofGoodsAndServicesSold": "902000000", "operatingIncome": "166000000", "sellingGeneralAndAdministrative": "109000000", "researchAndDevelopment": "0", "operatingExpenses": "351000000", "investmentIncomeNet": "None", "netInterestIncome": "None", "interestIncome": "None", "interestExpense": "99000000", "nonInterestIncome": "None", "otherNonOperatingIncome": "18000000", "depreciation": "None", "depreciationAndAmortization": "263000000", "incomeBeforeTax": "85000000", "incomeTaxExpense": "16000000", "interestAndDebtExpense": "None", "netIncomeFromContinuingOperations": "-116000000", "comprehensiveIncomeNetOfTax": "None", "ebit": "113000000", "ebitda": "376000000", "netIncome": "68000000"}, {"fiscalDateEnding": "2018-09-30", "reportedCurrency": "USD", "grossProfit": "901000000", "totalRevenue": "1724000000", "costOfRevenue": "823000000", "costofGoodsAndServicesSold": "823000000", "operatingIncome": "533000000", "sellingGeneralAndAdministrative": "127000000", "researchAndDevelopment": "0", "operatingExpenses": "368000000", "investmentIncomeNet": "None", "netInterestIncome": "None", "interestIncome": "None", "interestExpense": "101000000", "nonInterestIncome": "None", "otherNonOperatingIncome": "32000000", "depreciation": "None", "depreciationAndAmortization": "259000000", "incomeBeforeTax": "464000000", "incomeTaxExpense": "105000000", "interestAndDebtExpense": "None", "netIncomeFromContinuingOperations": "464000000", "comprehensiveIncomeNetOfTax": "None", "ebit": "550000000", "ebitda": "809000000", "netIncome": "357000000"}, {"fiscalDateEnding": "2018-06-30", "reportedCurrency": "USD", "grossProfit": "745000000", "totalRevenue": "1563000000", "costOfRevenue": "818000000", "costofGoodsAndServicesSold": "818000000", "operatingIncome": "385000000", "sellingGeneralAndAdministrative": "122000000", "researchAndDevelopment": "0", "operatingExpenses": "360000000", "investmentIncomeNet": "None", "netInterestIncome": "None", "interestIncome": "None", "interestExpense": "100000000", "nonInterestIncome": "None", "otherNonOperatingIncome": "29000000", "depreciation": "None", "depreciationAndAmortization": "238000000", "incomeBeforeTax": "314000000", "incomeTaxExpense": "74000000", "interestAndDebtExpense": "None", "netIncomeFromContinuingOperations": "311000000", "comprehensiveIncomeNetOfTax": "None", "ebit": "438000000", "ebitda": "676000000", "netIncome": "239000000"}, {"fiscalDateEnding": "2018-03-31", "reportedCurrency": "USD", "grossProfit": "632000000", "totalRevenue": "1585000000", "costOfRevenue": "953000000", "costofGoodsAndServicesSold": "953000000", "operatingIncome": "273000000", "sellingGeneralAndAdministrative": "125000000", "researchAndDevelopment": "0", "operatingExpenses": "359000000", "investmentIncomeNet": "None", "netInterestIncome": "None", "interestIncome": "None", "interestExpense": "101000000", "nonInterestIncome": "None", "otherNonOperatingIncome": "23000000", "depreciation": "None", "depreciationAndAmortization": "254000000", "incomeBeforeTax": "195000000", "incomeTaxExpense": "42000000", "interestAndDebtExpense": "None", "netIncomeFromContinuingOperations": "152000000", "comprehensiveIncomeNetOfTax": "None", "ebit": "289000000", "ebitda": "543000000", "netIncome": "151000000"}, {"fiscalDateEnding": "2017-12-31", "reportedCurrency": "USD", "grossProfit": "566000000", "totalRevenue": "1402000000", "costOfRevenue": "836000000", "costofGoodsAndServicesSold": "836000000", "operatingIncome": "225000000", "sellingGeneralAndAdministrative": "113000000", "researchAndDevelopment": "0", "operatingExpenses": "341000000", "investmentIncomeNet": "None", "netInterestIncome": "None", "interestIncome": "None", "interestExpense": "96000000", "nonInterestIncome": "None", "otherNonOperatingIncome": "12000000", "depreciation": "None", "depreciationAndAmortization": "228000000", "incomeBeforeTax": "141000000", "incomeTaxExpense": "200000000", "interestAndDebtExpense": "None", "netIncomeFromContinuingOperations": "-59000000", "comprehensiveIncomeNetOfTax": "None", "ebit": "242000000", "ebitda": "470000000", "netIncome": "-60000000"}, {"fiscalDateEnding": "2017-09-30", "reportedCurrency": "USD", "grossProfit": "935000000", "totalRevenue": "1723000000", "costOfRevenue": "788000000", "costofGoodsAndServicesSold": "788000000", "operatingIncome": "581000000", "sellingGeneralAndAdministrative": "129000000", "researchAndDevelopment": "0", "operatingExpenses": "354000000", "investmentIncomeNet": "None", "netInterestIncome": "None", "interestIncome": "None", "interestExpense": "97000000", "nonInterestIncome": "None", "otherNonOperatingIncome": "11000000", "depreciation": "None", "depreciationAndAmortization": "243000000", "incomeBeforeTax": "495000000", "incomeTaxExpense": "205000000", "interestAndDebtExpense": "None", "netIncomeFromContinuingOperations": "290000000", "comprehensiveIncomeNetOfTax": "None", "ebit": "592000000", "ebitda": "835000000", "netIncome": "288000000"}, {"fiscalDateEnding": "2017-06-30", "reportedCurrency": "USD", "grossProfit": "737000000", "totalRevenue": "1538000000", "costOfRevenue": "801000000", "costofGoodsAndServicesSold": "801000000", "operatingIncome": "398000000", "sellingGeneralAndAdministrative": "117000000", "researchAndDevelopment": "0", "operatingExpenses": "339000000", "investmentIncomeNet": "None", "netInterestIncome": "None", "interestIncome": "None", "interestExpense": "99000000", "nonInterestIncome": "None", "otherNonOperatingIncome": "9000000", "depreciation": "None", "depreciationAndAmortization": "240000000", "incomeBeforeTax": "308000000", "incomeTaxExpense": "114000000", "interestAndDebtExpense": "None", "netIncomeFromContinuingOperations": "194000000", "comprehensiveIncomeNetOfTax": "None", "ebit": "397000000", "ebitda": "637000000", "netIncome": "193000000"}, {"fiscalDateEnding": "2017-03-31", "reportedCurrency": "USD", "grossProfit": "593000000", "totalRevenue": "1514000000", "costOfRevenue": "921000000", "costofGoodsAndServicesSold": "921000000", "operatingIncome": "254000000", "sellingGeneralAndAdministrative": "118000000", "researchAndDevelopment": "0", "operatingExpenses": "339000000", "investmentIncomeNet": "None", "netInterestIncome": "None", "interestIncome": "None", "interestExpense": "99000000", "nonInterestIncome": "None", "otherNonOperatingIncome": "6000000", "depreciation": "None", "depreciationAndAmortization": "241000000", "incomeBeforeTax": "161000000", "incomeTaxExpense": "57000000", "interestAndDebtExpense": "None", "netIncomeFromContinuingOperations": "104000000", "comprehensiveIncomeNetOfTax": "None", "ebit": "254000000", "ebitda": "495000000", "netIncome": "102000000"}, {"fiscalDateEnding": "2016-12-31", "reportedCurrency": "USD", "grossProfit": "471000000", "totalRevenue": "1356000000", "costOfRevenue": "885000000", "costofGoodsAndServicesSold": "885000000", "operatingIncome": "145000000", "sellingGeneralAndAdministrative": "109000000", "researchAndDevelopment": "0", "operatingExpenses": "326000000", "investmentIncomeNet": "None", "netInterestIncome": "None", "interestIncome": "None", "interestExpense": "95000000", "nonInterestIncome": "None", "otherNonOperatingIncome": "9000000", "depreciation": "None", "depreciationAndAmortization": "217000000", "incomeBeforeTax": "59000000", "incomeTaxExpense": "26000000", "interestAndDebtExpense": "None", "netIncomeFromContinuingOperations": "33000000", "comprehensiveIncomeNetOfTax": "None", "ebit": "179000000", "ebitda": "396000000", "netIncome": "32000000"}, {"fiscalDateEnding": "2016-09-30", "reportedCurrency": "USD", "grossProfit": "1031000000", "totalRevenue": "1859000000", "costOfRevenue": "828000000", "costofGoodsAndServicesSold": "828000000", "operatingIncome": "691000000", "sellingGeneralAndAdministrative": "129000000", "researchAndDevelopment": "0", "operatingExpenses": "340000000", "investmentIncomeNet": "None", "netInterestIncome": "None", "interestIncome": "None", "interestExpense": "97000000", "nonInterestIncome": "None", "otherNonOperatingIncome": "10000000", "depreciation": "None", "depreciationAndAmortization": "231000000", "incomeBeforeTax": "604000000", "incomeTaxExpense": "233000000", "interestAndDebtExpense": "None", "netIncomeFromContinuingOperations": "371000000", "comprehensiveIncomeNetOfTax": "None", "ebit": "691000000", "ebitda": "922000000", "netIncome": "369000000"}, {"fiscalDateEnding": "2016-06-30", "reportedCurrency": "USD", "grossProfit": "650000000", "totalRevenue": "1427000000", "costOfRevenue": "777000000", "costofGoodsAndServicesSold": "777000000", "operatingIncome": "325000000", "sellingGeneralAndAdministrative": "115000000", "researchAndDevelopment": "0", "operatingExpenses": "325000000", "investmentIncomeNet": "None", "netInterestIncome": "None", "interestIncome": "None", "interestExpense": "95000000", "nonInterestIncome": "None", "otherNonOperatingIncome": "10000000", "depreciation": "None", "depreciationAndAmortization": "223000000", "incomeBeforeTax": "240000000", "incomeTaxExpense": "92000000", "interestAndDebtExpense": "None", "netIncomeFromContinuingOperations": "148000000", "comprehensiveIncomeNetOfTax": "None", "ebit": "325000000", "ebitda": "548000000", "netIncome": "147000000"}, {"fiscalDateEnding": "2016-03-31", "reportedCurrency": "USD", "grossProfit": "541000000", "totalRevenue": "1434000000", "costOfRevenue": "893000000", "costofGoodsAndServicesSold": "893000000", "operatingIncome": "220000000", "sellingGeneralAndAdministrative": "114000000", "researchAndDevelopment": "0", "operatingExpenses": "321000000", "investmentIncomeNet": "None", "netInterestIncome": "None", "interestIncome": "None", "interestExpense": "95000000", "nonInterestIncome": "None", "otherNonOperatingIncome": "13000000", "depreciation": "None", "depreciationAndAmortization": "234000000", "incomeBeforeTax": "138000000", "incomeTaxExpense": "31000000", "interestAndDebtExpense": "None", "netIncomeFromContinuingOperations": "107000000", "comprehensiveIncomeNetOfTax": "None", "ebit": "220000000", "ebitda": "454000000", "netIncome": "105000000"}, {"fiscalDateEnding": "2015-12-31", "reportedCurrency": "USD", "grossProfit": "446000000", "totalRevenue": "1308000000", "costOfRevenue": "862000000", "costofGoodsAndServicesSold": "862000000", "operatingIncome": "140000000", "sellingGeneralAndAdministrative": "104000000", "researchAndDevelopment": "0", "operatingExpenses": "306000000", "investmentIncomeNet": "None", "netInterestIncome": "None", "interestIncome": "None", "interestExpense": "91000000", "nonInterestIncome": "None", "otherNonOperatingIncome": "12000000", "depreciation": "None", "depreciationAndAmortization": "202000000", "incomeBeforeTax": "61000000", "incomeTaxExpense": "30000000", "interestAndDebtExpense": "None", "netIncomeFromContinuingOperations": "31000000", "comprehensiveIncomeNetOfTax": "None", "ebit": "159000000", "ebitda": "361000000", "netIncome": "29000000"}, {"fiscalDateEnding": "2015-09-30", "reportedCurrency": "USD", "grossProfit": "955000000", "totalRevenue": "1833000000", "costOfRevenue": "878000000", "costofGoodsAndServicesSold": "878000000", "operatingIncome": "626000000", "sellingGeneralAndAdministrative": "128000000", "researchAndDevelopment": "0", "operatingExpenses": "329000000", "investmentIncomeNet": "None", "netInterestIncome": "None", "interestIncome": "None", "interestExpense": "87000000", "nonInterestIncome": "None", "otherNonOperatingIncome": "14000000", "depreciation": "None", "depreciationAndAmortization": "219000000", "incomeBeforeTax": "553000000", "incomeTaxExpense": "208000000", "interestAndDebtExpense": "None", "netIncomeFromContinuingOperations": "345000000", "comprehensiveIncomeNetOfTax": "None", "ebit": "626000000", "ebitda": "845000000", "netIncome": "343000000"}, {"fiscalDateEnding": "2015-06-30", "reportedCurrency": "USD", "grossProfit": "622000000", "totalRevenue": "1401000000", "costOfRevenue": "779000000", "costofGoodsAndServicesSold": "779000000", "operatingIncome": "237000000", "sellingGeneralAndAdministrative": "116000000", "researchAndDevelopment": "0", "operatingExpenses": "385000000", "investmentIncomeNet": "None", "netInterestIncome": "None", "interestIncome": "None", "interestExpense": "89000000", "nonInterestIncome": "None", "otherNonOperatingIncome": "10000000", "depreciation": "None", "depreciationAndAmortization": "216000000", "incomeBeforeTax": "158000000", "incomeTaxExpense": "59000000", "interestAndDebtExpense": "None", "netIncomeFromContinuingOperations": "99000000", "comprehensiveIncomeNetOfTax": "None", "ebit": "306000000", "ebitda": "522000000", "netIncome": "150000000"}, {"fiscalDateEnding": "2015-03-31", "reportedCurrency": "USD", "grossProfit": "574000000", "totalRevenue": "1556000000", "costOfRevenue": "982000000", "costofGoodsAndServicesSold": "982000000", "operatingIncome": "256000000", "sellingGeneralAndAdministrative": "125000000", "researchAndDevelopment": "0", "operatingExpenses": "318000000", "investmentIncomeNet": "None", "netInterestIncome": "None", "interestIncome": "None", "interestExpense": "88000000", "nonInterestIncome": "None", "otherNonOperatingIncome": "8000000", "depreciation": "None", "depreciationAndAmortization": "218000000", "incomeBeforeTax": "176000000", "incomeTaxExpense": "66000000", "interestAndDebtExpense": "None", "netIncomeFromContinuingOperations": "110000000", "comprehensiveIncomeNetOfTax": "None", "ebit": "256000000", "ebitda": "474000000", "netIncome": "108000000"}, {"fiscalDateEnding": "2014-12-31", "reportedCurrency": "USD", "grossProfit": "425000000", "totalRevenue": "1370000000", "costOfRevenue": "945000000", "costofGoodsAndServicesSold": "945000000", "operatingIncome": "125000000", "sellingGeneralAndAdministrative": "106000000", "researchAndDevelopment": "0", "operatingExpenses": "300000000", "investmentIncomeNet": "None", "netInterestIncome": "None", "interestIncome": "None", "interestExpense": "75000000", "nonInterestIncome": "None", "otherNonOperatingIncome": "17000000", "depreciation": "None", "depreciationAndAmortization": "195000000", "incomeBeforeTax": "67000000", "incomeTaxExpense": "20000000", "interestAndDebtExpense": "None", "netIncomeFromContinuingOperations": "47000000", "comprehensiveIncomeNetOfTax": "None", "ebit": "125000000", "ebitda": "320000000", "netIncome": "48000000"}, {"fiscalDateEnding": "2014-09-30", "reportedCurrency": "USD", "grossProfit": "869000000", "totalRevenue": "1670000000", "costOfRevenue": "801000000", "costofGoodsAndServicesSold": "801000000", "operatingIncome": "561000000", "sellingGeneralAndAdministrative": "121000000", "researchAndDevelopment": "0", "operatingExpenses": "308000000", "investmentIncomeNet": "None", "netInterestIncome": "None", "interestIncome": "None", "interestExpense": "85000000", "nonInterestIncome": "None", "otherNonOperatingIncome": "14000000", "depreciation": "None", "depreciationAndAmortization": "200000000", "incomeBeforeTax": "490000000", "incomeTaxExpense": "194000000", "interestAndDebtExpense": "None", "netIncomeFromContinuingOperations": "296000000", "comprehensiveIncomeNetOfTax": "None", "ebit": "561000000", "ebitda": "761000000", "netIncome": "293000000"}, {"fiscalDateEnding": "2014-06-30", "reportedCurrency": "USD", "grossProfit": "619000000", "totalRevenue": "1419000000", "costOfRevenue": "800000000", "costofGoodsAndServicesSold": "800000000", "operatingIncome": "322000000", "sellingGeneralAndAdministrative": "114000000", "researchAndDevelopment": "0", "operatingExpenses": "297000000", "investmentIncomeNet": "None", "netInterestIncome": "None", "interestIncome": "None", "interestExpense": "89000000", "nonInterestIncome": "None", "otherNonOperatingIncome": "17000000", "depreciation": "None", "depreciationAndAmortization": "196000000", "incomeBeforeTax": "250000000", "incomeTaxExpense": "99000000", "interestAndDebtExpense": "None", "netIncomeFromContinuingOperations": "151000000", "comprehensiveIncomeNetOfTax": "None", "ebit": "322000000", "ebitda": "518000000", "netIncome": "149000000"}, {"fiscalDateEnding": "2014-03-31", "reportedCurrency": "USD", "grossProfit": "554000000", "totalRevenue": "1594000000", "costOfRevenue": "1040000000", "costofGoodsAndServicesSold": "1040000000", "operatingIncome": "246000000", "sellingGeneralAndAdministrative": "127000000", "researchAndDevelopment": "0", "operatingExpenses": "308000000", "investmentIncomeNet": "None", "netInterestIncome": "None", "interestIncome": "None", "interestExpense": "92000000", "nonInterestIncome": "None", "otherNonOperatingIncome": "9000000", "depreciation": "None", "depreciationAndAmortization": "200000000", "incomeBeforeTax": "163000000", "incomeTaxExpense": "64000000", "interestAndDebtExpense": "None", "netIncomeFromContinuingOperations": "99000000", "comprehensiveIncomeNetOfTax": "None", "ebit": "246000000", "ebitda": "446000000", "netIncome": "96000000"}, {"fiscalDateEnding": "2013-12-31", "reportedCurrency": "USD", "grossProfit": "453000000", "totalRevenue": "1322000000", "costOfRevenue": "869000000", "costofGoodsAndServicesSold": "869000000", "operatingIncome": "171000000", "sellingGeneralAndAdministrative": "0", "researchAndDevelopment": "0", "operatingExpenses": "282000000", "investmentIncomeNet": "None", "netInterestIncome": "None", "interestIncome": "None", "interestExpense": "109000000", "nonInterestIncome": "None", "otherNonOperatingIncome": "None", "depreciation": "None", "depreciationAndAmortization": "191000000", "incomeBeforeTax": "72000000", "incomeTaxExpense": "23000000", "interestAndDebtExpense": "None", "netIncomeFromContinuingOperations": "0", "comprehensiveIncomeNetOfTax": "None", "ebit": "171000000", "ebitda": "362000000", "netIncome": "37000000"}, {"fiscalDateEnding": "2013-09-30", "reportedCurrency": "USD", "grossProfit": "863000000", "totalRevenue": "1638000000", "costOfRevenue": "775000000", "costofGoodsAndServicesSold": "775000000", "operatingIncome": "567000000", "sellingGeneralAndAdministrative": "121000000", "researchAndDevelopment": "0", "operatingExpenses": "296000000", "investmentIncomeNet": "None", "netInterestIncome": "None", "interestIncome": "None", "interestExpense": "88000000", "nonInterestIncome": "None", "otherNonOperatingIncome": "15000000", "depreciation": "None", "depreciationAndAmortization": "183000000", "incomeBeforeTax": "494000000", "incomeTaxExpense": "187000000", "interestAndDebtExpense": "None", "netIncomeFromContinuingOperations": "307000000", "comprehensiveIncomeNetOfTax": "None", "ebit": "567000000", "ebitda": "750000000", "netIncome": "302000000"}, {"fiscalDateEnding": "2013-06-30", "reportedCurrency": "USD", "grossProfit": "550000000", "totalRevenue": "1403000000", "costOfRevenue": "853000000", "costofGoodsAndServicesSold": "853000000", "operatingIncome": "261000000", "sellingGeneralAndAdministrative": "111000000", "researchAndDevelopment": "0", "operatingExpenses": "289000000", "investmentIncomeNet": "None", "netInterestIncome": "None", "interestIncome": "None", "interestExpense": "100000000", "nonInterestIncome": "None", "otherNonOperatingIncome": "11000000", "depreciation": "None", "depreciationAndAmortization": "177000000", "incomeBeforeTax": "172000000", "incomeTaxExpense": "66000000", "interestAndDebtExpense": "None", "netIncomeFromContinuingOperations": "106000000", "comprehensiveIncomeNetOfTax": "None", "ebit": "273000000", "ebitda": "450000000", "netIncome": "95000000"}, {"fiscalDateEnding": "2013-03-31", "reportedCurrency": "USD", "grossProfit": "482000000", "totalRevenue": "1475000000", "costOfRevenue": "993000000", "costofGoodsAndServicesSold": "993000000", "operatingIncome": "185000000", "sellingGeneralAndAdministrative": "0", "researchAndDevelopment": "0", "operatingExpenses": "297000000", "investmentIncomeNet": "None", "netInterestIncome": "None", "interestIncome": "None", "interestExpense": "101000000", "nonInterestIncome": "None", "otherNonOperatingIncome": "None", "depreciation": "None", "depreciationAndAmortization": "186000000", "incomeBeforeTax": "91000000", "incomeTaxExpense": "35000000", "interestAndDebtExpense": "None", "netIncomeFromContinuingOperations": "0", "comprehensiveIncomeNetOfTax": "None", "ebit": "192000000", "ebitda": "378000000", "netIncome": "-145000000"}, {"fiscalDateEnding": "2012-12-31", "reportedCurrency": "USD", "grossProfit": "439000000", "totalRevenue": "1509000000", "costOfRevenue": "1070000000", "costofGoodsAndServicesSold": "1070000000", "operatingIncome": "-1816000000", "sellingGeneralAndAdministrative": "0", "researchAndDevelopment": "0", "operatingExpenses": "305000000", "investmentIncomeNet": "None", "netInterestIncome": "None", "interestIncome": "None", "interestExpense": "110000000", "nonInterestIncome": "None", "otherNonOperatingIncome": "None", "depreciation": "None", "depreciationAndAmortization": "193000000", "incomeBeforeTax": "-1917000000", "incomeTaxExpense": "-762000000", "interestAndDebtExpense": "None", "netIncomeFromContinuingOperations": "0", "comprehensiveIncomeNetOfTax": "None", "ebit": "-1734000000", "ebitda": "-1541000000", "netIncome": "-1156000000"}, {"fiscalDateEnding": "2012-09-30", "reportedCurrency": "USD", "grossProfit": "1366000000", "totalRevenue": "2001000000", "costOfRevenue": "635000000", "costofGoodsAndServicesSold": "635000000", "operatingIncome": "635000000", "sellingGeneralAndAdministrative": "0", "researchAndDevelopment": "0", "operatingExpenses": "731000000", "investmentIncomeNet": "None", "netInterestIncome": "None", "interestIncome": "None", "interestExpense": "113000000", "nonInterestIncome": "None", "otherNonOperatingIncome": "None", "depreciation": "None", "depreciationAndAmortization": "179000000", "incomeBeforeTax": "532000000", "incomeTaxExpense": "158000000", "interestAndDebtExpense": "None", "netIncomeFromContinuingOperations": "0", "comprehensiveIncomeNetOfTax": "None", "ebit": "584000000", "ebitda": "763000000", "netIncome": "374000000"}, {"fiscalDateEnding": "2012-06-30", "reportedCurrency": "USD", "grossProfit": "1132000000", "totalRevenue": "1660000000", "costOfRevenue": "528000000", "costofGoodsAndServicesSold": "528000000", "operatingIncome": "363000000", "sellingGeneralAndAdministrative": "0", "researchAndDevelopment": "0", "operatingExpenses": "769000000", "investmentIncomeNet": "None", "netInterestIncome": "None", "interestIncome": "None", "interestExpense": "112000000", "nonInterestIncome": "None", "otherNonOperatingIncome": "None", "depreciation": "None", "depreciationAndAmortization": "226000000", "incomeBeforeTax": "264000000", "incomeTaxExpense": "54000000", "interestAndDebtExpense": "None", "netIncomeFromContinuingOperations": "0", "comprehensiveIncomeNetOfTax": "None", "ebit": "308000000", "ebitda": "534000000", "netIncome": "211000000"}, {"fiscalDateEnding": "2012-03-31", "reportedCurrency": "USD", "grossProfit": "953000000", "totalRevenue": "1658000000", "costOfRevenue": "705000000", "costofGoodsAndServicesSold": "705000000", "operatingIncome": "-422000000", "sellingGeneralAndAdministrative": "0", "researchAndDevelopment": "0", "operatingExpenses": "747000000", "investmentIncomeNet": "None", "netInterestIncome": "None", "interestIncome": "None", "interestExpense": "113000000", "nonInterestIncome": "None", "otherNonOperatingIncome": "None", "depreciation": "None", "depreciationAndAmortization": "188000000", "incomeBeforeTax": "-533000000", "incomeTaxExpense": "-130000000", "interestAndDebtExpense": "None", "netIncomeFromContinuingOperations": "0", "comprehensiveIncomeNetOfTax": "None", "ebit": "149000000", "ebitda": "337000000", "netIncome": "-403000000"}, {"fiscalDateEnding": "2011-12-31", "reportedCurrency": "USD", "grossProfit": "901000000", "totalRevenue": "1578000000", "costOfRevenue": "677000000", "costofGoodsAndServicesSold": "677000000", "operatingIncome": "148000000", "sellingGeneralAndAdministrative": "0", "researchAndDevelopment": "0", "operatingExpenses": "754000000", "investmentIncomeNet": "None", "netInterestIncome": "None", "interestIncome": "None", "interestExpense": "115000000", "nonInterestIncome": "None", "otherNonOperatingIncome": "None", "depreciation": "None", "depreciationAndAmortization": "160000000", "incomeBeforeTax": "43000000", "incomeTaxExpense": "17000000", "interestAndDebtExpense": "None", "netIncomeFromContinuingOperations": "0", "comprehensiveIncomeNetOfTax": "None", "ebit": "187000000", "ebitda": "347000000", "netIncome": "25000000"}, {"fiscalDateEnding": "2011-09-30", "reportedCurrency": "USD", "grossProfit": "1423000000", "totalRevenue": "2268000000", "costOfRevenue": "845000000", "costofGoodsAndServicesSold": "845000000", "operatingIncome": "550000000", "sellingGeneralAndAdministrative": "0", "researchAndDevelopment": "0", "operatingExpenses": "749000000", "investmentIncomeNet": "None", "netInterestIncome": "None", "interestIncome": "None", "interestExpense": "113000000", "nonInterestIncome": "None", "otherNonOperatingIncome": "None", "depreciation": "None", "depreciationAndAmortization": "162000000", "incomeBeforeTax": "450000000", "incomeTaxExpense": "163000000", "interestAndDebtExpense": "None", "netIncomeFromContinuingOperations": "0", "comprehensiveIncomeNetOfTax": "None", "ebit": "708000000", "ebitda": "870000000", "netIncome": "285000000"}, {"fiscalDateEnding": "2011-06-30", "reportedCurrency": "USD", "grossProfit": "1094000000", "totalRevenue": "1781000000", "costOfRevenue": "687000000", "costofGoodsAndServicesSold": "687000000", "operatingIncome": "316000000", "sellingGeneralAndAdministrative": "0", "researchAndDevelopment": "0", "operatingExpenses": "778000000", "investmentIncomeNet": "None", "netInterestIncome": "None", "interestIncome": "None", "interestExpense": "104000000", "nonInterestIncome": "None", "otherNonOperatingIncome": "None", "depreciation": "None", "depreciationAndAmortization": "212000000", "incomeBeforeTax": "224000000", "incomeTaxExpense": "85000000", "interestAndDebtExpense": "None", "netIncomeFromContinuingOperations": "0", "comprehensiveIncomeNetOfTax": "None", "ebit": "310000000", "ebitda": "522000000", "netIncome": "138000000"}, {"fiscalDateEnding": "2011-03-31", "reportedCurrency": "USD", "grossProfit": "1010000000", "totalRevenue": "1904000000", "costOfRevenue": "894000000", "costofGoodsAndServicesSold": "894000000", "operatingIncome": "227000000", "sellingGeneralAndAdministrative": "0", "researchAndDevelopment": "0", "operatingExpenses": "783000000", "investmentIncomeNet": "None", "netInterestIncome": "None", "interestIncome": "None", "interestExpense": "119000000", "nonInterestIncome": "None", "otherNonOperatingIncome": "None", "depreciation": "None", "depreciationAndAmortization": "213000000", "incomeBeforeTax": "119000000", "incomeTaxExpense": "45000000", "interestAndDebtExpense": "None", "netIncomeFromContinuingOperations": "0", "comprehensiveIncomeNetOfTax": "None", "ebit": "220000000", "ebitda": "433000000", "netIncome": "71000000"}, {"fiscalDateEnding": "2010-12-31", "reportedCurrency": "USD", "grossProfit": "1021000000", "totalRevenue": "1764000000", "costOfRevenue": "743000000", "costofGoodsAndServicesSold": "743000000", "operatingIncome": "198000000", "sellingGeneralAndAdministrative": "0", "researchAndDevelopment": "0", "operatingExpenses": "823000000", "investmentIncomeNet": "None", "netInterestIncome": "None", "interestIncome": "None", "interestExpense": "120000000", "nonInterestIncome": "None", "otherNonOperatingIncome": "None", "depreciation": "None", "depreciationAndAmortization": "159000000", "incomeBeforeTax": "84000000", "incomeTaxExpense": "30000000", "interestAndDebtExpense": "None", "netIncomeFromContinuingOperations": "0", "comprehensiveIncomeNetOfTax": "None", "ebit": "196000000", "ebitda": "355000000", "netIncome": "52000000"}, {"fiscalDateEnding": "2010-09-30", "reportedCurrency": "USD", "grossProfit": "1433000000", "totalRevenue": "2254000000", "costOfRevenue": "821000000", "costofGoodsAndServicesSold": "821000000", "operatingIncome": "89000000", "sellingGeneralAndAdministrative": "0", "researchAndDevelopment": "0", "operatingExpenses": "755000000", "investmentIncomeNet": "None", "netInterestIncome": "None", "interestIncome": "None", "interestExpense": "130000000", "nonInterestIncome": "None", "otherNonOperatingIncome": "None", "depreciation": "None", "depreciationAndAmortization": "218000000", "incomeBeforeTax": "-27000000", "incomeTaxExpense": "137000000", "interestAndDebtExpense": "None", "netIncomeFromContinuingOperations": "0", "comprehensiveIncomeNetOfTax": "None", "ebit": "79000000", "ebitda": "297000000", "netIncome": "-167000000"}, {"fiscalDateEnding": "2010-06-30", "reportedCurrency": "USD", "grossProfit": "1067000000", "totalRevenue": "1704000000", "costOfRevenue": "637000000", "costofGoodsAndServicesSold": "637000000", "operatingIncome": "331000000", "sellingGeneralAndAdministrative": "0", "researchAndDevelopment": "0", "operatingExpenses": "736000000", "investmentIncomeNet": "None", "netInterestIncome": "None", "interestIncome": "None", "interestExpense": "115000000", "nonInterestIncome": "None", "otherNonOperatingIncome": "None", "depreciation": "None", "depreciationAndAmortization": "203000000", "incomeBeforeTax": "238000000", "incomeTaxExpense": "83000000", "interestAndDebtExpense": "None", "netIncomeFromContinuingOperations": "0", "comprehensiveIncomeNetOfTax": "None", "ebit": "340000000", "ebitda": "543000000", "netIncome": "152000000"}, {"fiscalDateEnding": "2010-03-31", "reportedCurrency": "USD", "grossProfit": "1019000000", "totalRevenue": "1916000000", "costOfRevenue": "897000000", "costofGoodsAndServicesSold": "897000000", "operatingIncome": "298000000", "sellingGeneralAndAdministrative": "0", "researchAndDevelopment": "0", "operatingExpenses": "721000000", "investmentIncomeNet": "None", "netInterestIncome": "None", "interestIncome": "None", "interestExpense": "132000000", "nonInterestIncome": "None", "otherNonOperatingIncome": "None", "depreciation": "None", "depreciationAndAmortization": "203000000", "incomeBeforeTax": "181000000", "incomeTaxExpense": "75000000", "interestAndDebtExpense": "None", "netIncomeFromContinuingOperations": "0", "comprehensiveIncomeNetOfTax": "None", "ebit": "297000000", "ebitda": "500000000", "netIncome": "102000000"}, {"fiscalDateEnding": "2009-12-31", "reportedCurrency": "USD", "grossProfit": "974000000", "totalRevenue": "1675000000", "costOfRevenue": "701000000", "costofGoodsAndServicesSold": "701000000", "operatingIncome": "245000000", "sellingGeneralAndAdministrative": "0", "researchAndDevelopment": "0", "operatingExpenses": "729000000", "investmentIncomeNet": "None", "netInterestIncome": "None", "interestIncome": "None", "interestExpense": "132000000", "nonInterestIncome": "None", "otherNonOperatingIncome": "None", "depreciation": "None", "depreciationAndAmortization": "151000000", "incomeBeforeTax": "126000000", "incomeTaxExpense": "44000000", "interestAndDebtExpense": "None", "netIncomeFromContinuingOperations": "0", "comprehensiveIncomeNetOfTax": "None", "ebit": "244000000", "ebitda": "395000000", "netIncome": "79000000"}, {"fiscalDateEnding": "2009-09-30", "reportedCurrency": "USD", "grossProfit": "1196000000", "totalRevenue": "1815000000", "costOfRevenue": "619000000", "costofGoodsAndServicesSold": "619000000", "operatingIncome": "485000000", "sellingGeneralAndAdministrative": "0", "researchAndDevelopment": "0", "operatingExpenses": "711000000", "investmentIncomeNet": "None", "netInterestIncome": "None", "interestIncome": "None", "interestExpense": "134000000", "nonInterestIncome": "None", "otherNonOperatingIncome": "None", "depreciation": "None", "depreciationAndAmortization": "208000000", "incomeBeforeTax": "364000000", "incomeTaxExpense": "135000000", "interestAndDebtExpense": "None", "netIncomeFromContinuingOperations": "0", "comprehensiveIncomeNetOfTax": "None", "ebit": "475000000", "ebitda": "683000000", "netIncome": "227000000"}, {"fiscalDateEnding": "2009-06-30", "reportedCurrency": "USD", "grossProfit": "1095000000", "totalRevenue": "1684000000", "costOfRevenue": "589000000", "costofGoodsAndServicesSold": "589000000", "operatingIncome": "365000000", "sellingGeneralAndAdministrative": "0", "researchAndDevelopment": "0", "operatingExpenses": "730000000", "investmentIncomeNet": "None", "netInterestIncome": "None", "interestIncome": "None", "interestExpense": "124000000", "nonInterestIncome": "None", "otherNonOperatingIncome": "None", "depreciation": "None", "depreciationAndAmortization": "182000000", "incomeBeforeTax": "251000000", "incomeTaxExpense": "83000000", "interestAndDebtExpense": "None", "netIncomeFromContinuingOperations": "0", "comprehensiveIncomeNetOfTax": "None", "ebit": "375000000", "ebitda": "557000000", "netIncome": "165000000"}, {"fiscalDateEnding": "2009-03-31", "reportedCurrency": "USD", "grossProfit": "1026000000", "totalRevenue": "1916000000", "costOfRevenue": "890000000", "costofGoodsAndServicesSold": "890000000", "operatingIncome": "321000000", "sellingGeneralAndAdministrative": "0", "researchAndDevelopment": "0", "operatingExpenses": "705000000", "investmentIncomeNet": "None", "netInterestIncome": "None", "interestIncome": "None", "interestExpense": "118000000", "nonInterestIncome": "None", "otherNonOperatingIncome": "None", "depreciation": "None", "depreciationAndAmortization": "188000000", "incomeBeforeTax": "215000000", "incomeTaxExpense": "70000000", "interestAndDebtExpense": "None", "netIncomeFromContinuingOperations": "0", "comprehensiveIncomeNetOfTax": "None", "ebit": "319000000", "ebitda": "507000000", "netIncome": "141000000"}, {"fiscalDateEnding": "2008-12-31", "reportedCurrency": "USD", "grossProfit": "990000000", "totalRevenue": "1908000000", "costOfRevenue": "918000000", "costofGoodsAndServicesSold": "918000000", "operatingIncome": "169000000", "sellingGeneralAndAdministrative": "0", "researchAndDevelopment": "0", "operatingExpenses": "821000000", "investmentIncomeNet": "None", "netInterestIncome": "None", "interestIncome": "None", "interestExpense": "440000000", "nonInterestIncome": "None", "otherNonOperatingIncome": "None", "depreciation": "None", "depreciationAndAmortization": "193000000", "incomeBeforeTax": "104000000", "incomeTaxExpense": "8000000", "interestAndDebtExpense": "None", "netIncomeFromContinuingOperations": "0", "comprehensiveIncomeNetOfTax": "None", "ebit": "218000000", "ebitda": "411000000", "netIncome": "57000000"}, {"fiscalDateEnding": "2008-09-30", "reportedCurrency": "USD", "grossProfit": "1155000000", "totalRevenue": "2060000000", "costOfRevenue": "905000000", "costofGoodsAndServicesSold": "905000000", "operatingIncome": "428000000", "sellingGeneralAndAdministrative": "0", "researchAndDevelopment": "0", "operatingExpenses": "727000000", "investmentIncomeNet": "None", "netInterestIncome": "None", "interestIncome": "None", "interestExpense": "113000000", "nonInterestIncome": "None", "otherNonOperatingIncome": "None", "depreciation": "None", "depreciationAndAmortization": "157000000", "incomeBeforeTax": "317000000", "incomeTaxExpense": "113000000", "interestAndDebtExpense": "None", "netIncomeFromContinuingOperations": "0", "comprehensiveIncomeNetOfTax": "None", "ebit": "456000000", "ebitda": "613000000", "netIncome": "204000000"}, {"fiscalDateEnding": "2008-06-30", "reportedCurrency": "USD", "grossProfit": "1117000000", "totalRevenue": "1788000000", "costOfRevenue": "671000000", "costofGoodsAndServicesSold": "671000000", "operatingIncome": "441000000", "sellingGeneralAndAdministrative": "0", "researchAndDevelopment": "0", "operatingExpenses": "676000000", "investmentIncomeNet": "None", "netInterestIncome": "None", "interestIncome": "None", "interestExpense": "118000000", "nonInterestIncome": "None", "otherNonOperatingIncome": "None", "depreciation": "None", "depreciationAndAmortization": "196000000", "incomeBeforeTax": "325000000", "incomeTaxExpense": "119000000", "interestAndDebtExpense": "None", "netIncomeFromContinuingOperations": "0", "comprehensiveIncomeNetOfTax": "None", "ebit": "428000000", "ebitda": "624000000", "netIncome": "206000000"}, {"fiscalDateEnding": "2008-03-31", "reportedCurrency": "USD", "grossProfit": "1490000000", "totalRevenue": "2079000000", "costOfRevenue": "589000000", "costofGoodsAndServicesSold": "589000000", "operatingIncome": "319000000", "sellingGeneralAndAdministrative": "0", "researchAndDevelopment": "0", "operatingExpenses": "1171000000", "investmentIncomeNet": "None", "netInterestIncome": "None", "interestIncome": "None", "interestExpense": "100000000", "nonInterestIncome": "None", "otherNonOperatingIncome": "None", "depreciation": "None", "depreciationAndAmortization": "196000000", "incomeBeforeTax": "225000000", "incomeTaxExpense": "87000000", "interestAndDebtExpense": "None", "netIncomeFromContinuingOperations": "0", "comprehensiveIncomeNetOfTax": "None", "ebit": "320000000", "ebitda": "516000000", "netIncome": "138000000"}, {"fiscalDateEnding": "2007-12-31", "reportedCurrency": "USD", "grossProfit": "945000000", "totalRevenue": "1807000000", "costOfRevenue": "862000000", "costofGoodsAndServicesSold": "862000000", "operatingIncome": "253000000", "sellingGeneralAndAdministrative": "0", "researchAndDevelopment": "0", "operatingExpenses": "692000000", "investmentIncomeNet": "None", "netInterestIncome": "None", "interestIncome": "None", "interestExpense": "107000000", "nonInterestIncome": "None", "otherNonOperatingIncome": "None", "depreciation": "None", "depreciationAndAmortization": "214000000", "incomeBeforeTax": "159000000", "incomeTaxExpense": "51000000", "interestAndDebtExpense": "None", "netIncomeFromContinuingOperations": "0", "comprehensiveIncomeNetOfTax": "None", "ebit": "253000000", "ebitda": "467000000", "netIncome": "108000000"}, {"fiscalDateEnding": "2007-09-30", "reportedCurrency": "USD", "grossProfit": "1172000000", "totalRevenue": "1997000000", "costOfRevenue": "825000000", "costofGoodsAndServicesSold": "825000000", "operatingIncome": "479000000", "sellingGeneralAndAdministrative": "0", "researchAndDevelopment": "0", "operatingExpenses": "693000000", "investmentIncomeNet": "None", "netInterestIncome": "None", "interestIncome": "None", "interestExpense": "110000000", "nonInterestIncome": "None", "otherNonOperatingIncome": "None", "depreciation": "None", "depreciationAndAmortization": "195000000", "incomeBeforeTax": "374000000", "incomeTaxExpense": "130000000", "interestAndDebtExpense": "None", "netIncomeFromContinuingOperations": "0", "comprehensiveIncomeNetOfTax": "None", "ebit": "463000000", "ebitda": "658000000", "netIncome": "244000000"}, {"fiscalDateEnding": "2007-06-30", "reportedCurrency": "USD", "grossProfit": "1013000000", "totalRevenue": "1723000000", "costOfRevenue": "710000000", "costofGoodsAndServicesSold": "710000000", "operatingIncome": "322000000", "sellingGeneralAndAdministrative": "0", "researchAndDevelopment": "0", "operatingExpenses": "691000000", "investmentIncomeNet": "None", "netInterestIncome": "None", "interestIncome": "None", "interestExpense": "108000000", "nonInterestIncome": "None", "otherNonOperatingIncome": "None", "depreciation": "None", "depreciationAndAmortization": "186000000", "incomeBeforeTax": "221000000", "incomeTaxExpense": "78000000", "interestAndDebtExpense": "None", "netIncomeFromContinuingOperations": "0", "comprehensiveIncomeNetOfTax": "None", "ebit": "326000000", "ebitda": "512000000", "netIncome": "143000000"}, {"fiscalDateEnding": "2007-03-31", "reportedCurrency": "USD", "grossProfit": "962000000", "totalRevenue": "2019000000", "costOfRevenue": "1057000000", "costofGoodsAndServicesSold": "1057000000", "operatingIncome": "288000000", "sellingGeneralAndAdministrative": "0", "researchAndDevelopment": "0", "operatingExpenses": "674000000", "investmentIncomeNet": "None", "netInterestIncome": "None", "interestIncome": "None", "interestExpense": "100000000", "nonInterestIncome": "None", "otherNonOperatingIncome": "None", "depreciation": "None", "depreciationAndAmortization": "196000000", "incomeBeforeTax": "194000000", "incomeTaxExpense": "71000000", "interestAndDebtExpense": "None", "netIncomeFromContinuingOperations": "0", "comprehensiveIncomeNetOfTax": "None", "ebit": "293000000", "ebitda": "489000000", "netIncome": "123000000"}, {"fiscalDateEnding": "2006-12-31", "reportedCurrency": "USD", "grossProfit": "834000000", "totalRevenue": "1620000000", "costOfRevenue": "786000000", "costofGoodsAndServicesSold": "786000000", "operatingIncome": "154000000", "sellingGeneralAndAdministrative": "0", "researchAndDevelopment": "0", "operatingExpenses": "680000000", "investmentIncomeNet": "None", "netInterestIncome": "None", "interestIncome": "None", "interestExpense": "350000000", "nonInterestIncome": "None", "otherNonOperatingIncome": "None", "depreciation": "None", "depreciationAndAmortization": "149000000", "incomeBeforeTax": "72000000", "incomeTaxExpense": "11000000", "interestAndDebtExpense": "None", "netIncomeFromContinuingOperations": "0", "comprehensiveIncomeNetOfTax": "None", "ebit": "177000000", "ebitda": "326000000", "netIncome": "61000000"}, {"fiscalDateEnding": "2006-09-30", "reportedCurrency": "USD", "grossProfit": "1203000000", "totalRevenue": "1910000000", "costOfRevenue": "707000000", "costofGoodsAndServicesSold": "707000000", "operatingIncome": "547000000", "sellingGeneralAndAdministrative": "0", "researchAndDevelopment": "0", "operatingExpenses": "656000000", "investmentIncomeNet": "None", "netInterestIncome": "None", "interestIncome": "None", "interestExpense": "82000000", "nonInterestIncome": "None", "otherNonOperatingIncome": "None", "depreciation": "None", "depreciationAndAmortization": "144000000", "incomeBeforeTax": "454000000", "incomeTaxExpense": "161000000", "interestAndDebtExpense": "None", "netIncomeFromContinuingOperations": "0", "comprehensiveIncomeNetOfTax": "None", "ebit": "565000000", "ebitda": "709000000", "netIncome": "293000000"}, {"fiscalDateEnding": "2006-06-30", "reportedCurrency": "USD", "grossProfit": "922000000", "totalRevenue": "1550000000", "costOfRevenue": "628000000", "costofGoodsAndServicesSold": "628000000", "operatingIncome": "276000000", "sellingGeneralAndAdministrative": "0", "researchAndDevelopment": "0", "operatingExpenses": "646000000", "investmentIncomeNet": "None", "netInterestIncome": "None", "interestIncome": "None", "interestExpense": "80000000", "nonInterestIncome": "None", "otherNonOperatingIncome": "None", "depreciation": "None", "depreciationAndAmortization": "209000000", "incomeBeforeTax": "191000000", "incomeTaxExpense": "68000000", "interestAndDebtExpense": "None", "netIncomeFromContinuingOperations": "0", "comprehensiveIncomeNetOfTax": "None", "ebit": "229000000", "ebitda": "438000000", "netIncome": "123000000"}, {"fiscalDateEnding": "2006-03-31", "reportedCurrency": "USD", "grossProfit": "822000000", "totalRevenue": "1800000000", "costOfRevenue": "978000000", "costofGoodsAndServicesSold": "978000000", "operatingIncome": "196000000", "sellingGeneralAndAdministrative": "0", "researchAndDevelopment": "0", "operatingExpenses": "626000000", "investmentIncomeNet": "None", "netInterestIncome": "None", "interestIncome": "None", "interestExpense": "76000000", "nonInterestIncome": "None", "otherNonOperatingIncome": "None", "depreciation": "None", "depreciationAndAmortization": "154000000", "incomeBeforeTax": "114000000", "incomeTaxExpense": "44000000", "interestAndDebtExpense": "None", "netIncomeFromContinuingOperations": "0", "comprehensiveIncomeNetOfTax": "None", "ebit": "207000000", "ebitda": "361000000", "netIncome": "70000000"}, {"fiscalDateEnding": "2005-12-31", "reportedCurrency": "USD", "grossProfit": "763000000", "totalRevenue": "1701000000", "costOfRevenue": "938000000", "costofGoodsAndServicesSold": "938000000", "operatingIncome": "144000000", "sellingGeneralAndAdministrative": "0", "researchAndDevelopment": "0", "operatingExpenses": "619000000", "investmentIncomeNet": "None", "netInterestIncome": "None", "interestIncome": "None", "interestExpense": "80000000", "nonInterestIncome": "None", "otherNonOperatingIncome": "None", "depreciation": "None", "depreciationAndAmortization": "148000000", "incomeBeforeTax": "68000000", "incomeTaxExpense": "26000000", "interestAndDebtExpense": "None", "netIncomeFromContinuingOperations": "0", "comprehensiveIncomeNetOfTax": "None", "ebit": "156000000", "ebitda": "304000000", "netIncome": "20000000"}, {"fiscalDateEnding": "2005-09-30", "reportedCurrency": "USD", "grossProfit": "1157000000", "totalRevenue": "1868000000", "costOfRevenue": "711000000", "costofGoodsAndServicesSold": "711000000", "operatingIncome": "510000000", "sellingGeneralAndAdministrative": "0", "researchAndDevelopment": "0", "operatingExpenses": "647000000", "investmentIncomeNet": "None", "netInterestIncome": "None", "interestIncome": "None", "interestExpense": "74000000", "nonInterestIncome": "None", "otherNonOperatingIncome": "None", "depreciation": "None", "depreciationAndAmortization": "187000000", "incomeBeforeTax": "439000000", "incomeTaxExpense": "159000000", "interestAndDebtExpense": "None", "netIncomeFromContinuingOperations": "0", "comprehensiveIncomeNetOfTax": "None", "ebit": "483000000", "ebitda": "670000000", "netIncome": "280000000"}, {"fiscalDateEnding": "2005-06-30", "reportedCurrency": "USD", "grossProfit": "993000000", "totalRevenue": "1590000000", "costOfRevenue": "597000000", "costofGoodsAndServicesSold": "597000000", "operatingIncome": "366000000", "sellingGeneralAndAdministrative": "0", "researchAndDevelopment": "0", "operatingExpenses": "627000000", "investmentIncomeNet": "None", "netInterestIncome": "None", "interestIncome": "None", "interestExpense": "80000000", "nonInterestIncome": "None", "otherNonOperatingIncome": "None", "depreciation": "None", "depreciationAndAmortization": "128000000", "incomeBeforeTax": "285000000", "incomeTaxExpense": "100000000", "interestAndDebtExpense": "None", "netIncomeFromContinuingOperations": "0", "comprehensiveIncomeNetOfTax": "None", "ebit": "426000000", "ebitda": "554000000", "netIncome": "185000000"}, {"fiscalDateEnding": "2005-03-31", "reportedCurrency": "USD", "grossProfit": "856000000", "totalRevenue": "1626000000", "costOfRevenue": "770000000", "costofGoodsAndServicesSold": "770000000", "operatingIncome": "263000000", "sellingGeneralAndAdministrative": "0", "researchAndDevelopment": "0", "operatingExpenses": "593000000", "investmentIncomeNet": "None", "netInterestIncome": "None", "interestIncome": "None", "interestExpense": "77000000", "nonInterestIncome": "None", "otherNonOperatingIncome": "None", "depreciation": "None", "depreciationAndAmortization": "168000000", "incomeBeforeTax": "192000000", "incomeTaxExpense": "71000000", "interestAndDebtExpense": "None", "netIncomeFromContinuingOperations": "0", "comprehensiveIncomeNetOfTax": "None", "ebit": "262000000", "ebitda": "430000000", "netIncome": "121000000"}, {"fiscalDateEnding": "2004-12-31", "reportedCurrency": "USD", "grossProfit": "1422000000", "totalRevenue": "1475000000", "costOfRevenue": "53000000", "costofGoodsAndServicesSold": "53000000", "operatingIncome": "203000000", "sellingGeneralAndAdministrative": "0", "researchAndDevelopment": "0", "operatingExpenses": "1219000000", "investmentIncomeNet": "None", "netInterestIncome": "None", "interestIncome": "None", "interestExpense": "86000000", "nonInterestIncome": "None", "otherNonOperatingIncome": "None", "depreciation": "None", "depreciationAndAmortization": "174000000", "incomeBeforeTax": "123000000", "incomeTaxExpense": "40000000", "interestAndDebtExpense": "None", "netIncomeFromContinuingOperations": "0", "comprehensiveIncomeNetOfTax": "None", "ebit": "203000000", "ebitda": "377000000", "netIncome": "83000000"}]}