{"symbol": "CSX", "annualReports": [{"fiscalDateEnding": "2024-12-31", "reportedCurrency": "USD", "grossProfit": "5342000000", "totalRevenue": "14540000000", "costOfRevenue": "9198000000", "costofGoodsAndServicesSold": "9198000000", "operatingIncome": "5245000000", "sellingGeneralAndAdministrative": "50000000", "researchAndDevelopment": "None", "operatingExpenses": "97000000", "investmentIncomeNet": "None", "netInterestIncome": "-747000000", "interestIncome": "85000000", "interestExpense": "832000000", "nonInterestIncome": "None", "otherNonOperatingIncome": "None", "depreciation": "None", "depreciationAndAmortization": "1658000000", "incomeBeforeTax": "4891000000", "incomeTaxExpense": "1085000000", "interestAndDebtExpense": "None", "netIncomeFromContinuingOperations": "3470000000", "comprehensiveIncomeNetOfTax": "None", "ebit": "5387000000", "ebitda": "7045000000", "netIncome": "3470000000"}, {"fiscalDateEnding": "2023-12-31", "reportedCurrency": "USD", "grossProfit": "5527000000", "totalRevenue": "14657000000", "costOfRevenue": "9130000000", "costofGoodsAndServicesSold": "9130000000", "operatingIncome": "5561000000", "sellingGeneralAndAdministrative": "29000000", "researchAndDevelopment": "None", "operatingExpenses": "-34000000", "investmentIncomeNet": "None", "netInterestIncome": "-762000000", "interestIncome": "79000000", "interestExpense": "809000000", "nonInterestIncome": "None", "otherNonOperatingIncome": "None", "depreciation": "None", "depreciationAndAmortization": "1611000000", "incomeBeforeTax": "4891000000", "incomeTaxExpense": "1176000000", "interestAndDebtExpense": "None", "netIncomeFromContinuingOperations": "3847000000", "comprehensiveIncomeNetOfTax": "None", "ebit": "5729000000", "ebitda": "7340000000", "netIncome": "3715000000"}, {"fiscalDateEnding": "2022-12-31", "reportedCurrency": "USD", "grossProfit": "5785000000", "totalRevenue": "14853000000", "costOfRevenue": "9068000000", "costofGoodsAndServicesSold": "9068000000", "operatingIncome": "6023000000", "sellingGeneralAndAdministrative": "79000000", "researchAndDevelopment": "None", "operatingExpenses": "133000000", "investmentIncomeNet": "None", "netInterestIncome": "-742000000", "interestIncome": "42000000", "interestExpense": "742000000", "nonInterestIncome": "None", "otherNonOperatingIncome": "133000000", "depreciation": "None", "depreciationAndAmortization": "1500000000", "incomeBeforeTax": "5414000000", "incomeTaxExpense": "1248000000", "interestAndDebtExpense": "None", "netIncomeFromContinuingOperations": "4166000000", "comprehensiveIncomeNetOfTax": "None", "ebit": "5890000000", "ebitda": "7390000000", "netIncome": "4166000000"}, {"fiscalDateEnding": "2021-12-31", "reportedCurrency": "USD", "grossProfit": "5140000000", "totalRevenue": "12522000000", "costOfRevenue": "7382000000", "costofGoodsAndServicesSold": "7382000000", "operatingIncome": "5594000000", "sellingGeneralAndAdministrative": "64000000", "researchAndDevelopment": "None", "operatingExpenses": "79000000", "investmentIncomeNet": "None", "netInterestIncome": "-722000000", "interestIncome": "7000000", "interestExpense": "722000000", "nonInterestIncome": "None", "otherNonOperatingIncome": "79000000", "depreciation": "None", "depreciationAndAmortization": "1420000000", "incomeBeforeTax": "4951000000", "incomeTaxExpense": "1170000000", "interestAndDebtExpense": "None", "netIncomeFromContinuingOperations": "3781000000", "comprehensiveIncomeNetOfTax": "None", "ebit": "5233000000", "ebitda": "6653000000", "netIncome": "3781000000"}, {"fiscalDateEnding": "2020-12-31", "reportedCurrency": "USD", "grossProfit": "4362000000", "totalRevenue": "10583000000", "costOfRevenue": "6221000000", "costofGoodsAndServicesSold": "6221000000", "operatingIncome": "4362000000", "sellingGeneralAndAdministrative": "42000000", "researchAndDevelopment": "None", "operatingExpenses": "19000000", "investmentIncomeNet": "None", "netInterestIncome": "-754000000", "interestIncome": "17000000", "interestExpense": "754000000", "nonInterestIncome": "None", "otherNonOperatingIncome": "19000000", "depreciation": "None", "depreciationAndAmortization": "1383000000", "incomeBeforeTax": "3627000000", "incomeTaxExpense": "862000000", "interestAndDebtExpense": "None", "netIncomeFromContinuingOperations": "2765000000", "comprehensiveIncomeNetOfTax": "None", "ebit": "4381000000", "ebitda": "5764000000", "netIncome": "2765000000"}, {"fiscalDateEnding": "2019-12-31", "reportedCurrency": "USD", "grossProfit": "4874000000", "totalRevenue": "11937000000", "costOfRevenue": "7063000000", "costofGoodsAndServicesSold": "7063000000", "operatingIncome": "4965000000", "sellingGeneralAndAdministrative": "3024000000", "researchAndDevelopment": "None", "operatingExpenses": "88000000", "investmentIncomeNet": "None", "netInterestIncome": "-689000000", "interestIncome": "48000000", "interestExpense": "737000000", "nonInterestIncome": "None", "otherNonOperatingIncome": "88000000", "depreciation": "None", "depreciationAndAmortization": "1349000000", "incomeBeforeTax": "4316000000", "incomeTaxExpense": "985000000", "interestAndDebtExpense": "None", "netIncomeFromContinuingOperations": "3331000000", "comprehensiveIncomeNetOfTax": "None", "ebit": "5053000000", "ebitda": "6402000000", "netIncome": "3331000000"}, {"fiscalDateEnding": "2018-12-31", "reportedCurrency": "USD", "grossProfit": "4773000000", "totalRevenue": "12250000000", "costOfRevenue": "7477000000", "costofGoodsAndServicesSold": "7477000000", "operatingIncome": "4869000000", "sellingGeneralAndAdministrative": "4609000000", "researchAndDevelopment": "0", "operatingExpenses": "74000000", "investmentIncomeNet": "None", "netInterestIncome": "-607000000", "interestIncome": "32000000", "interestExpense": "639000000", "nonInterestIncome": "None", "otherNonOperatingIncome": "74000000", "depreciation": "None", "depreciationAndAmortization": "1331000000", "incomeBeforeTax": "4304000000", "incomeTaxExpense": "995000000", "interestAndDebtExpense": "None", "netIncomeFromContinuingOperations": "3309000000", "comprehensiveIncomeNetOfTax": "None", "ebit": "4943000000", "ebitda": "6274000000", "netIncome": "3309000000"}, {"fiscalDateEnding": "2017-12-31", "reportedCurrency": "USD", "grossProfit": "3773000000", "totalRevenue": "11408000000", "costOfRevenue": "7635000000", "costofGoodsAndServicesSold": "7635000000", "operatingIncome": "3667000000", "sellingGeneralAndAdministrative": "4808000000", "researchAndDevelopment": "0", "operatingExpenses": "21000000", "investmentIncomeNet": "None", "netInterestIncome": "-533000000", "interestIncome": "13000000", "interestExpense": "546000000", "nonInterestIncome": "None", "otherNonOperatingIncome": "21000000", "depreciation": "None", "depreciationAndAmortization": "1315000000", "incomeBeforeTax": "3142000000", "incomeTaxExpense": "-2329000000", "interestAndDebtExpense": "None", "netIncomeFromContinuingOperations": "5471000000", "comprehensiveIncomeNetOfTax": "None", "ebit": "3798000000", "ebitda": "5113000000", "netIncome": "5471000000"}, {"fiscalDateEnding": "2016-12-31", "reportedCurrency": "USD", "grossProfit": "3389000000", "totalRevenue": "11069000000", "costOfRevenue": "7680000000", "costofGoodsAndServicesSold": "7680000000", "operatingIncome": "3389000000", "sellingGeneralAndAdministrative": "3600000000", "researchAndDevelopment": "0", "operatingExpenses": "46000000", "investmentIncomeNet": "None", "netInterestIncome": "-569000000", "interestIncome": "10000000", "interestExpense": "579000000", "nonInterestIncome": "None", "otherNonOperatingIncome": "None", "depreciation": "None", "depreciationAndAmortization": "1301000000", "incomeBeforeTax": "2741000000", "incomeTaxExpense": "1027000000", "interestAndDebtExpense": "None", "netIncomeFromContinuingOperations": "1714000000", "comprehensiveIncomeNetOfTax": "None", "ebit": "3339000000", "ebitda": "4640000000", "netIncome": "1714000000"}, {"fiscalDateEnding": "2015-12-31", "reportedCurrency": "USD", "grossProfit": "3584000000", "totalRevenue": "11811000000", "costOfRevenue": "8227000000", "costofGoodsAndServicesSold": "8227000000", "operatingIncome": "3584000000", "sellingGeneralAndAdministrative": "3726000000", "researchAndDevelopment": "0", "operatingExpenses": "98000000", "investmentIncomeNet": "None", "netInterestIncome": "None", "interestIncome": "538000000", "interestExpense": "544000000", "nonInterestIncome": "None", "otherNonOperatingIncome": "None", "depreciation": "None", "depreciationAndAmortization": "1208000000", "incomeBeforeTax": "3138000000", "incomeTaxExpense": "1170000000", "interestAndDebtExpense": "None", "netIncomeFromContinuingOperations": "1968000000", "comprehensiveIncomeNetOfTax": "None", "ebit": "3682000000", "ebitda": "4890000000", "netIncome": "1968000000"}, {"fiscalDateEnding": "2014-12-31", "reportedCurrency": "USD", "grossProfit": "3613000000", "totalRevenue": "12669000000", "costOfRevenue": "9056000000", "costofGoodsAndServicesSold": "9056000000", "operatingIncome": "3613000000", "sellingGeneralAndAdministrative": "3805000000", "researchAndDevelopment": "0", "operatingExpenses": "-24000000", "investmentIncomeNet": "None", "netInterestIncome": "None", "interestIncome": "None", "interestExpense": "545000000", "nonInterestIncome": "None", "otherNonOperatingIncome": "-24000000", "depreciation": "None", "depreciationAndAmortization": "1151000000", "incomeBeforeTax": "3044000000", "incomeTaxExpense": "1117000000", "interestAndDebtExpense": "None", "netIncomeFromContinuingOperations": "1927000000", "comprehensiveIncomeNetOfTax": "None", "ebit": "3589000000", "ebitda": "4740000000", "netIncome": "1927000000"}, {"fiscalDateEnding": "2013-12-31", "reportedCurrency": "USD", "grossProfit": "3473000000", "totalRevenue": "12026000000", "costOfRevenue": "8553000000", "costofGoodsAndServicesSold": "8553000000", "operatingIncome": "3473000000", "sellingGeneralAndAdministrative": "3518000000", "researchAndDevelopment": "0", "operatingExpenses": "-20000000", "investmentIncomeNet": "None", "netInterestIncome": "None", "interestIncome": "None", "interestExpense": "562000000", "nonInterestIncome": "None", "otherNonOperatingIncome": "None", "depreciation": "None", "depreciationAndAmortization": "1104000000", "incomeBeforeTax": "2922000000", "incomeTaxExpense": "1058000000", "interestAndDebtExpense": "None", "netIncomeFromContinuingOperations": "1864000000", "comprehensiveIncomeNetOfTax": "None", "ebit": "3473000000", "ebitda": "4577000000", "netIncome": "1864000000"}, {"fiscalDateEnding": "2012-12-31", "reportedCurrency": "USD", "grossProfit": "3457000000", "totalRevenue": "11756000000", "costOfRevenue": "8299000000", "costofGoodsAndServicesSold": "8299000000", "operatingIncome": "3457000000", "sellingGeneralAndAdministrative": "3412000000", "researchAndDevelopment": "0", "operatingExpenses": "-13000000", "investmentIncomeNet": "None", "netInterestIncome": "None", "interestIncome": "None", "interestExpense": "566000000", "nonInterestIncome": "None", "otherNonOperatingIncome": "73000000", "depreciation": "None", "depreciationAndAmortization": "1059000000", "incomeBeforeTax": "2964000000", "incomeTaxExpense": "1105000000", "interestAndDebtExpense": "None", "netIncomeFromContinuingOperations": "1859000000", "comprehensiveIncomeNetOfTax": "None", "ebit": "3530000000", "ebitda": "4589000000", "netIncome": "1859000000"}, {"fiscalDateEnding": "2011-12-31", "reportedCurrency": "USD", "grossProfit": "7467000000", "totalRevenue": "11743000000", "costOfRevenue": "4276000000", "costofGoodsAndServicesSold": "4276000000", "operatingIncome": "3418000000", "sellingGeneralAndAdministrative": "3073000000", "researchAndDevelopment": "0", "operatingExpenses": "4049000000", "investmentIncomeNet": "None", "netInterestIncome": "None", "interestIncome": "None", "interestExpense": "552000000", "nonInterestIncome": "None", "otherNonOperatingIncome": "22000000", "depreciation": "None", "depreciationAndAmortization": "976000000", "incomeBeforeTax": "2888000000", "incomeTaxExpense": "1066000000", "interestAndDebtExpense": "None", "netIncomeFromContinuingOperations": "1822000000", "comprehensiveIncomeNetOfTax": "None", "ebit": "3440000000", "ebitda": "4416000000", "netIncome": "1822000000"}, {"fiscalDateEnding": "2010-12-31", "reportedCurrency": "USD", "grossProfit": "7723000000", "totalRevenue": "10636000000", "costOfRevenue": "2913000000", "costofGoodsAndServicesSold": "2913000000", "operatingIncome": "3071000000", "sellingGeneralAndAdministrative": "2957000000", "researchAndDevelopment": "0", "operatingExpenses": "3904000000", "investmentIncomeNet": "None", "netInterestIncome": "None", "interestIncome": "None", "interestExpense": "557000000", "nonInterestIncome": "None", "otherNonOperatingIncome": "32000000", "depreciation": "None", "depreciationAndAmortization": "947000000", "incomeBeforeTax": "2546000000", "incomeTaxExpense": "983000000", "interestAndDebtExpense": "None", "netIncomeFromContinuingOperations": "1563000000", "comprehensiveIncomeNetOfTax": "None", "ebit": "3103000000", "ebitda": "4050000000", "netIncome": "1563000000"}, {"fiscalDateEnding": "2009-12-31", "reportedCurrency": "USD", "grossProfit": "6604000000", "totalRevenue": "9041000000", "costOfRevenue": "2437000000", "costofGoodsAndServicesSold": "2437000000", "operatingIncome": "2285000000", "sellingGeneralAndAdministrative": "2629000000", "researchAndDevelopment": "0", "operatingExpenses": "3537000000", "investmentIncomeNet": "None", "netInterestIncome": "None", "interestIncome": "None", "interestExpense": "558000000", "nonInterestIncome": "None", "otherNonOperatingIncome": "34000000", "depreciation": "None", "depreciationAndAmortization": "908000000", "incomeBeforeTax": "1761000000", "incomeTaxExpense": "624000000", "interestAndDebtExpense": "None", "netIncomeFromContinuingOperations": "2385000000", "comprehensiveIncomeNetOfTax": "None", "ebit": "2319000000", "ebitda": "3227000000", "netIncome": "1152000000"}, {"fiscalDateEnding": "2008-12-31", "reportedCurrency": "USD", "grossProfit": "7477000000", "totalRevenue": "11255000000", "costOfRevenue": "3778000000", "costofGoodsAndServicesSold": "3778000000", "operatingIncome": "2768000000", "sellingGeneralAndAdministrative": "425000000", "researchAndDevelopment": "None", "operatingExpenses": "3859000000", "investmentIncomeNet": "None", "netInterestIncome": "None", "interestIncome": "None", "interestExpense": "519000000", "nonInterestIncome": "None", "otherNonOperatingIncome": "None", "depreciation": "None", "depreciationAndAmortization": "918000000", "incomeBeforeTax": "2146000000", "incomeTaxExpense": "781000000", "interestAndDebtExpense": "None", "netIncomeFromContinuingOperations": "None", "comprehensiveIncomeNetOfTax": "None", "ebit": "2665000000", "ebitda": "3583000000", "netIncome": "1365000000"}, {"fiscalDateEnding": "2007-12-31", "reportedCurrency": "USD", "grossProfit": "7000000000", "totalRevenue": "10030000000", "costOfRevenue": "3030000000", "costofGoodsAndServicesSold": "3030000000", "operatingIncome": "2256000000", "sellingGeneralAndAdministrative": "2986000000", "researchAndDevelopment": "None", "operatingExpenses": "3842000000", "investmentIncomeNet": "None", "netInterestIncome": "None", "interestIncome": "None", "interestExpense": "417000000", "nonInterestIncome": "None", "otherNonOperatingIncome": "None", "depreciation": "None", "depreciationAndAmortization": "890000000", "incomeBeforeTax": "1932000000", "incomeTaxExpense": "706000000", "interestAndDebtExpense": "None", "netIncomeFromContinuingOperations": "None", "comprehensiveIncomeNetOfTax": "None", "ebit": "2349000000", "ebitda": "3239000000", "netIncome": "1336000000"}, {"fiscalDateEnding": "2006-12-31", "reportedCurrency": "USD", "grossProfit": "5175000000", "totalRevenue": "9566000000", "costOfRevenue": "4391000000", "costofGoodsAndServicesSold": "4391000000", "operatingIncome": "2138000000", "sellingGeneralAndAdministrative": "3512000000", "researchAndDevelopment": "None", "operatingExpenses": "8178000000", "investmentIncomeNet": "None", "netInterestIncome": "None", "interestIncome": "None", "interestExpense": "392000000", "nonInterestIncome": "None", "otherNonOperatingIncome": "None", "depreciation": "None", "depreciationAndAmortization": "867000000", "incomeBeforeTax": "1841000000", "incomeTaxExpense": "531000000", "interestAndDebtExpense": "None", "netIncomeFromContinuingOperations": "None", "comprehensiveIncomeNetOfTax": "None", "ebit": "2256000000", "ebitda": "3123000000", "netIncome": "1310000000"}, {"fiscalDateEnding": "2005-12-31", "reportedCurrency": "USD", "grossProfit": "4627000000", "totalRevenue": "8618000000", "costOfRevenue": "3991000000", "costofGoodsAndServicesSold": "3991000000", "operatingIncome": "1550000000", "sellingGeneralAndAdministrative": "3439000000", "researchAndDevelopment": "None", "operatingExpenses": "7489000000", "investmentIncomeNet": "None", "netInterestIncome": "None", "interestIncome": "None", "interestExpense": "423000000", "nonInterestIncome": "None", "otherNonOperatingIncome": "None", "depreciation": "None", "depreciationAndAmortization": "833000000", "incomeBeforeTax": "1036000000", "incomeTaxExpense": "316000000", "interestAndDebtExpense": "None", "netIncomeFromContinuingOperations": "None", "comprehensiveIncomeNetOfTax": "None", "ebit": "-2862000000", "ebitda": "-2029000000", "netIncome": "1145000000"}], "quarterlyReports": [{"fiscalDateEnding": "2025-03-31", "reportedCurrency": "USD", "grossProfit": "1041000000", "totalRevenue": "3423000000", "costOfRevenue": "2382000000", "costofGoodsAndServicesSold": "2382000000", "operatingIncome": "1038000000", "sellingGeneralAndAdministrative": "None", "researchAndDevelopment": "None", "operatingExpenses": "3000000", "investmentIncomeNet": "None", "netInterestIncome": "-209000000", "interestIncome": "None", "interestExpense": "209000000", "nonInterestIncome": "None", "otherNonOperatingIncome": "None", "depreciation": "None", "depreciationAndAmortization": "-29000000", "incomeBeforeTax": "858000000", "incomeTaxExpense": "212000000", "interestAndDebtExpense": "None", "netIncomeFromContinuingOperations": "646000000", "comprehensiveIncomeNetOfTax": "None", "ebit": "1067000000", "ebitda": "1038000000", "netIncome": "646000000"}, {"fiscalDateEnding": "2024-12-31", "reportedCurrency": "USD", "grossProfit": "1211000000", "totalRevenue": "3539000000", "costOfRevenue": "2328000000", "costofGoodsAndServicesSold": "2328000000", "operatingIncome": "1106000000", "sellingGeneralAndAdministrative": "None", "researchAndDevelopment": "None", "operatingExpenses": "105000000", "investmentIncomeNet": "None", "netInterestIncome": "-122000000", "interestIncome": "None", "interestExpense": "207000000", "nonInterestIncome": "None", "otherNonOperatingIncome": "None", "depreciation": "None", "depreciationAndAmortization": "422000000", "incomeBeforeTax": "936000000", "incomeTaxExpense": "203000000", "interestAndDebtExpense": "None", "netIncomeFromContinuingOperations": "733000000", "comprehensiveIncomeNetOfTax": "None", "ebit": "1143000000", "ebitda": "1565000000", "netIncome": "733000000"}, {"fiscalDateEnding": "2024-09-30", "reportedCurrency": "USD", "grossProfit": "1355000000", "totalRevenue": "3619000000", "costOfRevenue": "2264000000", "costofGoodsAndServicesSold": "2264000000", "operatingIncome": "1354000000", "sellingGeneralAndAdministrative": "None", "researchAndDevelopment": "None", "operatingExpenses": "1000000", "investmentIncomeNet": "None", "netInterestIncome": "-206000000", "interestIncome": "None", "interestExpense": "206000000", "nonInterestIncome": "None", "otherNonOperatingIncome": "None", "depreciation": "None", "depreciationAndAmortization": "416000000", "incomeBeforeTax": "1184000000", "incomeTaxExpense": "290000000", "interestAndDebtExpense": "None", "netIncomeFromContinuingOperations": "894000000", "comprehensiveIncomeNetOfTax": "None", "ebit": "1390000000", "ebitda": "1806000000", "netIncome": "894000000"}, {"fiscalDateEnding": "2024-06-30", "reportedCurrency": "USD", "grossProfit": "1432000000", "totalRevenue": "3701000000", "costOfRevenue": "2269000000", "costofGoodsAndServicesSold": "2269000000", "operatingIncome": "1432000000", "sellingGeneralAndAdministrative": "None", "researchAndDevelopment": "None", "operatingExpenses": "386000000", "investmentIncomeNet": "None", "netInterestIncome": "-209000000", "interestIncome": "None", "interestExpense": "209000000", "nonInterestIncome": "None", "otherNonOperatingIncome": "None", "depreciation": "None", "depreciationAndAmortization": "410000000", "incomeBeforeTax": "1267000000", "incomeTaxExpense": "304000000", "interestAndDebtExpense": "None", "netIncomeFromContinuingOperations": "963000000", "comprehensiveIncomeNetOfTax": "None", "ebit": "1452000000", "ebitda": "1862000000", "netIncome": "963000000"}, {"fiscalDateEnding": "2024-03-31", "reportedCurrency": "USD", "grossProfit": "1353000000", "totalRevenue": "3681000000", "costOfRevenue": "2328000000", "costofGoodsAndServicesSold": "2328000000", "operatingIncome": "1354000000", "sellingGeneralAndAdministrative": "None", "researchAndDevelopment": "None", "operatingExpenses": "-2327000000", "investmentIncomeNet": "None", "netInterestIncome": "-210000000", "interestIncome": "None", "interestExpense": "210000000", "nonInterestIncome": "None", "otherNonOperatingIncome": "None", "depreciation": "None", "depreciationAndAmortization": "410000000", "incomeBeforeTax": "1185000000", "incomeTaxExpense": "292000000", "interestAndDebtExpense": "None", "netIncomeFromContinuingOperations": "893000000", "comprehensiveIncomeNetOfTax": "None", "ebit": "1347000000", "ebitda": "1757000000", "netIncome": "893000000"}, {"fiscalDateEnding": "2023-12-31", "reportedCurrency": "USD", "grossProfit": "1312000000", "totalRevenue": "3680000000", "costOfRevenue": "2368000000", "costofGoodsAndServicesSold": "2368000000", "operatingIncome": "1312000000", "sellingGeneralAndAdministrative": "None", "researchAndDevelopment": "None", "operatingExpenses": "-75000000", "investmentIncomeNet": "None", "netInterestIncome": "-125000000", "interestIncome": "None", "interestExpense": "204000000", "nonInterestIncome": "None", "otherNonOperatingIncome": "None", "depreciation": "None", "depreciationAndAmortization": "417000000", "incomeBeforeTax": "1149000000", "incomeTaxExpense": "263000000", "interestAndDebtExpense": "None", "netIncomeFromContinuingOperations": "886000000", "comprehensiveIncomeNetOfTax": "None", "ebit": "1325000000", "ebitda": "1742000000", "netIncome": "886000000"}, {"fiscalDateEnding": "2023-09-30", "reportedCurrency": "USD", "grossProfit": "1289000000", "totalRevenue": "3572000000", "costOfRevenue": "2283000000", "costofGoodsAndServicesSold": "2283000000", "operatingIncome": "1295000000", "sellingGeneralAndAdministrative": "None", "researchAndDevelopment": "None", "operatingExpenses": "-2277000000", "investmentIncomeNet": "None", "netInterestIncome": "-203000000", "interestIncome": "None", "interestExpense": "203000000", "nonInterestIncome": "None", "otherNonOperatingIncome": "None", "depreciation": "None", "depreciationAndAmortization": "399000000", "incomeBeforeTax": "1126000000", "incomeTaxExpense": "280000000", "interestAndDebtExpense": "None", "netIncomeFromContinuingOperations": "846000000", "comprehensiveIncomeNetOfTax": "None", "ebit": "1295000000", "ebitda": "1694000000", "netIncome": "846000000"}, {"fiscalDateEnding": "2023-06-30", "reportedCurrency": "USD", "grossProfit": "1470000000", "totalRevenue": "3699000000", "costOfRevenue": "2229000000", "costofGoodsAndServicesSold": "2229000000", "operatingIncome": "1482000000", "sellingGeneralAndAdministrative": "None", "researchAndDevelopment": "None", "operatingExpenses": "31000000", "investmentIncomeNet": "None", "netInterestIncome": "-201000000", "interestIncome": "None", "interestExpense": "201000000", "nonInterestIncome": "None", "otherNonOperatingIncome": "31000000", "depreciation": "None", "depreciationAndAmortization": "402000000", "incomeBeforeTax": "1312000000", "incomeTaxExpense": "316000000", "interestAndDebtExpense": "None", "netIncomeFromContinuingOperations": "996000000", "comprehensiveIncomeNetOfTax": "None", "ebit": "1513000000", "ebitda": "1915000000", "netIncome": "984000000"}, {"fiscalDateEnding": "2023-03-31", "reportedCurrency": "USD", "grossProfit": "1456000000", "totalRevenue": "3706000000", "costOfRevenue": "2250000000", "costofGoodsAndServicesSold": "2250000000", "operatingIncome": "1464000000", "sellingGeneralAndAdministrative": "None", "researchAndDevelopment": "None", "operatingExpenses": "41000000", "investmentIncomeNet": "None", "netInterestIncome": "-201000000", "interestIncome": "None", "interestExpense": "201000000", "nonInterestIncome": "None", "otherNonOperatingIncome": "41000000", "depreciation": "None", "depreciationAndAmortization": "393000000", "incomeBeforeTax": "1304000000", "incomeTaxExpense": "317000000", "interestAndDebtExpense": "None", "netIncomeFromContinuingOperations": "987000000", "comprehensiveIncomeNetOfTax": "None", "ebit": "1445000000", "ebitda": "1838000000", "netIncome": "987000000"}, {"fiscalDateEnding": "2022-12-31", "reportedCurrency": "USD", "grossProfit": "1404000000", "totalRevenue": "3730000000", "costOfRevenue": "2326000000", "costofGoodsAndServicesSold": "2326000000", "operatingIncome": "1459000000", "sellingGeneralAndAdministrative": "None", "researchAndDevelopment": "None", "operatingExpenses": "44000000", "investmentIncomeNet": "None", "netInterestIncome": "-199000000", "interestIncome": "None", "interestExpense": "199000000", "nonInterestIncome": "None", "otherNonOperatingIncome": "44000000", "depreciation": "None", "depreciationAndAmortization": "393000000", "incomeBeforeTax": "1304000000", "incomeTaxExpense": "286000000", "interestAndDebtExpense": "None", "netIncomeFromContinuingOperations": "1018000000", "comprehensiveIncomeNetOfTax": "None", "ebit": "1453000000", "ebitda": "1846000000", "netIncome": "1018000000"}, {"fiscalDateEnding": "2022-09-30", "reportedCurrency": "USD", "grossProfit": "1552000000", "totalRevenue": "3895000000", "costOfRevenue": "2343000000", "costofGoodsAndServicesSold": "2343000000", "operatingIncome": "1579000000", "sellingGeneralAndAdministrative": "None", "researchAndDevelopment": "None", "operatingExpenses": "37000000", "investmentIncomeNet": "None", "netInterestIncome": "-193000000", "interestIncome": "None", "interestExpense": "193000000", "nonInterestIncome": "None", "otherNonOperatingIncome": "37000000", "depreciation": "None", "depreciationAndAmortization": "378000000", "incomeBeforeTax": "1423000000", "incomeTaxExpense": "312000000", "interestAndDebtExpense": "None", "netIncomeFromContinuingOperations": "1111000000", "comprehensiveIncomeNetOfTax": "None", "ebit": "1571000000", "ebitda": "1949000000", "netIncome": "1111000000"}, {"fiscalDateEnding": "2022-06-30", "reportedCurrency": "USD", "grossProfit": "1574000000", "totalRevenue": "3815000000", "costOfRevenue": "2241000000", "costofGoodsAndServicesSold": "2241000000", "operatingIncome": "1703000000", "sellingGeneralAndAdministrative": "None", "researchAndDevelopment": "None", "operatingExpenses": "250000000", "investmentIncomeNet": "None", "netInterestIncome": "-171000000", "interestIncome": "None", "interestExpense": "171000000", "nonInterestIncome": "None", "otherNonOperatingIncome": "26000000", "depreciation": "None", "depreciationAndAmortization": "369000000", "incomeBeforeTax": "1558000000", "incomeTaxExpense": "380000000", "interestAndDebtExpense": "None", "netIncomeFromContinuingOperations": "1178000000", "comprehensiveIncomeNetOfTax": "None", "ebit": "1610000000", "ebitda": "1979000000", "netIncome": "1178000000"}, {"fiscalDateEnding": "2022-03-31", "reportedCurrency": "USD", "grossProfit": "1255000000", "totalRevenue": "3413000000", "costOfRevenue": "2158000000", "costofGoodsAndServicesSold": "2158000000", "operatingIncome": "1282000000", "sellingGeneralAndAdministrative": "None", "researchAndDevelopment": "None", "operatingExpenses": "26000000", "investmentIncomeNet": "None", "netInterestIncome": "-179000000", "interestIncome": "None", "interestExpense": "179000000", "nonInterestIncome": "None", "otherNonOperatingIncome": "26000000", "depreciation": "None", "depreciationAndAmortization": "360000000", "incomeBeforeTax": "1129000000", "incomeTaxExpense": "270000000", "interestAndDebtExpense": "None", "netIncomeFromContinuingOperations": "859000000", "comprehensiveIncomeNetOfTax": "None", "ebit": "1274000000", "ebitda": "1634000000", "netIncome": "859000000"}, {"fiscalDateEnding": "2021-12-31", "reportedCurrency": "USD", "grossProfit": "1342000000", "totalRevenue": "3427000000", "costOfRevenue": "2085000000", "costofGoodsAndServicesSold": "2085000000", "operatingIncome": "1361000000", "sellingGeneralAndAdministrative": "None", "researchAndDevelopment": "None", "operatingExpenses": "-10588000000", "investmentIncomeNet": "None", "netInterestIncome": "-180000000", "interestIncome": "None", "interestExpense": "180000000", "nonInterestIncome": "None", "otherNonOperatingIncome": "39000000", "depreciation": "None", "depreciationAndAmortization": "360000000", "incomeBeforeTax": "1205000000", "incomeTaxExpense": "271000000", "interestAndDebtExpense": "None", "netIncomeFromContinuingOperations": "934000000", "comprehensiveIncomeNetOfTax": "None", "ebit": "1386000000", "ebitda": "1746000000", "netIncome": "934000000"}, {"fiscalDateEnding": "2021-09-30", "reportedCurrency": "USD", "grossProfit": "1376000000", "totalRevenue": "3292000000", "costOfRevenue": "1916000000", "costofGoodsAndServicesSold": "1916000000", "operatingIncome": "1436000000", "sellingGeneralAndAdministrative": "None", "researchAndDevelopment": "None", "operatingExpenses": "20000000", "investmentIncomeNet": "None", "netInterestIncome": "-177000000", "interestIncome": "None", "interestExpense": "177000000", "nonInterestIncome": "None", "otherNonOperatingIncome": "None", "depreciation": "None", "depreciationAndAmortization": "367000000", "incomeBeforeTax": "1279000000", "incomeTaxExpense": "311000000", "interestAndDebtExpense": "None", "netIncomeFromContinuingOperations": "968000000", "comprehensiveIncomeNetOfTax": "None", "ebit": "1393000000", "ebitda": "1760000000", "netIncome": "968000000"}, {"fiscalDateEnding": "2021-06-30", "reportedCurrency": "USD", "grossProfit": "1324000000", "totalRevenue": "2990000000", "costOfRevenue": "1666000000", "costofGoodsAndServicesSold": "1666000000", "operatingIncome": "1691000000", "sellingGeneralAndAdministrative": "None", "researchAndDevelopment": "None", "operatingExpenses": "20000000", "investmentIncomeNet": "None", "netInterestIncome": "-181000000", "interestIncome": "None", "interestExpense": "181000000", "nonInterestIncome": "None", "otherNonOperatingIncome": "20000000", "depreciation": "None", "depreciationAndAmortization": "348000000", "incomeBeforeTax": "1530000000", "incomeTaxExpense": "357000000", "interestAndDebtExpense": "None", "netIncomeFromContinuingOperations": "1173000000", "comprehensiveIncomeNetOfTax": "None", "ebit": "1341000000", "ebitda": "1689000000", "netIncome": "1173000000"}, {"fiscalDateEnding": "2021-03-31", "reportedCurrency": "USD", "grossProfit": "1101000000", "totalRevenue": "2813000000", "costOfRevenue": "1712000000", "costofGoodsAndServicesSold": "1712000000", "operatingIncome": "1101000000", "sellingGeneralAndAdministrative": "None", "researchAndDevelopment": "None", "operatingExpenses": "20000000", "investmentIncomeNet": "None", "netInterestIncome": "-184000000", "interestIncome": "None", "interestExpense": "184000000", "nonInterestIncome": "None", "otherNonOperatingIncome": "20000000", "depreciation": "None", "depreciationAndAmortization": "345000000", "incomeBeforeTax": "937000000", "incomeTaxExpense": "231000000", "interestAndDebtExpense": "None", "netIncomeFromContinuingOperations": "706000000", "comprehensiveIncomeNetOfTax": "None", "ebit": "1121000000", "ebitda": "1466000000", "netIncome": "706000000"}, {"fiscalDateEnding": "2020-12-31", "reportedCurrency": "USD", "grossProfit": "1215000000", "totalRevenue": "2825000000", "costOfRevenue": "1610000000", "costofGoodsAndServicesSold": "1610000000", "operatingIncome": "1215000000", "sellingGeneralAndAdministrative": "None", "researchAndDevelopment": "None", "operatingExpenses": "-9222000000", "investmentIncomeNet": "None", "netInterestIncome": "-189000000", "interestIncome": "None", "interestExpense": "189000000", "nonInterestIncome": "None", "otherNonOperatingIncome": "-10000000", "depreciation": "None", "depreciationAndAmortization": "347000000", "incomeBeforeTax": "994000000", "incomeTaxExpense": "234000000", "interestAndDebtExpense": "None", "netIncomeFromContinuingOperations": "760000000", "comprehensiveIncomeNetOfTax": "None", "ebit": "1183000000", "ebitda": "1530000000", "netIncome": "760000000"}, {"fiscalDateEnding": "2020-09-30", "reportedCurrency": "USD", "grossProfit": "1141000000", "totalRevenue": "2648000000", "costOfRevenue": "1507000000", "costofGoodsAndServicesSold": "1507000000", "operatingIncome": "1141000000", "sellingGeneralAndAdministrative": "None", "researchAndDevelopment": "None", "operatingExpenses": "14000000", "investmentIncomeNet": "None", "netInterestIncome": "-187000000", "interestIncome": "None", "interestExpense": "187000000", "nonInterestIncome": "None", "otherNonOperatingIncome": "14000000", "depreciation": "None", "depreciationAndAmortization": "348000000", "incomeBeforeTax": "968000000", "incomeTaxExpense": "232000000", "interestAndDebtExpense": "None", "netIncomeFromContinuingOperations": "736000000", "comprehensiveIncomeNetOfTax": "None", "ebit": "1155000000", "ebitda": "1503000000", "netIncome": "736000000"}, {"fiscalDateEnding": "2020-06-30", "reportedCurrency": "USD", "grossProfit": "828000000", "totalRevenue": "2255000000", "costOfRevenue": "1427000000", "costofGoodsAndServicesSold": "1427000000", "operatingIncome": "828000000", "sellingGeneralAndAdministrative": "585000000", "researchAndDevelopment": "None", "operatingExpenses": "15000000", "investmentIncomeNet": "None", "netInterestIncome": "-191000000", "interestIncome": "191000000", "interestExpense": "191000000", "nonInterestIncome": "None", "otherNonOperatingIncome": "15000000", "depreciation": "None", "depreciationAndAmortization": "344000000", "incomeBeforeTax": "652000000", "incomeTaxExpense": "153000000", "interestAndDebtExpense": "None", "netIncomeFromContinuingOperations": "499000000", "comprehensiveIncomeNetOfTax": "None", "ebit": "843000000", "ebitda": "1187000000", "netIncome": "499000000"}, {"fiscalDateEnding": "2020-03-31", "reportedCurrency": "USD", "grossProfit": "1178000000", "totalRevenue": "2855000000", "costOfRevenue": "1677000000", "costofGoodsAndServicesSold": "1677000000", "operatingIncome": "1178000000", "sellingGeneralAndAdministrative": "687000000", "researchAndDevelopment": "None", "operatingExpenses": "22000000", "investmentIncomeNet": "None", "netInterestIncome": "-187000000", "interestIncome": "187000000", "interestExpense": "187000000", "nonInterestIncome": "None", "otherNonOperatingIncome": "None", "depreciation": "None", "depreciationAndAmortization": "344000000", "incomeBeforeTax": "1013000000", "incomeTaxExpense": "243000000", "interestAndDebtExpense": "None", "netIncomeFromContinuingOperations": "770000000", "comprehensiveIncomeNetOfTax": "None", "ebit": "1200000000", "ebitda": "1544000000", "netIncome": "770000000"}, {"fiscalDateEnding": "2019-12-31", "reportedCurrency": "USD", "grossProfit": "1130000000", "totalRevenue": "2885000000", "costOfRevenue": "1755000000", "costofGoodsAndServicesSold": "1755000000", "operatingIncome": "1154000000", "sellingGeneralAndAdministrative": "759000000", "researchAndDevelopment": "None", "operatingExpenses": "-10616000000", "investmentIncomeNet": "None", "netInterestIncome": "-141000000", "interestIncome": "189000000", "interestExpense": "189000000", "nonInterestIncome": "None", "otherNonOperatingIncome": "16000000", "depreciation": "None", "depreciationAndAmortization": "344000000", "incomeBeforeTax": "981000000", "incomeTaxExpense": "210000000", "interestAndDebtExpense": "None", "netIncomeFromContinuingOperations": "771000000", "comprehensiveIncomeNetOfTax": "None", "ebit": "1170000000", "ebitda": "1514000000", "netIncome": "771000000"}, {"fiscalDateEnding": "2019-09-30", "reportedCurrency": "USD", "grossProfit": "1260000000", "totalRevenue": "2978000000", "costOfRevenue": "1718000000", "costofGoodsAndServicesSold": "1718000000", "operatingIncome": "1287000000", "sellingGeneralAndAdministrative": "1026000000", "researchAndDevelopment": "None", "operatingExpenses": "24000000", "investmentIncomeNet": "None", "netInterestIncome": "-186000000", "interestIncome": "186000000", "interestExpense": "186000000", "nonInterestIncome": "None", "otherNonOperatingIncome": "24000000", "depreciation": "None", "depreciationAndAmortization": "338000000", "incomeBeforeTax": "1125000000", "incomeTaxExpense": "269000000", "interestAndDebtExpense": "None", "netIncomeFromContinuingOperations": "856000000", "comprehensiveIncomeNetOfTax": "None", "ebit": "1311000000", "ebitda": "1649000000", "netIncome": "856000000"}, {"fiscalDateEnding": "2019-06-30", "reportedCurrency": "USD", "grossProfit": "1284000000", "totalRevenue": "3061000000", "costOfRevenue": "1777000000", "costofGoodsAndServicesSold": "1777000000", "operatingIncome": "1305000000", "sellingGeneralAndAdministrative": "1082000000", "researchAndDevelopment": "None", "operatingExpenses": "25000000", "investmentIncomeNet": "None", "netInterestIncome": "-184000000", "interestIncome": "184000000", "interestExpense": "184000000", "nonInterestIncome": "None", "otherNonOperatingIncome": "25000000", "depreciation": "None", "depreciationAndAmortization": "337000000", "incomeBeforeTax": "1146000000", "incomeTaxExpense": "276000000", "interestAndDebtExpense": "None", "netIncomeFromContinuingOperations": "870000000", "comprehensiveIncomeNetOfTax": "None", "ebit": "1330000000", "ebitda": "1667000000", "netIncome": "870000000"}, {"fiscalDateEnding": "2019-03-31", "reportedCurrency": "USD", "grossProfit": "1200000000", "totalRevenue": "3013000000", "costOfRevenue": "1813000000", "costofGoodsAndServicesSold": "1813000000", "operatingIncome": "1219000000", "sellingGeneralAndAdministrative": "1131000000", "researchAndDevelopment": "None", "operatingExpenses": "23000000", "investmentIncomeNet": "None", "netInterestIncome": "-178000000", "interestIncome": "None", "interestExpense": "178000000", "nonInterestIncome": "None", "otherNonOperatingIncome": "23000000", "depreciation": "None", "depreciationAndAmortization": "330000000", "incomeBeforeTax": "1064000000", "incomeTaxExpense": "230000000", "interestAndDebtExpense": "None", "netIncomeFromContinuingOperations": "834000000", "comprehensiveIncomeNetOfTax": "None", "ebit": "1242000000", "ebitda": "1572000000", "netIncome": "834000000"}, {"fiscalDateEnding": "2018-12-31", "reportedCurrency": "USD", "grossProfit": "1232000000", "totalRevenue": "3143000000", "costOfRevenue": "1911000000", "costofGoodsAndServicesSold": "1911000000", "operatingIncome": "1249000000", "sellingGeneralAndAdministrative": "1203000000", "researchAndDevelopment": "0", "operatingExpenses": "-11132000000", "investmentIncomeNet": "None", "netInterestIncome": "None", "interestIncome": "None", "interestExpense": "171000000", "nonInterestIncome": "None", "otherNonOperatingIncome": "20000000", "depreciation": "None", "depreciationAndAmortization": "345000000", "incomeBeforeTax": "1098000000", "incomeTaxExpense": "255000000", "interestAndDebtExpense": "None", "netIncomeFromContinuingOperations": "843000000", "comprehensiveIncomeNetOfTax": "None", "ebit": "1269000000", "ebitda": "1614000000", "netIncome": "843000000"}, {"fiscalDateEnding": "2018-09-30", "reportedCurrency": "USD", "grossProfit": "1269000000", "totalRevenue": "3129000000", "costOfRevenue": "1860000000", "costofGoodsAndServicesSold": "1860000000", "operatingIncome": "1293000000", "sellingGeneralAndAdministrative": "1145000000", "researchAndDevelopment": "0", "operatingExpenses": "19000000", "investmentIncomeNet": "None", "netInterestIncome": "None", "interestIncome": "None", "interestExpense": "162000000", "nonInterestIncome": "None", "otherNonOperatingIncome": "19000000", "depreciation": "None", "depreciationAndAmortization": "334000000", "incomeBeforeTax": "1150000000", "incomeTaxExpense": "256000000", "interestAndDebtExpense": "None", "netIncomeFromContinuingOperations": "894000000", "comprehensiveIncomeNetOfTax": "None", "ebit": "1312000000", "ebitda": "1646000000", "netIncome": "894000000"}, {"fiscalDateEnding": "2018-06-30", "reportedCurrency": "USD", "grossProfit": "1253000000", "totalRevenue": "3102000000", "costOfRevenue": "1849000000", "costofGoodsAndServicesSold": "1849000000", "operatingIncome": "1283000000", "sellingGeneralAndAdministrative": "1108000000", "researchAndDevelopment": "0", "operatingExpenses": "18000000", "investmentIncomeNet": "None", "netInterestIncome": "None", "interestIncome": "None", "interestExpense": "157000000", "nonInterestIncome": "None", "otherNonOperatingIncome": "18000000", "depreciation": "None", "depreciationAndAmortization": "329000000", "incomeBeforeTax": "1144000000", "incomeTaxExpense": "267000000", "interestAndDebtExpense": "None", "netIncomeFromContinuingOperations": "877000000", "comprehensiveIncomeNetOfTax": "None", "ebit": "1301000000", "ebitda": "1630000000", "netIncome": "877000000"}, {"fiscalDateEnding": "2018-03-31", "reportedCurrency": "USD", "grossProfit": "1019000000", "totalRevenue": "2876000000", "costOfRevenue": "1857000000", "costofGoodsAndServicesSold": "1857000000", "operatingIncome": "1044000000", "sellingGeneralAndAdministrative": "1153000000", "researchAndDevelopment": "0", "operatingExpenses": "17000000", "investmentIncomeNet": "None", "netInterestIncome": "None", "interestIncome": "None", "interestExpense": "149000000", "nonInterestIncome": "None", "otherNonOperatingIncome": "17000000", "depreciation": "None", "depreciationAndAmortization": "323000000", "incomeBeforeTax": "912000000", "incomeTaxExpense": "217000000", "interestAndDebtExpense": "None", "netIncomeFromContinuingOperations": "695000000", "comprehensiveIncomeNetOfTax": "None", "ebit": "1061000000", "ebitda": "1384000000", "netIncome": "695000000"}, {"fiscalDateEnding": "2017-12-31", "reportedCurrency": "USD", "grossProfit": "931000000", "totalRevenue": "2863000000", "costOfRevenue": "1932000000", "costofGoodsAndServicesSold": "1932000000", "operatingIncome": "1121000000", "sellingGeneralAndAdministrative": "986000000", "researchAndDevelopment": "0", "operatingExpenses": "-11406000000", "investmentIncomeNet": "None", "netInterestIncome": "None", "interestIncome": "None", "interestExpense": "140000000", "nonInterestIncome": "None", "otherNonOperatingIncome": "21000000", "depreciation": "None", "depreciationAndAmortization": "337000000", "incomeBeforeTax": "983000000", "incomeTaxExpense": "-3157000000", "interestAndDebtExpense": "None", "netIncomeFromContinuingOperations": "4140000000", "comprehensiveIncomeNetOfTax": "None", "ebit": "1004000000", "ebitda": "1341000000", "netIncome": "4140000000"}, {"fiscalDateEnding": "2017-09-30", "reportedCurrency": "USD", "grossProfit": "877000000", "totalRevenue": "2743000000", "costOfRevenue": "1866000000", "costofGoodsAndServicesSold": "1866000000", "operatingIncome": "876000000", "sellingGeneralAndAdministrative": "1233000000", "researchAndDevelopment": "0", "operatingExpenses": "6000000", "investmentIncomeNet": "None", "netInterestIncome": "None", "interestIncome": "None", "interestExpense": "132000000", "nonInterestIncome": "None", "otherNonOperatingIncome": "None", "depreciation": "None", "depreciationAndAmortization": "331000000", "incomeBeforeTax": "750000000", "incomeTaxExpense": "291000000", "interestAndDebtExpense": "None", "netIncomeFromContinuingOperations": "459000000", "comprehensiveIncomeNetOfTax": "None", "ebit": "858000000", "ebitda": "1189000000", "netIncome": "459000000"}, {"fiscalDateEnding": "2017-06-30", "reportedCurrency": "USD", "grossProfit": "1080000000", "totalRevenue": "2933000000", "costOfRevenue": "1853000000", "costofGoodsAndServicesSold": "1853000000", "operatingIncome": "958000000", "sellingGeneralAndAdministrative": "1233000000", "researchAndDevelopment": "0", "operatingExpenses": "6000000", "investmentIncomeNet": "None", "netInterestIncome": "None", "interestIncome": "None", "interestExpense": "137000000", "nonInterestIncome": "None", "otherNonOperatingIncome": "None", "depreciation": "None", "depreciationAndAmortization": "327000000", "incomeBeforeTax": "827000000", "incomeTaxExpense": "317000000", "interestAndDebtExpense": "None", "netIncomeFromContinuingOperations": "510000000", "comprehensiveIncomeNetOfTax": "None", "ebit": "1056000000", "ebitda": "1383000000", "netIncome": "510000000"}, {"fiscalDateEnding": "2017-03-31", "reportedCurrency": "USD", "grossProfit": "885000000", "totalRevenue": "2869000000", "costOfRevenue": "1984000000", "costofGoodsAndServicesSold": "1984000000", "operatingIncome": "712000000", "sellingGeneralAndAdministrative": "1356000000", "researchAndDevelopment": "0", "operatingExpenses": "7000000", "investmentIncomeNet": "None", "netInterestIncome": "None", "interestIncome": "None", "interestExpense": "137000000", "nonInterestIncome": "None", "otherNonOperatingIncome": "None", "depreciation": "None", "depreciationAndAmortization": "320000000", "incomeBeforeTax": "582000000", "incomeTaxExpense": "220000000", "interestAndDebtExpense": "None", "netIncomeFromContinuingOperations": "362000000", "comprehensiveIncomeNetOfTax": "None", "ebit": "866000000", "ebitda": "1186000000", "netIncome": "362000000"}, {"fiscalDateEnding": "2016-12-31", "reportedCurrency": "USD", "grossProfit": "1004000000", "totalRevenue": "3037000000", "costOfRevenue": "2033000000", "costofGoodsAndServicesSold": "2033000000", "operatingIncome": "1004000000", "sellingGeneralAndAdministrative": "975000000", "researchAndDevelopment": "0", "operatingExpenses": "-11294000000", "investmentIncomeNet": "None", "netInterestIncome": "None", "interestIncome": "None", "interestExpense": "156000000", "nonInterestIncome": "None", "otherNonOperatingIncome": "None", "depreciation": "None", "depreciationAndAmortization": "348000000", "incomeBeforeTax": "751000000", "incomeTaxExpense": "293000000", "interestAndDebtExpense": "None", "netIncomeFromContinuingOperations": "458000000", "comprehensiveIncomeNetOfTax": "None", "ebit": "954000000", "ebitda": "1302000000", "netIncome": "458000000"}, {"fiscalDateEnding": "2016-09-30", "reportedCurrency": "USD", "grossProfit": "841000000", "totalRevenue": "2710000000", "costOfRevenue": "1869000000", "costofGoodsAndServicesSold": "1869000000", "operatingIncome": "841000000", "sellingGeneralAndAdministrative": "867000000", "researchAndDevelopment": "0", "operatingExpenses": "13000000", "investmentIncomeNet": "None", "netInterestIncome": "None", "interestIncome": "None", "interestExpense": "139000000", "nonInterestIncome": "None", "otherNonOperatingIncome": "None", "depreciation": "None", "depreciationAndAmortization": "321000000", "incomeBeforeTax": "715000000", "incomeTaxExpense": "260000000", "interestAndDebtExpense": "None", "netIncomeFromContinuingOperations": "455000000", "comprehensiveIncomeNetOfTax": "None", "ebit": "854000000", "ebitda": "1175000000", "netIncome": "455000000"}, {"fiscalDateEnding": "2016-06-30", "reportedCurrency": "USD", "grossProfit": "840000000", "totalRevenue": "2704000000", "costOfRevenue": "1864000000", "costofGoodsAndServicesSold": "1864000000", "operatingIncome": "840000000", "sellingGeneralAndAdministrative": "854000000", "researchAndDevelopment": "0", "operatingExpenses": "8000000", "investmentIncomeNet": "None", "netInterestIncome": "None", "interestIncome": "None", "interestExpense": "141000000", "nonInterestIncome": "None", "otherNonOperatingIncome": "None", "depreciation": "None", "depreciationAndAmortization": "319000000", "incomeBeforeTax": "707000000", "incomeTaxExpense": "262000000", "interestAndDebtExpense": "None", "netIncomeFromContinuingOperations": "445000000", "comprehensiveIncomeNetOfTax": "None", "ebit": "840000000", "ebitda": "1159000000", "netIncome": "445000000"}, {"fiscalDateEnding": "2016-03-31", "reportedCurrency": "USD", "grossProfit": "704000000", "totalRevenue": "2618000000", "costOfRevenue": "1914000000", "costofGoodsAndServicesSold": "1914000000", "operatingIncome": "704000000", "sellingGeneralAndAdministrative": "901000000", "researchAndDevelopment": "0", "operatingExpenses": "7000000", "investmentIncomeNet": "None", "netInterestIncome": "None", "interestIncome": "None", "interestExpense": "143000000", "nonInterestIncome": "None", "otherNonOperatingIncome": "None", "depreciation": "None", "depreciationAndAmortization": "313000000", "incomeBeforeTax": "568000000", "incomeTaxExpense": "212000000", "interestAndDebtExpense": "None", "netIncomeFromContinuingOperations": "356000000", "comprehensiveIncomeNetOfTax": "None", "ebit": "704000000", "ebitda": "1017000000", "netIncome": "356000000"}, {"fiscalDateEnding": "2015-12-31", "reportedCurrency": "USD", "grossProfit": "791000000", "totalRevenue": "2781000000", "costOfRevenue": "1990000000", "costofGoodsAndServicesSold": "1990000000", "operatingIncome": "791000000", "sellingGeneralAndAdministrative": "907000000", "researchAndDevelopment": "0", "operatingExpenses": "-12474000000", "investmentIncomeNet": "None", "netInterestIncome": "None", "interestIncome": "None", "interestExpense": "140000000", "nonInterestIncome": "None", "otherNonOperatingIncome": "None", "depreciation": "None", "depreciationAndAmortization": "312000000", "incomeBeforeTax": "741000000", "incomeTaxExpense": "275000000", "interestAndDebtExpense": "None", "netIncomeFromContinuingOperations": "466000000", "comprehensiveIncomeNetOfTax": "None", "ebit": "835000000", "ebitda": "1147000000", "netIncome": "466000000"}, {"fiscalDateEnding": "2015-09-30", "reportedCurrency": "USD", "grossProfit": "933000000", "totalRevenue": "2939000000", "costOfRevenue": "2006000000", "costofGoodsAndServicesSold": "2006000000", "operatingIncome": "933000000", "sellingGeneralAndAdministrative": "901000000", "researchAndDevelopment": "0", "operatingExpenses": "2000000", "investmentIncomeNet": "None", "netInterestIncome": "None", "interestIncome": "None", "interestExpense": "136000000", "nonInterestIncome": "None", "otherNonOperatingIncome": "None", "depreciation": "None", "depreciationAndAmortization": "302000000", "incomeBeforeTax": "799000000", "incomeTaxExpense": "292000000", "interestAndDebtExpense": "None", "netIncomeFromContinuingOperations": "507000000", "comprehensiveIncomeNetOfTax": "None", "ebit": "933000000", "ebitda": "1235000000", "netIncome": "507000000"}, {"fiscalDateEnding": "2015-06-30", "reportedCurrency": "USD", "grossProfit": "1017000000", "totalRevenue": "3064000000", "costOfRevenue": "2047000000", "costofGoodsAndServicesSold": "2047000000", "operatingIncome": "1017000000", "sellingGeneralAndAdministrative": "926000000", "researchAndDevelopment": "0", "operatingExpenses": "4000000", "investmentIncomeNet": "None", "netInterestIncome": "None", "interestIncome": "None", "interestExpense": "134000000", "nonInterestIncome": "None", "otherNonOperatingIncome": "4000000", "depreciation": "None", "depreciationAndAmortization": "299000000", "incomeBeforeTax": "887000000", "incomeTaxExpense": "334000000", "interestAndDebtExpense": "None", "netIncomeFromContinuingOperations": "553000000", "comprehensiveIncomeNetOfTax": "None", "ebit": "1017000000", "ebitda": "1316000000", "netIncome": "553000000"}, {"fiscalDateEnding": "2015-03-31", "reportedCurrency": "USD", "grossProfit": "843000000", "totalRevenue": "3027000000", "costOfRevenue": "2184000000", "costofGoodsAndServicesSold": "2184000000", "operatingIncome": "843000000", "sellingGeneralAndAdministrative": "992000000", "researchAndDevelopment": "0", "operatingExpenses": "2000000", "investmentIncomeNet": "None", "netInterestIncome": "None", "interestIncome": "None", "interestExpense": "134000000", "nonInterestIncome": "None", "otherNonOperatingIncome": "2000000", "depreciation": "None", "depreciationAndAmortization": "295000000", "incomeBeforeTax": "711000000", "incomeTaxExpense": "269000000", "interestAndDebtExpense": "None", "netIncomeFromContinuingOperations": "442000000", "comprehensiveIncomeNetOfTax": "None", "ebit": "850000000", "ebitda": "1145000000", "netIncome": "442000000"}, {"fiscalDateEnding": "2014-12-31", "reportedCurrency": "USD", "grossProfit": "901000000", "totalRevenue": "3192000000", "costOfRevenue": "2291000000", "costofGoodsAndServicesSold": "2291000000", "operatingIncome": "901000000", "sellingGeneralAndAdministrative": "1016000000", "researchAndDevelopment": "0", "operatingExpenses": "-13530000000", "investmentIncomeNet": "None", "netInterestIncome": "None", "interestIncome": "None", "interestExpense": "133000000", "nonInterestIncome": "None", "otherNonOperatingIncome": "7000000", "depreciation": "None", "depreciationAndAmortization": "290000000", "incomeBeforeTax": "775000000", "incomeTaxExpense": "284000000", "interestAndDebtExpense": "None", "netIncomeFromContinuingOperations": "491000000", "comprehensiveIncomeNetOfTax": "None", "ebit": "940000000", "ebitda": "1230000000", "netIncome": "491000000"}, {"fiscalDateEnding": "2014-09-30", "reportedCurrency": "USD", "grossProfit": "976000000", "totalRevenue": "3221000000", "costOfRevenue": "2245000000", "costofGoodsAndServicesSold": "2245000000", "operatingIncome": "976000000", "sellingGeneralAndAdministrative": "951000000", "researchAndDevelopment": "0", "operatingExpenses": "-26000000", "investmentIncomeNet": "None", "netInterestIncome": "None", "interestIncome": "None", "interestExpense": "137000000", "nonInterestIncome": "None", "otherNonOperatingIncome": "-26000000", "depreciation": "None", "depreciationAndAmortization": "291000000", "incomeBeforeTax": "813000000", "incomeTaxExpense": "304000000", "interestAndDebtExpense": "None", "netIncomeFromContinuingOperations": "509000000", "comprehensiveIncomeNetOfTax": "None", "ebit": "976000000", "ebitda": "1267000000", "netIncome": "509000000"}, {"fiscalDateEnding": "2014-06-30", "reportedCurrency": "USD", "grossProfit": "997000000", "totalRevenue": "3244000000", "costOfRevenue": "2247000000", "costofGoodsAndServicesSold": "2247000000", "operatingIncome": "997000000", "sellingGeneralAndAdministrative": "923000000", "researchAndDevelopment": "0", "operatingExpenses": "-12000000", "investmentIncomeNet": "None", "netInterestIncome": "None", "interestIncome": "None", "interestExpense": "135000000", "nonInterestIncome": "None", "otherNonOperatingIncome": "-12000000", "depreciation": "None", "depreciationAndAmortization": "287000000", "incomeBeforeTax": "850000000", "incomeTaxExpense": "321000000", "interestAndDebtExpense": "None", "netIncomeFromContinuingOperations": "529000000", "comprehensiveIncomeNetOfTax": "None", "ebit": "997000000", "ebitda": "1284000000", "netIncome": "529000000"}, {"fiscalDateEnding": "2014-03-31", "reportedCurrency": "USD", "grossProfit": "739000000", "totalRevenue": "3012000000", "costOfRevenue": "2273000000", "costofGoodsAndServicesSold": "2273000000", "operatingIncome": "739000000", "sellingGeneralAndAdministrative": "915000000", "researchAndDevelopment": "0", "operatingExpenses": "7000000", "investmentIncomeNet": "None", "netInterestIncome": "None", "interestIncome": "None", "interestExpense": "140000000", "nonInterestIncome": "None", "otherNonOperatingIncome": "7000000", "depreciation": "None", "depreciationAndAmortization": "283000000", "incomeBeforeTax": "606000000", "incomeTaxExpense": "208000000", "interestAndDebtExpense": "None", "netIncomeFromContinuingOperations": "398000000", "comprehensiveIncomeNetOfTax": "None", "ebit": "739000000", "ebitda": "1022000000", "netIncome": "398000000"}, {"fiscalDateEnding": "2013-12-31", "reportedCurrency": "USD", "grossProfit": "781000000", "totalRevenue": "3000000000", "costOfRevenue": "2219000000", "costofGoodsAndServicesSold": "2219000000", "operatingIncome": "813000000", "sellingGeneralAndAdministrative": "898000000", "researchAndDevelopment": "0", "operatingExpenses": "-12668000000", "investmentIncomeNet": "None", "netInterestIncome": "None", "interestIncome": "None", "interestExpense": "139000000", "nonInterestIncome": "None", "otherNonOperatingIncome": "None", "depreciation": "None", "depreciationAndAmortization": "281000000", "incomeBeforeTax": "642000000", "incomeTaxExpense": "235000000", "interestAndDebtExpense": "None", "netIncomeFromContinuingOperations": "407000000", "comprehensiveIncomeNetOfTax": "None", "ebit": "781000000", "ebitda": "1062000000", "netIncome": "426000000"}, {"fiscalDateEnding": "2013-09-30", "reportedCurrency": "USD", "grossProfit": "854000000", "totalRevenue": "2999000000", "costOfRevenue": "2145000000", "costofGoodsAndServicesSold": "2145000000", "operatingIncome": "854000000", "sellingGeneralAndAdministrative": "885000000", "researchAndDevelopment": "0", "operatingExpenses": "5000000", "investmentIncomeNet": "None", "netInterestIncome": "None", "interestIncome": "None", "interestExpense": "136000000", "nonInterestIncome": "None", "otherNonOperatingIncome": "5000000", "depreciation": "None", "depreciationAndAmortization": "277000000", "incomeBeforeTax": "723000000", "incomeTaxExpense": "260000000", "interestAndDebtExpense": "None", "netIncomeFromContinuingOperations": "463000000", "comprehensiveIncomeNetOfTax": "None", "ebit": "840000000", "ebitda": "1117000000", "netIncome": "463000000"}, {"fiscalDateEnding": "2013-06-30", "reportedCurrency": "USD", "grossProfit": "963000000", "totalRevenue": "3069000000", "costOfRevenue": "2106000000", "costofGoodsAndServicesSold": "2106000000", "operatingIncome": "963000000", "sellingGeneralAndAdministrative": "873000000", "researchAndDevelopment": "0", "operatingExpenses": "9000000", "investmentIncomeNet": "None", "netInterestIncome": "None", "interestIncome": "None", "interestExpense": "140000000", "nonInterestIncome": "None", "otherNonOperatingIncome": "9000000", "depreciation": "None", "depreciationAndAmortization": "276000000", "incomeBeforeTax": "832000000", "incomeTaxExpense": "297000000", "interestAndDebtExpense": "None", "netIncomeFromContinuingOperations": "535000000", "comprehensiveIncomeNetOfTax": "None", "ebit": "949000000", "ebitda": "1225000000", "netIncome": "535000000"}, {"fiscalDateEnding": "2013-03-31", "reportedCurrency": "USD", "grossProfit": "875000000", "totalRevenue": "2958000000", "costOfRevenue": "2083000000", "costofGoodsAndServicesSold": "2083000000", "operatingIncome": "875000000", "sellingGeneralAndAdministrative": "862000000", "researchAndDevelopment": "0", "operatingExpenses": "-3000000", "investmentIncomeNet": "None", "netInterestIncome": "None", "interestIncome": "None", "interestExpense": "147000000", "nonInterestIncome": "None", "otherNonOperatingIncome": "-3000000", "depreciation": "None", "depreciationAndAmortization": "270000000", "incomeBeforeTax": "725000000", "incomeTaxExpense": "266000000", "interestAndDebtExpense": "None", "netIncomeFromContinuingOperations": "459000000", "comprehensiveIncomeNetOfTax": "None", "ebit": "877000000", "ebitda": "1147000000", "netIncome": "459000000"}, {"fiscalDateEnding": "2012-12-31", "reportedCurrency": "USD", "grossProfit": "-2252000000", "totalRevenue": "2884000000", "costOfRevenue": "5136000000", "costofGoodsAndServicesSold": "5136000000", "operatingIncome": "804000000", "sellingGeneralAndAdministrative": "2268000000", "researchAndDevelopment": "0", "operatingExpenses": "-2268000000", "investmentIncomeNet": "None", "netInterestIncome": "None", "interestIncome": "None", "interestExpense": "145000000", "nonInterestIncome": "None", "otherNonOperatingIncome": "59000000", "depreciation": "None", "depreciationAndAmortization": "271000000", "incomeBeforeTax": "718000000", "incomeTaxExpense": "275000000", "interestAndDebtExpense": "None", "netIncomeFromContinuingOperations": "443000000", "comprehensiveIncomeNetOfTax": "None", "ebit": "863000000", "ebitda": "1134000000", "netIncome": "443000000"}, {"fiscalDateEnding": "2012-09-30", "reportedCurrency": "USD", "grossProfit": "1876000000", "totalRevenue": "2894000000", "costOfRevenue": "1018000000", "costofGoodsAndServicesSold": "1018000000", "operatingIncome": "854000000", "sellingGeneralAndAdministrative": "754000000", "researchAndDevelopment": "0", "operatingExpenses": "1022000000", "investmentIncomeNet": "None", "netInterestIncome": "None", "interestIncome": "None", "interestExpense": "138000000", "nonInterestIncome": "None", "otherNonOperatingIncome": "5000000", "depreciation": "None", "depreciationAndAmortization": "268000000", "incomeBeforeTax": "721000000", "incomeTaxExpense": "266000000", "interestAndDebtExpense": "None", "netIncomeFromContinuingOperations": "455000000", "comprehensiveIncomeNetOfTax": "None", "ebit": "859000000", "ebitda": "1127000000", "netIncome": "455000000"}, {"fiscalDateEnding": "2012-06-30", "reportedCurrency": "USD", "grossProfit": "1950000000", "totalRevenue": "3012000000", "costOfRevenue": "1062000000", "costofGoodsAndServicesSold": "1062000000", "operatingIncome": "943000000", "sellingGeneralAndAdministrative": "744000000", "researchAndDevelopment": "0", "operatingExpenses": "1007000000", "investmentIncomeNet": "None", "netInterestIncome": "None", "interestIncome": "None", "interestExpense": "139000000", "nonInterestIncome": "None", "otherNonOperatingIncome": "5000000", "depreciation": "None", "depreciationAndAmortization": "263000000", "incomeBeforeTax": "809000000", "incomeTaxExpense": "297000000", "interestAndDebtExpense": "None", "netIncomeFromContinuingOperations": "512000000", "comprehensiveIncomeNetOfTax": "None", "ebit": "948000000", "ebitda": "1211000000", "netIncome": "512000000"}, {"fiscalDateEnding": "2012-03-31", "reportedCurrency": "USD", "grossProfit": "1883000000", "totalRevenue": "2966000000", "costOfRevenue": "1083000000", "costofGoodsAndServicesSold": "1083000000", "operatingIncome": "856000000", "sellingGeneralAndAdministrative": "770000000", "researchAndDevelopment": "0", "operatingExpenses": "1027000000", "investmentIncomeNet": "None", "netInterestIncome": "None", "interestIncome": "None", "interestExpense": "144000000", "nonInterestIncome": "None", "otherNonOperatingIncome": "4000000", "depreciation": "None", "depreciationAndAmortization": "257000000", "incomeBeforeTax": "716000000", "incomeTaxExpense": "267000000", "interestAndDebtExpense": "None", "netIncomeFromContinuingOperations": "449000000", "comprehensiveIncomeNetOfTax": "None", "ebit": "860000000", "ebitda": "1117000000", "netIncome": "449000000"}, {"fiscalDateEnding": "2011-12-31", "reportedCurrency": "USD", "grossProfit": "1856000000", "totalRevenue": "2951000000", "costOfRevenue": "1095000000", "costofGoodsAndServicesSold": "1095000000", "operatingIncome": "841000000", "sellingGeneralAndAdministrative": "779000000", "researchAndDevelopment": "0", "operatingExpenses": "1015000000", "investmentIncomeNet": "None", "netInterestIncome": "None", "interestIncome": "None", "interestExpense": "140000000", "nonInterestIncome": "None", "otherNonOperatingIncome": "11000000", "depreciation": "None", "depreciationAndAmortization": "236000000", "incomeBeforeTax": "712000000", "incomeTaxExpense": "255000000", "interestAndDebtExpense": "None", "netIncomeFromContinuingOperations": "457000000", "comprehensiveIncomeNetOfTax": "None", "ebit": "852000000", "ebitda": "1088000000", "netIncome": "457000000"}, {"fiscalDateEnding": "2011-09-30", "reportedCurrency": "USD", "grossProfit": "1894000000", "totalRevenue": "2963000000", "costOfRevenue": "1069000000", "costofGoodsAndServicesSold": "1069000000", "operatingIncome": "878000000", "sellingGeneralAndAdministrative": "765000000", "researchAndDevelopment": "0", "operatingExpenses": "1016000000", "investmentIncomeNet": "None", "netInterestIncome": "None", "interestIncome": "None", "interestExpense": "138000000", "nonInterestIncome": "None", "otherNonOperatingIncome": "6000000", "depreciation": "None", "depreciationAndAmortization": "251000000", "incomeBeforeTax": "746000000", "incomeTaxExpense": "282000000", "interestAndDebtExpense": "None", "netIncomeFromContinuingOperations": "464000000", "comprehensiveIncomeNetOfTax": "None", "ebit": "884000000", "ebitda": "1135000000", "netIncome": "464000000"}, {"fiscalDateEnding": "2011-06-30", "reportedCurrency": "USD", "grossProfit": "1936000000", "totalRevenue": "3019000000", "costOfRevenue": "1083000000", "costofGoodsAndServicesSold": "1083000000", "operatingIncome": "926000000", "sellingGeneralAndAdministrative": "1321000000", "researchAndDevelopment": "0", "operatingExpenses": "1567000000", "investmentIncomeNet": "None", "netInterestIncome": "None", "interestIncome": "None", "interestExpense": "134000000", "nonInterestIncome": "None", "otherNonOperatingIncome": "None", "depreciation": "None", "depreciationAndAmortization": "246000000", "incomeBeforeTax": "792000000", "incomeTaxExpense": "286000000", "interestAndDebtExpense": "None", "netIncomeFromContinuingOperations": "506000000", "comprehensiveIncomeNetOfTax": "None", "ebit": "680000000", "ebitda": "926000000", "netIncome": "506000000"}, {"fiscalDateEnding": "2011-03-31", "reportedCurrency": "USD", "grossProfit": "1781000000", "totalRevenue": "2810000000", "costOfRevenue": "1029000000", "costofGoodsAndServicesSold": "1029000000", "operatingIncome": "773000000", "sellingGeneralAndAdministrative": "765000000", "researchAndDevelopment": "0", "operatingExpenses": "1008000000", "investmentIncomeNet": "None", "netInterestIncome": "None", "interestIncome": "None", "interestExpense": "140000000", "nonInterestIncome": "None", "otherNonOperatingIncome": "5000000", "depreciation": "None", "depreciationAndAmortization": "243000000", "incomeBeforeTax": "638000000", "incomeTaxExpense": "243000000", "interestAndDebtExpense": "None", "netIncomeFromContinuingOperations": "395000000", "comprehensiveIncomeNetOfTax": "None", "ebit": "778000000", "ebitda": "1021000000", "netIncome": "395000000"}, {"fiscalDateEnding": "2010-12-31", "reportedCurrency": "USD", "grossProfit": "2627000000", "totalRevenue": "2816000000", "costOfRevenue": "189000000", "costofGoodsAndServicesSold": "189000000", "operatingIncome": "846000000", "sellingGeneralAndAdministrative": "776000000", "researchAndDevelopment": "0", "operatingExpenses": "1033000000", "investmentIncomeNet": "None", "netInterestIncome": "None", "interestIncome": "None", "interestExpense": "149000000", "nonInterestIncome": "None", "otherNonOperatingIncome": "4000000", "depreciation": "None", "depreciationAndAmortization": "257000000", "incomeBeforeTax": "701000000", "incomeTaxExpense": "271000000", "interestAndDebtExpense": "None", "netIncomeFromContinuingOperations": "429000000", "comprehensiveIncomeNetOfTax": "None", "ebit": "850000000", "ebitda": "1107000000", "netIncome": "430000000"}, {"fiscalDateEnding": "2010-09-30", "reportedCurrency": "USD", "grossProfit": "1788000000", "totalRevenue": "2666000000", "costOfRevenue": "878000000", "costofGoodsAndServicesSold": "878000000", "operatingIncome": "825000000", "sellingGeneralAndAdministrative": "731000000", "researchAndDevelopment": "0", "operatingExpenses": "963000000", "investmentIncomeNet": "None", "netInterestIncome": "None", "interestIncome": "None", "interestExpense": "131000000", "nonInterestIncome": "None", "otherNonOperatingIncome": "8000000", "depreciation": "None", "depreciationAndAmortization": "232000000", "incomeBeforeTax": "702000000", "incomeTaxExpense": "288000000", "interestAndDebtExpense": "None", "netIncomeFromContinuingOperations": "414000000", "comprehensiveIncomeNetOfTax": "None", "ebit": "833000000", "ebitda": "1065000000", "netIncome": "414000000"}, {"fiscalDateEnding": "2010-06-30", "reportedCurrency": "USD", "grossProfit": "1897000000", "totalRevenue": "2663000000", "costOfRevenue": "766000000", "costofGoodsAndServicesSold": "766000000", "operatingIncome": "768000000", "sellingGeneralAndAdministrative": "721000000", "researchAndDevelopment": "0", "operatingExpenses": "951000000", "investmentIncomeNet": "None", "netInterestIncome": "None", "interestIncome": "None", "interestExpense": "135000000", "nonInterestIncome": "None", "otherNonOperatingIncome": "9000000", "depreciation": "None", "depreciationAndAmortization": "229000000", "incomeBeforeTax": "642000000", "incomeTaxExpense": "228000000", "interestAndDebtExpense": "None", "netIncomeFromContinuingOperations": "414000000", "comprehensiveIncomeNetOfTax": "None", "ebit": "778000000", "ebitda": "1007000000", "netIncome": "414000000"}, {"fiscalDateEnding": "2010-03-31", "reportedCurrency": "USD", "grossProfit": "1792000000", "totalRevenue": "2491000000", "costOfRevenue": "699000000", "costofGoodsAndServicesSold": "699000000", "operatingIncome": "634000000", "sellingGeneralAndAdministrative": "729000000", "researchAndDevelopment": "0", "operatingExpenses": "958000000", "investmentIncomeNet": "None", "netInterestIncome": "None", "interestIncome": "None", "interestExpense": "142000000", "nonInterestIncome": "None", "otherNonOperatingIncome": "11000000", "depreciation": "None", "depreciationAndAmortization": "229000000", "incomeBeforeTax": "503000000", "incomeTaxExpense": "197000000", "interestAndDebtExpense": "None", "netIncomeFromContinuingOperations": "306000000", "comprehensiveIncomeNetOfTax": "None", "ebit": "642000000", "ebitda": "871000000", "netIncome": "306000000"}, {"fiscalDateEnding": "2009-12-31", "reportedCurrency": "USD", "grossProfit": "1646000000", "totalRevenue": "2320000000", "costOfRevenue": "674000000", "costofGoodsAndServicesSold": "674000000", "operatingIncome": "583000000", "sellingGeneralAndAdministrative": "660000000", "researchAndDevelopment": "0", "operatingExpenses": "887000000", "investmentIncomeNet": "None", "netInterestIncome": "None", "interestIncome": "None", "interestExpense": "138000000", "nonInterestIncome": "None", "otherNonOperatingIncome": "None", "depreciation": "None", "depreciationAndAmortization": "229000000", "incomeBeforeTax": "460000000", "incomeTaxExpense": "155000000", "interestAndDebtExpense": "None", "netIncomeFromContinuingOperations": "0", "comprehensiveIncomeNetOfTax": "None", "ebit": "598000000", "ebitda": "827000000", "netIncome": "305000000"}, {"fiscalDateEnding": "2009-09-30", "reportedCurrency": "USD", "grossProfit": "1663000000", "totalRevenue": "2289000000", "costOfRevenue": "626000000", "costofGoodsAndServicesSold": "626000000", "operatingIncome": "598000000", "sellingGeneralAndAdministrative": "653000000", "researchAndDevelopment": "0", "operatingExpenses": "881000000", "investmentIncomeNet": "None", "netInterestIncome": "None", "interestIncome": "None", "interestExpense": "140000000", "nonInterestIncome": "None", "otherNonOperatingIncome": "6000000", "depreciation": "None", "depreciationAndAmortization": "225000000", "incomeBeforeTax": "464000000", "incomeTaxExpense": "171000000", "interestAndDebtExpense": "None", "netIncomeFromContinuingOperations": "293000000", "comprehensiveIncomeNetOfTax": "None", "ebit": "601000000", "ebitda": "826000000", "netIncome": "293000000"}, {"fiscalDateEnding": "2009-06-30", "reportedCurrency": "USD", "grossProfit": "1661000000", "totalRevenue": "2185000000", "costOfRevenue": "524000000", "costofGoodsAndServicesSold": "524000000", "operatingIncome": "582000000", "sellingGeneralAndAdministrative": "654000000", "researchAndDevelopment": "0", "operatingExpenses": "883000000", "investmentIncomeNet": "None", "netInterestIncome": "None", "interestIncome": "None", "interestExpense": "139000000", "nonInterestIncome": "None", "otherNonOperatingIncome": "None", "depreciation": "None", "depreciationAndAmortization": "229000000", "incomeBeforeTax": "453000000", "incomeTaxExpense": "168000000", "interestAndDebtExpense": "None", "netIncomeFromContinuingOperations": "0", "comprehensiveIncomeNetOfTax": "None", "ebit": "585000000", "ebitda": "814000000", "netIncome": "308000000"}, {"fiscalDateEnding": "2009-03-31", "reportedCurrency": "USD", "grossProfit": "1634000000", "totalRevenue": "2247000000", "costOfRevenue": "613000000", "costofGoodsAndServicesSold": "613000000", "operatingIncome": "522000000", "sellingGeneralAndAdministrative": "662000000", "researchAndDevelopment": "0", "operatingExpenses": "886000000", "investmentIncomeNet": "None", "netInterestIncome": "None", "interestIncome": "None", "interestExpense": "141000000", "nonInterestIncome": "None", "otherNonOperatingIncome": "-9000000", "depreciation": "None", "depreciationAndAmortization": "224000000", "incomeBeforeTax": "372000000", "incomeTaxExpense": "126000000", "interestAndDebtExpense": "None", "netIncomeFromContinuingOperations": "246000000", "comprehensiveIncomeNetOfTax": "None", "ebit": "525000000", "ebitda": "749000000", "netIncome": "246000000"}, {"fiscalDateEnding": "2008-12-31", "reportedCurrency": "USD", "grossProfit": "1835000000", "totalRevenue": "2674000000", "costOfRevenue": "839000000", "costofGoodsAndServicesSold": "839000000", "operatingIncome": "692000000", "sellingGeneralAndAdministrative": "723000000", "researchAndDevelopment": "0", "operatingExpenses": "951000000", "investmentIncomeNet": "None", "netInterestIncome": "None", "interestIncome": "None", "interestExpense": "136000000", "nonInterestIncome": "None", "otherNonOperatingIncome": "None", "depreciation": "None", "depreciationAndAmortization": "232000000", "incomeBeforeTax": "384000000", "incomeTaxExpense": "137000000", "interestAndDebtExpense": "None", "netIncomeFromContinuingOperations": "0", "comprehensiveIncomeNetOfTax": "None", "ebit": "520000000", "ebitda": "752000000", "netIncome": "247000000"}, {"fiscalDateEnding": "2008-09-30", "reportedCurrency": "USD", "grossProfit": "1926000000", "totalRevenue": "2961000000", "costOfRevenue": "1035000000", "costofGoodsAndServicesSold": "1035000000", "operatingIncome": "733000000", "sellingGeneralAndAdministrative": "754000000", "researchAndDevelopment": "0", "operatingExpenses": "981000000", "investmentIncomeNet": "None", "netInterestIncome": "None", "interestIncome": "None", "interestExpense": "131000000", "nonInterestIncome": "None", "otherNonOperatingIncome": "None", "depreciation": "None", "depreciationAndAmortization": "230000000", "incomeBeforeTax": "610000000", "incomeTaxExpense": "228000000", "interestAndDebtExpense": "None", "netIncomeFromContinuingOperations": "0", "comprehensiveIncomeNetOfTax": "None", "ebit": "738000000", "ebitda": "968000000", "netIncome": "382000000"}, {"fiscalDateEnding": "2008-06-30", "reportedCurrency": "USD", "grossProfit": "2394000000", "totalRevenue": "2907000000", "costOfRevenue": "513000000", "costofGoodsAndServicesSold": "513000000", "operatingIncome": "717000000", "sellingGeneralAndAdministrative": "845000000", "researchAndDevelopment": "0", "operatingExpenses": "1677000000", "investmentIncomeNet": "None", "netInterestIncome": "None", "interestIncome": "None", "interestExpense": "133000000", "nonInterestIncome": "None", "otherNonOperatingIncome": "None", "depreciation": "None", "depreciationAndAmortization": "231000000", "incomeBeforeTax": "590000000", "incomeTaxExpense": "205000000", "interestAndDebtExpense": "None", "netIncomeFromContinuingOperations": "0", "comprehensiveIncomeNetOfTax": "None", "ebit": "734000000", "ebitda": "965000000", "netIncome": "385000000"}, {"fiscalDateEnding": "2008-03-31", "reportedCurrency": "USD", "grossProfit": "1591000000", "totalRevenue": "2713000000", "costOfRevenue": "1122000000", "costofGoodsAndServicesSold": "1122000000", "operatingIncome": "626000000", "sellingGeneralAndAdministrative": "745000000", "researchAndDevelopment": "0", "operatingExpenses": "967000000", "investmentIncomeNet": "None", "netInterestIncome": "None", "interestIncome": "None", "interestExpense": "119000000", "nonInterestIncome": "None", "otherNonOperatingIncome": "None", "depreciation": "None", "depreciationAndAmortization": "225000000", "incomeBeforeTax": "562000000", "incomeTaxExpense": "211000000", "interestAndDebtExpense": "None", "netIncomeFromContinuingOperations": "0", "comprehensiveIncomeNetOfTax": "None", "ebit": "681000000", "ebitda": "906000000", "netIncome": "351000000"}, {"fiscalDateEnding": "2007-12-31", "reportedCurrency": "USD", "grossProfit": "1449000000", "totalRevenue": "2577000000", "costOfRevenue": "1128000000", "costofGoodsAndServicesSold": "1128000000", "operatingIncome": "609000000", "sellingGeneralAndAdministrative": "910000000", "researchAndDevelopment": "0", "operatingExpenses": "-1964000000", "investmentIncomeNet": "None", "netInterestIncome": "None", "interestIncome": "None", "interestExpense": "417000000", "nonInterestIncome": "None", "otherNonOperatingIncome": "None", "depreciation": "None", "depreciationAndAmortization": "224000000", "incomeBeforeTax": "570000000", "incomeTaxExpense": "205000000", "interestAndDebtExpense": "None", "netIncomeFromContinuingOperations": "0", "comprehensiveIncomeNetOfTax": "None", "ebit": "702000000", "ebitda": "926000000", "netIncome": "365000000"}, {"fiscalDateEnding": "2007-09-30", "reportedCurrency": "USD", "grossProfit": "2501000000", "totalRevenue": "2501000000", "costOfRevenue": "861000000", "costofGoodsAndServicesSold": "861000000", "operatingIncome": "555000000", "sellingGeneralAndAdministrative": "862000000", "researchAndDevelopment": "0", "operatingExpenses": "1946000000", "investmentIncomeNet": "None", "netInterestIncome": "None", "interestIncome": "None", "interestExpense": "102000000", "nonInterestIncome": "None", "otherNonOperatingIncome": "None", "depreciation": "None", "depreciationAndAmortization": "218000000", "incomeBeforeTax": "470000000", "incomeTaxExpense": "173000000", "interestAndDebtExpense": "None", "netIncomeFromContinuingOperations": "0", "comprehensiveIncomeNetOfTax": "None", "ebit": "540000000", "ebitda": "758000000", "netIncome": "407000000"}, {"fiscalDateEnding": "2007-06-30", "reportedCurrency": "USD", "grossProfit": "1402000000", "totalRevenue": "2530000000", "costOfRevenue": "1128000000", "costofGoodsAndServicesSold": "1128000000", "operatingIncome": "604000000", "sellingGeneralAndAdministrative": "910000000", "researchAndDevelopment": "0", "operatingExpenses": "2093000000", "investmentIncomeNet": "None", "netInterestIncome": "None", "interestIncome": "None", "interestExpense": "101000000", "nonInterestIncome": "None", "otherNonOperatingIncome": "None", "depreciation": "None", "depreciationAndAmortization": "223000000", "incomeBeforeTax": "514000000", "incomeTaxExpense": "190000000", "interestAndDebtExpense": "None", "netIncomeFromContinuingOperations": "0", "comprehensiveIncomeNetOfTax": "None", "ebit": "615000000", "ebitda": "838000000", "netIncome": "324000000"}, {"fiscalDateEnding": "2007-03-31", "reportedCurrency": "USD", "grossProfit": "2422000000", "totalRevenue": "2422000000", "costOfRevenue": "880000000", "costofGoodsAndServicesSold": "880000000", "operatingIncome": "488000000", "sellingGeneralAndAdministrative": "854000000", "researchAndDevelopment": "0", "operatingExpenses": "1934000000", "investmentIncomeNet": "None", "netInterestIncome": "None", "interestIncome": "None", "interestExpense": "99000000", "nonInterestIncome": "None", "otherNonOperatingIncome": "None", "depreciation": "None", "depreciationAndAmortization": "225000000", "incomeBeforeTax": "378000000", "incomeTaxExpense": "138000000", "interestAndDebtExpense": "None", "netIncomeFromContinuingOperations": "0", "comprehensiveIncomeNetOfTax": "None", "ebit": "477000000", "ebitda": "702000000", "netIncome": "240000000"}, {"fiscalDateEnding": "2006-12-31", "reportedCurrency": "USD", "grossProfit": "1174000000", "totalRevenue": "2396000000", "costOfRevenue": "1222000000", "costofGoodsAndServicesSold": "1222000000", "operatingIncome": "507000000", "sellingGeneralAndAdministrative": "1173000000", "researchAndDevelopment": "0", "operatingExpenses": "2334000000", "investmentIncomeNet": "None", "netInterestIncome": "None", "interestIncome": "None", "interestExpense": "392000000", "nonInterestIncome": "None", "otherNonOperatingIncome": "None", "depreciation": "None", "depreciationAndAmortization": "219000000", "incomeBeforeTax": "470000000", "incomeTaxExpense": "123000000", "interestAndDebtExpense": "None", "netIncomeFromContinuingOperations": "0", "comprehensiveIncomeNetOfTax": "None", "ebit": "-789000000", "ebitda": "-570000000", "netIncome": "347000000"}, {"fiscalDateEnding": "2006-09-30", "reportedCurrency": "USD", "grossProfit": "1287000000", "totalRevenue": "2418000000", "costOfRevenue": "1131000000", "costofGoodsAndServicesSold": "1131000000", "operatingIncome": "489000000", "sellingGeneralAndAdministrative": "860000000", "researchAndDevelopment": "0", "operatingExpenses": "2067000000", "investmentIncomeNet": "None", "netInterestIncome": "None", "interestIncome": "None", "interestExpense": "97000000", "nonInterestIncome": "None", "otherNonOperatingIncome": "None", "depreciation": "None", "depreciationAndAmortization": "218000000", "incomeBeforeTax": "417000000", "incomeTaxExpense": "89000000", "interestAndDebtExpense": "None", "netIncomeFromContinuingOperations": "0", "comprehensiveIncomeNetOfTax": "None", "ebit": "271000000", "ebitda": "489000000", "netIncome": "328000000"}, {"fiscalDateEnding": "2006-06-30", "reportedCurrency": "USD", "grossProfit": "1428000000", "totalRevenue": "2421000000", "costOfRevenue": "993000000", "costofGoodsAndServicesSold": "993000000", "operatingIncome": "646000000", "sellingGeneralAndAdministrative": "618000000", "researchAndDevelopment": "0", "operatingExpenses": "1801000000", "investmentIncomeNet": "None", "netInterestIncome": "None", "interestIncome": "None", "interestExpense": "98000000", "nonInterestIncome": "None", "otherNonOperatingIncome": "None", "depreciation": "None", "depreciationAndAmortization": "218000000", "incomeBeforeTax": "559000000", "incomeTaxExpense": "169000000", "interestAndDebtExpense": "None", "netIncomeFromContinuingOperations": "0", "comprehensiveIncomeNetOfTax": "None", "ebit": "657000000", "ebitda": "875000000", "netIncome": "390000000"}, {"fiscalDateEnding": "2006-03-31", "reportedCurrency": "USD", "grossProfit": "1229000000", "totalRevenue": "2331000000", "costOfRevenue": "1102000000", "costofGoodsAndServicesSold": "1102000000", "operatingIncome": "496000000", "sellingGeneralAndAdministrative": "918000000", "researchAndDevelopment": "0", "operatingExpenses": "2033000000", "investmentIncomeNet": "None", "netInterestIncome": "None", "interestIncome": "None", "interestExpense": "98000000", "nonInterestIncome": "None", "otherNonOperatingIncome": "None", "depreciation": "None", "depreciationAndAmortization": "212000000", "incomeBeforeTax": "395000000", "incomeTaxExpense": "150000000", "interestAndDebtExpense": "None", "netIncomeFromContinuingOperations": "0", "comprehensiveIncomeNetOfTax": "None", "ebit": "284000000", "ebitda": "496000000", "netIncome": "245000000"}, {"fiscalDateEnding": "2005-12-31", "reportedCurrency": "USD", "grossProfit": "1173000000", "totalRevenue": "2219000000", "costOfRevenue": "1046000000", "costofGoodsAndServicesSold": "1046000000", "operatingIncome": "412000000", "sellingGeneralAndAdministrative": "878000000", "researchAndDevelopment": "0", "operatingExpenses": "1989000000", "investmentIncomeNet": "None", "netInterestIncome": "None", "interestIncome": "None", "interestExpense": "423000000", "nonInterestIncome": "None", "otherNonOperatingIncome": "None", "depreciation": "None", "depreciationAndAmortization": "213000000", "incomeBeforeTax": "375000000", "incomeTaxExpense": "138000000", "interestAndDebtExpense": "None", "netIncomeFromContinuingOperations": "0", "comprehensiveIncomeNetOfTax": "None", "ebit": "-881000000", "ebitda": "-668000000", "netIncome": "237000000"}, {"fiscalDateEnding": "2005-09-30", "reportedCurrency": "USD", "grossProfit": "1154000000", "totalRevenue": "2125000000", "costOfRevenue": "971000000", "costofGoodsAndServicesSold": "971000000", "operatingIncome": "353000000", "sellingGeneralAndAdministrative": "860000000", "researchAndDevelopment": "0", "operatingExpenses": "1905000000", "investmentIncomeNet": "None", "netInterestIncome": "None", "interestIncome": "None", "interestExpense": "100000000", "nonInterestIncome": "None", "otherNonOperatingIncome": "None", "depreciation": "None", "depreciationAndAmortization": "202000000", "incomeBeforeTax": "264000000", "incomeTaxExpense": "100000000", "interestAndDebtExpense": "None", "netIncomeFromContinuingOperations": "0", "comprehensiveIncomeNetOfTax": "None", "ebit": "151000000", "ebitda": "353000000", "netIncome": "164000000"}, {"fiscalDateEnding": "2005-06-30", "reportedCurrency": "USD", "grossProfit": "1197000000", "totalRevenue": "2166000000", "costOfRevenue": "969000000", "costofGoodsAndServicesSold": "969000000", "operatingIncome": "431000000", "sellingGeneralAndAdministrative": "853000000", "researchAndDevelopment": "0", "operatingExpenses": "1689000000", "investmentIncomeNet": "None", "netInterestIncome": "None", "interestIncome": "None", "interestExpense": "317000000", "nonInterestIncome": "None", "otherNonOperatingIncome": "None", "depreciation": "None", "depreciationAndAmortization": "209000000", "incomeBeforeTax": "159000000", "incomeTaxExpense": "-6000000", "interestAndDebtExpense": "None", "netIncomeFromContinuingOperations": "0", "comprehensiveIncomeNetOfTax": "None", "ebit": "222000000", "ebitda": "431000000", "netIncome": "165000000"}, {"fiscalDateEnding": "2005-03-31", "reportedCurrency": "USD", "grossProfit": "1111000000", "totalRevenue": "2108000000", "costOfRevenue": "997000000", "costofGoodsAndServicesSold": "997000000", "operatingIncome": "354000000", "sellingGeneralAndAdministrative": "856000000", "researchAndDevelopment": "0", "operatingExpenses": "1906000000", "investmentIncomeNet": "None", "netInterestIncome": "None", "interestIncome": "None", "interestExpense": "1000000", "nonInterestIncome": "None", "otherNonOperatingIncome": "None", "depreciation": "None", "depreciationAndAmortization": "209000000", "incomeBeforeTax": "238000000", "incomeTaxExpense": "84000000", "interestAndDebtExpense": "None", "netIncomeFromContinuingOperations": "0", "comprehensiveIncomeNetOfTax": "None", "ebit": "145000000", "ebitda": "354000000", "netIncome": "579000000"}]}