{"symbol": "ROL", "annualReports": [{"fiscalDateEnding": "2024-12-31", "reportedCurrency": "USD", "grossProfit": "3388708000", "totalRevenue": "3388708000", "costOfRevenue": "1603197000", "costofGoodsAndServicesSold": "1603197000", "operatingIncome": "657224000", "sellingGeneralAndAdministrative": "1015067000", "researchAndDevelopment": "None", "operatingExpenses": "2731484000", "investmentIncomeNet": "None", "netInterestIncome": "-27677000", "interestIncome": "None", "interestExpense": "27677000", "nonInterestIncome": "None", "otherNonOperatingIncome": "None", "depreciation": "None", "depreciationAndAmortization": "113220000", "incomeBeforeTax": "630230000", "incomeTaxExpense": "163851000", "interestAndDebtExpense": "None", "netIncomeFromContinuingOperations": "466379000", "comprehensiveIncomeNetOfTax": "None", "ebit": "657907000", "ebitda": "771127000", "netIncome": "466379000"}, {"fiscalDateEnding": "2023-12-31", "reportedCurrency": "USD", "grossProfit": "1603407000", "totalRevenue": "3073278000", "costOfRevenue": "1469871000", "costofGoodsAndServicesSold": "1469871000", "operatingIncome": "583226000", "sellingGeneralAndAdministrative": "796146000", "researchAndDevelopment": "None", "operatingExpenses": "1020181000", "investmentIncomeNet": "None", "netInterestIncome": "-11141000", "interestIncome": "None", "interestExpense": "19055000", "nonInterestIncome": "None", "otherNonOperatingIncome": "None", "depreciation": "None", "depreciationAndAmortization": "99752000", "incomeBeforeTax": "586257000", "incomeTaxExpense": "151300000", "interestAndDebtExpense": "None", "netIncomeFromContinuingOperations": "410424000", "comprehensiveIncomeNetOfTax": "None", "ebit": "605312000", "ebitda": "705064000", "netIncome": "434957000"}, {"fiscalDateEnding": "2022-12-31", "reportedCurrency": "USD", "grossProfit": "1387424000", "totalRevenue": "2695823000", "costOfRevenue": "1308399000", "costofGoodsAndServicesSold": "1308399000", "operatingIncome": "493388000", "sellingGeneralAndAdministrative": "699751000", "researchAndDevelopment": "None", "operatingExpenses": "894036000", "investmentIncomeNet": "None", "netInterestIncome": "-2638000", "interestIncome": "2638000", "interestExpense": "2638000", "nonInterestIncome": "None", "otherNonOperatingIncome": "8167000", "depreciation": "None", "depreciationAndAmortization": "91326000", "incomeBeforeTax": "498917000", "incomeTaxExpense": "130318000", "interestAndDebtExpense": "None", "netIncomeFromContinuingOperations": "368599000", "comprehensiveIncomeNetOfTax": "None", "ebit": "493388000", "ebitda": "584714000", "netIncome": "368599000"}, {"fiscalDateEnding": "2021-12-31", "reportedCurrency": "USD", "grossProfit": "1261683000", "totalRevenue": "2424300000", "costOfRevenue": "1162617000", "costofGoodsAndServicesSold": "1162617000", "operatingIncome": "439989000", "sellingGeneralAndAdministrative": "727489000", "researchAndDevelopment": "None", "operatingExpenses": "821694000", "investmentIncomeNet": "None", "netInterestIncome": "-830000", "interestIncome": "830000", "interestExpense": "830000", "nonInterestIncome": "None", "otherNonOperatingIncome": "35679000", "depreciation": "None", "depreciationAndAmortization": "86558000", "incomeBeforeTax": "474838000", "incomeTaxExpense": "124151000", "interestAndDebtExpense": "None", "netIncomeFromContinuingOperations": "350687000", "comprehensiveIncomeNetOfTax": "None", "ebit": "447636000", "ebitda": "534194000", "netIncome": "356565000"}, {"fiscalDateEnding": "2020-12-31", "reportedCurrency": "USD", "grossProfit": "1112628000", "totalRevenue": "2161220000", "costOfRevenue": "1048592000", "costofGoodsAndServicesSold": "1048592000", "operatingIncome": "361401000", "sellingGeneralAndAdministrative": "662898000", "researchAndDevelopment": "None", "operatingExpenses": "751227000", "investmentIncomeNet": "None", "netInterestIncome": "-5082000", "interestIncome": "5082000", "interestExpense": "5082000", "nonInterestIncome": "None", "otherNonOperatingIncome": "-1599000", "depreciation": "None", "depreciationAndAmortization": "88329000", "incomeBeforeTax": "354720000", "incomeTaxExpense": "93896000", "interestAndDebtExpense": "None", "netIncomeFromContinuingOperations": "260824000", "comprehensiveIncomeNetOfTax": "None", "ebit": "361401000", "ebitda": "449730000", "netIncome": "266756000"}, {"fiscalDateEnding": "2019-12-31", "reportedCurrency": "USD", "grossProfit": "1021884000", "totalRevenue": "2015477000", "costOfRevenue": "993593000", "costofGoodsAndServicesSold": "993593000", "operatingIncome": "366711000", "sellingGeneralAndAdministrative": "623379000", "researchAndDevelopment": "None", "operatingExpenses": "704490000", "investmentIncomeNet": "None", "netInterestIncome": "-6917000", "interestIncome": "6917000", "interestExpense": "6617000", "nonInterestIncome": "None", "otherNonOperatingIncome": "581000", "depreciation": "None", "depreciationAndAmortization": "81111000", "incomeBeforeTax": "261160000", "incomeTaxExpense": "57813000", "interestAndDebtExpense": "None", "netIncomeFromContinuingOperations": "203347000", "comprehensiveIncomeNetOfTax": "None", "ebit": "366711000", "ebitda": "447822000", "netIncome": "203347000"}, {"fiscalDateEnding": "2018-12-31", "reportedCurrency": "USD", "grossProfit": "927128000", "totalRevenue": "1821565000", "costOfRevenue": "894437000", "costofGoodsAndServicesSold": "894437000", "operatingIncome": "310880000", "sellingGeneralAndAdministrative": "550698000", "researchAndDevelopment": "0", "operatingExpenses": "617490000", "investmentIncomeNet": "None", "netInterestIncome": "220000", "interestIncome": "220000", "interestExpense": "147000", "nonInterestIncome": "None", "otherNonOperatingIncome": "875000", "depreciation": "None", "depreciationAndAmortization": "66792000", "incomeBeforeTax": "310733000", "incomeTaxExpense": "79070000", "interestAndDebtExpense": "None", "netIncomeFromContinuingOperations": "231663000", "comprehensiveIncomeNetOfTax": "None", "ebit": "309638000", "ebitda": "376430000", "netIncome": "231663000"}, {"fiscalDateEnding": "2017-12-31", "reportedCurrency": "USD", "grossProfit": "854014000", "totalRevenue": "1673957000", "costOfRevenue": "819943000", "costofGoodsAndServicesSold": "819943000", "operatingIncome": "294806000", "sellingGeneralAndAdministrative": "503433000", "researchAndDevelopment": "0", "operatingExpenses": "560013000", "investmentIncomeNet": "None", "netInterestIncome": "259000", "interestIncome": "259000", "interestExpense": "304000", "nonInterestIncome": "None", "otherNonOperatingIncome": "242000", "depreciation": "None", "depreciationAndAmortization": "56580000", "incomeBeforeTax": "294502000", "incomeTaxExpense": "115378000", "interestAndDebtExpense": "None", "netIncomeFromContinuingOperations": "179124000", "comprehensiveIncomeNetOfTax": "None", "ebit": "294001000", "ebitda": "350581000", "netIncome": "179124000"}, {"fiscalDateEnding": "2016-12-31", "reportedCurrency": "USD", "grossProfit": "801129000", "totalRevenue": "1573477000", "costOfRevenue": "772348000", "costofGoodsAndServicesSold": "772348000", "operatingIncome": "259930000", "sellingGeneralAndAdministrative": "490528000", "researchAndDevelopment": "0", "operatingExpenses": "541430000", "investmentIncomeNet": "None", "netInterestIncome": "160000", "interestIncome": "160000", "interestExpense": "706000", "nonInterestIncome": "None", "otherNonOperatingIncome": "777000", "depreciation": "None", "depreciationAndAmortization": "50902000", "incomeBeforeTax": "260636000", "incomeTaxExpense": "93267000", "interestAndDebtExpense": "None", "netIncomeFromContinuingOperations": "167369000", "comprehensiveIncomeNetOfTax": "None", "ebit": "258922000", "ebitda": "309824000", "netIncome": "167369000"}, {"fiscalDateEnding": "2015-12-31", "reportedCurrency": "USD", "grossProfit": "749329000", "totalRevenue": "1485305000", "costOfRevenue": "735976000", "costofGoodsAndServicesSold": "735976000", "operatingIncome": "241495000", "sellingGeneralAndAdministrative": "463742000", "researchAndDevelopment": "0", "operatingExpenses": "508264000", "investmentIncomeNet": "None", "netInterestIncome": "None", "interestIncome": "160000", "interestExpense": "1683000", "nonInterestIncome": "None", "otherNonOperatingIncome": "1953000", "depreciation": "None", "depreciationAndAmortization": "44522000", "incomeBeforeTax": "243178000", "incomeTaxExpense": "91029000", "interestAndDebtExpense": "None", "netIncomeFromContinuingOperations": "152149000", "comprehensiveIncomeNetOfTax": "None", "ebit": "241065000", "ebitda": "285587000", "netIncome": "152149000"}, {"fiscalDateEnding": "2014-12-31", "reportedCurrency": "USD", "grossProfit": "703827000", "totalRevenue": "1411566000", "costOfRevenue": "707739000", "costofGoodsAndServicesSold": "707739000", "operatingIncome": "219226000", "sellingGeneralAndAdministrative": "441706000", "researchAndDevelopment": "0", "operatingExpenses": "485215000", "investmentIncomeNet": "None", "netInterestIncome": "None", "interestIncome": "None", "interestExpense": "258000", "nonInterestIncome": "None", "otherNonOperatingIncome": "618000", "depreciation": "None", "depreciationAndAmortization": "43509000", "incomeBeforeTax": "219484000", "incomeTaxExpense": "81820000", "interestAndDebtExpense": "None", "netIncomeFromContinuingOperations": "137664000", "comprehensiveIncomeNetOfTax": "None", "ebit": "218611999", "ebitda": "262120999", "netIncome": "137664000"}, {"fiscalDateEnding": "2013-12-31", "reportedCurrency": "USD", "grossProfit": "658915000", "totalRevenue": "1337374000", "costOfRevenue": "678459000", "costofGoodsAndServicesSold": "678459000", "operatingIncome": "190891000", "sellingGeneralAndAdministrative": "428288000", "researchAndDevelopment": "0", "operatingExpenses": "467859000", "investmentIncomeNet": "None", "netInterestIncome": "None", "interestIncome": "None", "interestExpense": "715000", "nonInterestIncome": "None", "otherNonOperatingIncome": "165000", "depreciation": "None", "depreciationAndAmortization": "39571000", "incomeBeforeTax": "191606000", "incomeTaxExpense": "68276000", "interestAndDebtExpense": "None", "netIncomeFromContinuingOperations": "123330000", "comprehensiveIncomeNetOfTax": "None", "ebit": "190891000", "ebitda": "230462000", "netIncome": "123330000"}, {"fiscalDateEnding": "2012-12-31", "reportedCurrency": "USD", "grossProfit": "623331000", "totalRevenue": "1270909000", "costOfRevenue": "647578000", "costofGoodsAndServicesSold": "647578000", "operatingIncome": "177720000", "sellingGeneralAndAdministrative": "407020000", "researchAndDevelopment": "0", "operatingExpenses": "445675000", "investmentIncomeNet": "None", "netInterestIncome": "None", "interestIncome": "None", "interestExpense": "1078000", "nonInterestIncome": "None", "otherNonOperatingIncome": "468000", "depreciation": "None", "depreciationAndAmortization": "38655000", "incomeBeforeTax": "176642000", "incomeTaxExpense": "65310000", "interestAndDebtExpense": "None", "netIncomeFromContinuingOperations": "111332000", "comprehensiveIncomeNetOfTax": "None", "ebit": "177188000", "ebitda": "215843000", "netIncome": "111332000"}, {"fiscalDateEnding": "2011-12-31", "reportedCurrency": "USD", "grossProfit": "588222000", "totalRevenue": "1205064000", "costOfRevenue": "616842000", "costofGoodsAndServicesSold": "616842000", "operatingIncome": "161604000", "sellingGeneralAndAdministrative": "388710000", "researchAndDevelopment": "0", "operatingExpenses": "426213000", "investmentIncomeNet": "None", "netInterestIncome": "None", "interestIncome": "None", "interestExpense": "508000", "nonInterestIncome": "None", "otherNonOperatingIncome": "-405000", "depreciation": "None", "depreciationAndAmortization": "37503000", "incomeBeforeTax": "161096000", "incomeTaxExpense": "60385000", "interestAndDebtExpense": "None", "netIncomeFromContinuingOperations": "100711000", "comprehensiveIncomeNetOfTax": "None", "ebit": "162009000", "ebitda": "199512000", "netIncome": "100711000"}, {"fiscalDateEnding": "2010-12-31", "reportedCurrency": "USD", "grossProfit": "553801000", "totalRevenue": "1136890000", "costOfRevenue": "583089000", "costofGoodsAndServicesSold": "583089000", "operatingIncome": "144105000", "sellingGeneralAndAdministrative": "373288000", "researchAndDevelopment": "0", "operatingExpenses": "409696000", "investmentIncomeNet": "None", "netInterestIncome": "None", "interestIncome": "None", "interestExpense": "437000", "nonInterestIncome": "None", "otherNonOperatingIncome": "-123000", "depreciation": "None", "depreciationAndAmortization": "36408000", "incomeBeforeTax": "143545000", "incomeTaxExpense": "53543000", "interestAndDebtExpense": "None", "netIncomeFromContinuingOperations": "90002000", "comprehensiveIncomeNetOfTax": "None", "ebit": "144105000", "ebitda": "180513000", "netIncome": "90002000"}, {"fiscalDateEnding": "2009-12-31", "reportedCurrency": "USD", "grossProfit": "522956000", "totalRevenue": "1073958000", "costOfRevenue": "551002000", "costofGoodsAndServicesSold": "551002000", "operatingIncome": "130197000", "sellingGeneralAndAdministrative": "355590000", "researchAndDevelopment": "None", "operatingExpenses": "392759000", "investmentIncomeNet": "None", "netInterestIncome": "None", "interestIncome": "None", "interestExpense": "964000", "nonInterestIncome": "None", "otherNonOperatingIncome": "None", "depreciation": "None", "depreciationAndAmortization": "37169000", "incomeBeforeTax": "126291000", "incomeTaxExpense": "42307000", "interestAndDebtExpense": "None", "netIncomeFromContinuingOperations": "None", "comprehensiveIncomeNetOfTax": "None", "ebit": "127255000", "ebitda": "164424000", "netIncome": "83984000"}, {"fiscalDateEnding": "2008-12-31", "reportedCurrency": "USD", "grossProfit": "486070000", "totalRevenue": "1020564000", "costOfRevenue": "534494000", "costofGoodsAndServicesSold": "534494000", "operatingIncome": "113715000", "sellingGeneralAndAdministrative": "339078000", "researchAndDevelopment": "None", "operatingExpenses": "373116000", "investmentIncomeNet": "None", "netInterestIncome": "None", "interestIncome": "None", "interestExpense": "761000", "nonInterestIncome": "None", "otherNonOperatingIncome": "None", "depreciation": "None", "depreciationAndAmortization": "33443000", "incomeBeforeTax": "112954000", "incomeTaxExpense": "44020000", "interestAndDebtExpense": "None", "netIncomeFromContinuingOperations": "None", "comprehensiveIncomeNetOfTax": "None", "ebit": "113715000", "ebitda": "147158000", "netIncome": "68934000"}, {"fiscalDateEnding": "2007-12-31", "reportedCurrency": "USD", "grossProfit": "426255000", "totalRevenue": "894920000", "costOfRevenue": "468665000", "costofGoodsAndServicesSold": "468665000", "operatingIncome": "102520000", "sellingGeneralAndAdministrative": "296615000", "researchAndDevelopment": "None", "operatingExpenses": "323683000", "investmentIncomeNet": "None", "netInterestIncome": "None", "interestIncome": "None", "interestExpense": "2393000", "nonInterestIncome": "None", "otherNonOperatingIncome": "None", "depreciation": "None", "depreciationAndAmortization": "27068000", "incomeBeforeTax": "104913000", "incomeTaxExpense": "40182000", "interestAndDebtExpense": "None", "netIncomeFromContinuingOperations": "None", "comprehensiveIncomeNetOfTax": "None", "ebit": "102520000", "ebitda": "129588000", "netIncome": "64731000"}, {"fiscalDateEnding": "2006-12-31", "reportedCurrency": "USD", "grossProfit": "401009000", "totalRevenue": "858878000", "costOfRevenue": "457869000", "costofGoodsAndServicesSold": "457869000", "operatingIncome": "93490000", "sellingGeneralAndAdministrative": "280578000", "researchAndDevelopment": "None", "operatingExpenses": "307438000", "investmentIncomeNet": "None", "netInterestIncome": "None", "interestIncome": "None", "interestExpense": "1669000", "nonInterestIncome": "None", "otherNonOperatingIncome": "None", "depreciation": "None", "depreciationAndAmortization": "26860000", "incomeBeforeTax": "95159000", "incomeTaxExpense": "37350000", "interestAndDebtExpense": "None", "netIncomeFromContinuingOperations": "None", "comprehensiveIncomeNetOfTax": "None", "ebit": "93490000", "ebitda": "120350000", "netIncome": "57809000"}, {"fiscalDateEnding": "2005-12-31", "reportedCurrency": "USD", "grossProfit": "380434000", "totalRevenue": "802417000", "costOfRevenue": "421983000", "costofGoodsAndServicesSold": "421983000", "operatingIncome": "76056000", "sellingGeneralAndAdministrative": "274940000", "researchAndDevelopment": "None", "operatingExpenses": "299220000", "investmentIncomeNet": "None", "netInterestIncome": "None", "interestIncome": "None", "interestExpense": "11899000", "nonInterestIncome": "None", "otherNonOperatingIncome": "None", "depreciation": "None", "depreciationAndAmortization": "24280000", "incomeBeforeTax": "87955000", "incomeTaxExpense": "35182000", "interestAndDebtExpense": "None", "netIncomeFromContinuingOperations": "None", "comprehensiveIncomeNetOfTax": "None", "ebit": "76056000", "ebitda": "100336000", "netIncome": "52773000"}], "quarterlyReports": [{"fiscalDateEnding": "2024-12-31", "reportedCurrency": "USD", "grossProfit": "832169000", "totalRevenue": "832169000", "costOfRevenue": "405462000", "costofGoodsAndServicesSold": "405462000", "operatingIncome": "150627000", "sellingGeneralAndAdministrative": "245545000", "researchAndDevelopment": "None", "operatingExpenses": "681542000", "investmentIncomeNet": "None", "netInterestIncome": "-5027000", "interestIncome": "None", "interestExpense": "5027000", "nonInterestIncome": "None", "otherNonOperatingIncome": "None", "depreciation": "None", "depreciationAndAmortization": "30535000", "incomeBeforeTax": "145350000", "incomeTaxExpense": "39675000", "interestAndDebtExpense": "None", "netIncomeFromContinuingOperations": "105675000", "comprehensiveIncomeNetOfTax": "None", "ebit": "150377000", "ebitda": "180912000", "netIncome": "105675000"}, {"fiscalDateEnding": "2024-09-30", "reportedCurrency": "USD", "grossProfit": "494378000", "totalRevenue": "916270000", "costOfRevenue": "421892000", "costofGoodsAndServicesSold": "421892000", "operatingIncome": "191796000", "sellingGeneralAndAdministrative": "274918000", "researchAndDevelopment": "None", "operatingExpenses": "302582000", "investmentIncomeNet": "None", "netInterestIncome": "-7150000", "interestIncome": "None", "interestExpense": "7150000", "nonInterestIncome": "None", "otherNonOperatingIncome": "None", "depreciation": "None", "depreciationAndAmortization": "27664000", "incomeBeforeTax": "185228000", "incomeTaxExpense": "48315000", "interestAndDebtExpense": "None", "netIncomeFromContinuingOperations": "136913000", "comprehensiveIncomeNetOfTax": "None", "ebit": "192378000", "ebitda": "220042000", "netIncome": "136913000"}, {"fiscalDateEnding": "2024-06-30", "reportedCurrency": "USD", "grossProfit": "453924000", "totalRevenue": "891920000", "costOfRevenue": "437996000", "costofGoodsAndServicesSold": "437996000", "operatingIncome": "182377000", "sellingGeneralAndAdministrative": "271547000", "researchAndDevelopment": "None", "operatingExpenses": "271547000", "investmentIncomeNet": "None", "netInterestIncome": "-7775000", "interestIncome": "None", "interestExpense": "7775000", "nonInterestIncome": "None", "otherNonOperatingIncome": "None", "depreciation": "None", "depreciationAndAmortization": "27711000", "incomeBeforeTax": "175014000", "incomeTaxExpense": "45617000", "interestAndDebtExpense": "None", "netIncomeFromContinuingOperations": "129397000", "comprehensiveIncomeNetOfTax": "None", "ebit": "182377000", "ebitda": "210088000", "netIncome": "129397000"}, {"fiscalDateEnding": "2024-03-31", "reportedCurrency": "USD", "grossProfit": "355481000", "totalRevenue": "748349000", "costOfRevenue": "392868000", "costofGoodsAndServicesSold": "392868000", "operatingIncome": "134473000", "sellingGeneralAndAdministrative": "223057000", "researchAndDevelopment": "None", "operatingExpenses": "221008000", "investmentIncomeNet": "None", "netInterestIncome": "-7725000", "interestIncome": "None", "interestExpense": "7725000", "nonInterestIncome": "None", "otherNonOperatingIncome": "None", "depreciation": "None", "depreciationAndAmortization": "27310000", "incomeBeforeTax": "124638000", "incomeTaxExpense": "30244000", "interestAndDebtExpense": "None", "netIncomeFromContinuingOperations": "94394000", "comprehensiveIncomeNetOfTax": "None", "ebit": "132424000", "ebitda": "159734000", "netIncome": "94394000"}, {"fiscalDateEnding": "2023-12-31", "reportedCurrency": "USD", "grossProfit": "383781000", "totalRevenue": "754086000", "costOfRevenue": "370305000", "costofGoodsAndServicesSold": "370305000", "operatingIncome": "139073000", "sellingGeneralAndAdministrative": "102578000", "researchAndDevelopment": "None", "operatingExpenses": "244708000", "investmentIncomeNet": "None", "netInterestIncome": "-8258000", "interestIncome": "None", "interestExpense": "8258000", "nonInterestIncome": "None", "otherNonOperatingIncome": "None", "depreciation": "None", "depreciationAndAmortization": "26143000", "incomeBeforeTax": "146675000", "incomeTaxExpense": "37872000", "interestAndDebtExpense": "None", "netIncomeFromContinuingOperations": "108803000", "comprehensiveIncomeNetOfTax": "None", "ebit": "154933000", "ebitda": "181076000", "netIncome": "108803000"}, {"fiscalDateEnding": "2023-09-30", "reportedCurrency": "USD", "grossProfit": "451894000", "totalRevenue": "840427000", "costOfRevenue": "388533000", "costofGoodsAndServicesSold": "388533000", "operatingIncome": "177124000", "sellingGeneralAndAdministrative": "244906000", "researchAndDevelopment": "None", "operatingExpenses": "269574000", "investmentIncomeNet": "None", "netInterestIncome": "-5547000", "interestIncome": "5547000", "interestExpense": "5547000", "nonInterestIncome": "None", "otherNonOperatingIncome": "None", "depreciation": "None", "depreciationAndAmortization": "24668000", "incomeBeforeTax": "172070000", "incomeTaxExpense": "44293000", "interestAndDebtExpense": "None", "netIncomeFromContinuingOperations": "127777000", "comprehensiveIncomeNetOfTax": "None", "ebit": "182320000", "ebitda": "206988000", "netIncome": "127777000"}, {"fiscalDateEnding": "2023-06-30", "reportedCurrency": "USD", "grossProfit": "436559000", "totalRevenue": "820750000", "costOfRevenue": "384191000", "costofGoodsAndServicesSold": "384191000", "operatingIncome": "154789000", "sellingGeneralAndAdministrative": "255331000", "researchAndDevelopment": "None", "operatingExpenses": "281770000", "investmentIncomeNet": "None", "netInterestIncome": "-4785000", "interestIncome": "4785000", "interestExpense": "4785000", "nonInterestIncome": "None", "otherNonOperatingIncome": "1019000", "depreciation": "None", "depreciationAndAmortization": "26439000", "incomeBeforeTax": "151023000", "incomeTaxExpense": "40880000", "interestAndDebtExpense": "None", "netIncomeFromContinuingOperations": "110143000", "comprehensiveIncomeNetOfTax": "None", "ebit": "155808000", "ebitda": "182247000", "netIncome": "110143000"}, {"fiscalDateEnding": "2023-03-31", "reportedCurrency": "USD", "grossProfit": "331173000", "totalRevenue": "658015000", "costOfRevenue": "326842000", "costofGoodsAndServicesSold": "326842000", "operatingIncome": "112240000", "sellingGeneralAndAdministrative": "196431000", "researchAndDevelopment": "None", "operatingExpenses": "218933000", "investmentIncomeNet": "None", "netInterestIncome": "-465000", "interestIncome": "465000", "interestExpense": "465000", "nonInterestIncome": "None", "otherNonOperatingIncome": "4714000", "depreciation": "None", "depreciationAndAmortization": "22502000", "incomeBeforeTax": "116489000", "incomeTaxExpense": "28255000", "interestAndDebtExpense": "None", "netIncomeFromContinuingOperations": "88234000", "comprehensiveIncomeNetOfTax": "None", "ebit": "116954000", "ebitda": "139456000", "netIncome": "88234000"}, {"fiscalDateEnding": "2022-12-31", "reportedCurrency": "USD", "grossProfit": "333777000", "totalRevenue": "661390000", "costOfRevenue": "327613000", "costofGoodsAndServicesSold": "327613000", "operatingIncome": "119916000", "sellingGeneralAndAdministrative": "87869000", "researchAndDevelopment": "None", "operatingExpenses": "213861000", "investmentIncomeNet": "None", "netInterestIncome": "-344000", "interestIncome": "344000", "interestExpense": "344000", "nonInterestIncome": "None", "otherNonOperatingIncome": "2997000", "depreciation": "None", "depreciationAndAmortization": "23033000", "incomeBeforeTax": "122569000", "incomeTaxExpense": "38300000", "interestAndDebtExpense": "None", "netIncomeFromContinuingOperations": "88233000", "comprehensiveIncomeNetOfTax": "None", "ebit": "119917000", "ebitda": "142950000", "netIncome": "88233000"}, {"fiscalDateEnding": "2022-09-30", "reportedCurrency": "USD", "grossProfit": "381546000", "totalRevenue": "729704000", "costOfRevenue": "348158000", "costofGoodsAndServicesSold": "348158000", "operatingIncome": "143683000", "sellingGeneralAndAdministrative": "213581000", "researchAndDevelopment": "None", "operatingExpenses": "237863000", "investmentIncomeNet": "None", "netInterestIncome": "-846000", "interestIncome": "846000", "interestExpense": "846000", "nonInterestIncome": "None", "otherNonOperatingIncome": "1980000", "depreciation": "None", "depreciationAndAmortization": "24282000", "incomeBeforeTax": "144817000", "incomeTaxExpense": "37195000", "interestAndDebtExpense": "None", "netIncomeFromContinuingOperations": "107622000", "comprehensiveIncomeNetOfTax": "None", "ebit": "145663000", "ebitda": "169945000", "netIncome": "108943000"}, {"fiscalDateEnding": "2022-06-30", "reportedCurrency": "USD", "grossProfit": "377269000", "totalRevenue": "714049000", "costOfRevenue": "336780000", "costofGoodsAndServicesSold": "336780000", "operatingIncome": "132957000", "sellingGeneralAndAdministrative": "219987000", "researchAndDevelopment": "None", "operatingExpenses": "244312000", "investmentIncomeNet": "None", "netInterestIncome": "-880000", "interestIncome": "880000", "interestExpense": "880000", "nonInterestIncome": "None", "otherNonOperatingIncome": "1911000", "depreciation": "None", "depreciationAndAmortization": "24325000", "incomeBeforeTax": "133988000", "incomeTaxExpense": "33689000", "interestAndDebtExpense": "None", "netIncomeFromContinuingOperations": "100299000", "comprehensiveIncomeNetOfTax": "None", "ebit": "134868000", "ebitda": "159193000", "netIncome": "101620000"}, {"fiscalDateEnding": "2022-03-31", "reportedCurrency": "USD", "grossProfit": "295302000", "totalRevenue": "590680000", "costOfRevenue": "295378000", "costofGoodsAndServicesSold": "295378000", "operatingIncome": "91670000", "sellingGeneralAndAdministrative": "178785000", "researchAndDevelopment": "None", "operatingExpenses": "203632000", "investmentIncomeNet": "None", "netInterestIncome": "-568000", "interestIncome": "568000", "interestExpense": "568000", "nonInterestIncome": "None", "otherNonOperatingIncome": "1279000", "depreciation": "None", "depreciationAndAmortization": "24847000", "incomeBeforeTax": "92381000", "incomeTaxExpense": "19936000", "interestAndDebtExpense": "None", "netIncomeFromContinuingOperations": "72445000", "comprehensiveIncomeNetOfTax": "None", "ebit": "92949000", "ebitda": "117796000", "netIncome": "73766000"}, {"fiscalDateEnding": "2021-12-31", "reportedCurrency": "USD", "grossProfit": "302614000", "totalRevenue": "600343000", "costOfRevenue": "297729000", "costofGoodsAndServicesSold": "297729000", "operatingIncome": "91390000", "sellingGeneralAndAdministrative": "187538000", "researchAndDevelopment": "None", "operatingExpenses": "211224000", "investmentIncomeNet": "None", "netInterestIncome": "504000", "interestIncome": "504000", "interestExpense": "504000", "nonInterestIncome": "None", "otherNonOperatingIncome": "None", "depreciation": "None", "depreciationAndAmortization": "23686000", "incomeBeforeTax": "93975000", "incomeTaxExpense": "28638000", "interestAndDebtExpense": "None", "netIncomeFromContinuingOperations": "65337000", "comprehensiveIncomeNetOfTax": "None", "ebit": "91390000", "ebitda": "115076000", "netIncome": "65337000"}, {"fiscalDateEnding": "2021-09-30", "reportedCurrency": "USD", "grossProfit": "344725000", "totalRevenue": "650199000", "costOfRevenue": "305474000", "costofGoodsAndServicesSold": "305474000", "operatingIncome": "126847000", "sellingGeneralAndAdministrative": "194261000", "researchAndDevelopment": "None", "operatingExpenses": "217878000", "investmentIncomeNet": "None", "netInterestIncome": "-222000", "interestIncome": "222000", "interestExpense": "222000", "nonInterestIncome": "None", "otherNonOperatingIncome": "447000", "depreciation": "None", "depreciationAndAmortization": "23617000", "incomeBeforeTax": "127072000", "incomeTaxExpense": "33219000", "interestAndDebtExpense": "None", "netIncomeFromContinuingOperations": "93853000", "comprehensiveIncomeNetOfTax": "None", "ebit": "126847000", "ebitda": "150464000", "netIncome": "93853000"}, {"fiscalDateEnding": "2021-06-30", "reportedCurrency": "USD", "grossProfit": "340342000", "totalRevenue": "638204000", "costOfRevenue": "297862000", "costofGoodsAndServicesSold": "297862000", "operatingIncome": "133554000", "sellingGeneralAndAdministrative": "183482000", "researchAndDevelopment": "None", "operatingExpenses": "206788000", "investmentIncomeNet": "None", "netInterestIncome": "-506000", "interestIncome": "506000", "interestExpense": "506000", "nonInterestIncome": "None", "otherNonOperatingIncome": "None", "depreciation": "None", "depreciationAndAmortization": "23306000", "incomeBeforeTax": "133939000", "incomeTaxExpense": "35085000", "interestAndDebtExpense": "None", "netIncomeFromContinuingOperations": "98854000", "comprehensiveIncomeNetOfTax": "None", "ebit": "133554000", "ebitda": "156860000", "netIncome": "98854000"}, {"fiscalDateEnding": "2021-03-31", "reportedCurrency": "USD", "grossProfit": "274002000", "totalRevenue": "535554000", "costOfRevenue": "261552000", "costofGoodsAndServicesSold": "261552000", "operatingIncome": "88198000", "sellingGeneralAndAdministrative": "162208000", "researchAndDevelopment": "None", "operatingExpenses": "185804000", "investmentIncomeNet": "None", "netInterestIncome": "-606000", "interestIncome": "606000", "interestExpense": "606000", "nonInterestIncome": "None", "otherNonOperatingIncome": "32260000", "depreciation": "None", "depreciationAndAmortization": "23596000", "incomeBeforeTax": "119852000", "incomeTaxExpense": "27209000", "interestAndDebtExpense": "None", "netIncomeFromContinuingOperations": "92643000", "comprehensiveIncomeNetOfTax": "None", "ebit": "120458000", "ebitda": "144054000", "netIncome": "92643000"}, {"fiscalDateEnding": "2020-12-31", "reportedCurrency": "USD", "grossProfit": "269948000", "totalRevenue": "536292000", "costOfRevenue": "266344000", "costofGoodsAndServicesSold": "266344000", "operatingIncome": "90058000", "sellingGeneralAndAdministrative": "159086000", "researchAndDevelopment": "None", "operatingExpenses": "181489000", "investmentIncomeNet": "None", "netInterestIncome": "-591000", "interestIncome": "591000", "interestExpense": "591000", "nonInterestIncome": "None", "otherNonOperatingIncome": "-970000", "depreciation": "None", "depreciationAndAmortization": "23518000", "incomeBeforeTax": "86898000", "incomeTaxExpense": "24279000", "interestAndDebtExpense": "None", "netIncomeFromContinuingOperations": "62619000", "comprehensiveIncomeNetOfTax": "None", "ebit": "86174000", "ebitda": "109692000", "netIncome": "62619000"}, {"fiscalDateEnding": "2020-09-30", "reportedCurrency": "USD", "grossProfit": "308224000", "totalRevenue": "583698000", "costOfRevenue": "275474000", "costofGoodsAndServicesSold": "275474000", "operatingIncome": "111123000", "sellingGeneralAndAdministrative": "174697000", "researchAndDevelopment": "None", "operatingExpenses": "197101000", "investmentIncomeNet": "None", "netInterestIncome": "-866000", "interestIncome": "866000", "interestExpense": "866000", "nonInterestIncome": "None", "otherNonOperatingIncome": "-1355000", "depreciation": "None", "depreciationAndAmortization": "22404000", "incomeBeforeTax": "108902000", "incomeTaxExpense": "29323000", "interestAndDebtExpense": "None", "netIncomeFromContinuingOperations": "79579000", "comprehensiveIncomeNetOfTax": "None", "ebit": "109768000", "ebitda": "132172000", "netIncome": "79579000"}, {"fiscalDateEnding": "2020-06-30", "reportedCurrency": "USD", "grossProfit": "297707000", "totalRevenue": "553329000", "costOfRevenue": "255622000", "costofGoodsAndServicesSold": "255622000", "operatingIncome": "104529000", "sellingGeneralAndAdministrative": "171253000", "researchAndDevelopment": "None", "operatingExpenses": "193178000", "investmentIncomeNet": "None", "netInterestIncome": "-1460000", "interestIncome": "1460000", "interestExpense": "1460000", "nonInterestIncome": "None", "otherNonOperatingIncome": "451000", "depreciation": "None", "depreciationAndAmortization": "21925000", "incomeBeforeTax": "103520000", "incomeTaxExpense": "28162000", "interestAndDebtExpense": "None", "netIncomeFromContinuingOperations": "75358000", "comprehensiveIncomeNetOfTax": "None", "ebit": "104980000", "ebitda": "126905000", "netIncome": "75358000"}, {"fiscalDateEnding": "2020-03-31", "reportedCurrency": "USD", "grossProfit": "236749000", "totalRevenue": "487901000", "costOfRevenue": "251152000", "costofGoodsAndServicesSold": "251152000", "operatingIncome": "57015000", "sellingGeneralAndAdministrative": "157862000", "researchAndDevelopment": "None", "operatingExpenses": "179459000", "investmentIncomeNet": "None", "netInterestIncome": "-2165000", "interestIncome": "2165000", "interestExpense": "2165000", "nonInterestIncome": "None", "otherNonOperatingIncome": "275000", "depreciation": "None", "depreciationAndAmortization": "21597000", "incomeBeforeTax": "55400000", "incomeTaxExpense": "12132000", "interestAndDebtExpense": "None", "netIncomeFromContinuingOperations": "43268000", "comprehensiveIncomeNetOfTax": "None", "ebit": "57565000", "ebitda": "79162000", "netIncome": "43268000"}, {"fiscalDateEnding": "2019-12-31", "reportedCurrency": "USD", "grossProfit": "251701000", "totalRevenue": "505985000", "costOfRevenue": "254284000", "costofGoodsAndServicesSold": "254284000", "operatingIncome": "75692000", "sellingGeneralAndAdministrative": "154796000", "researchAndDevelopment": "None", "operatingExpenses": "177402000", "investmentIncomeNet": "None", "netInterestIncome": "-2466000", "interestIncome": "2466000", "interestExpense": "2466000", "nonInterestIncome": "None", "otherNonOperatingIncome": "175000", "depreciation": "None", "depreciationAndAmortization": "21039000", "incomeBeforeTax": "72009000", "incomeTaxExpense": "21244000", "interestAndDebtExpense": "None", "netIncomeFromContinuingOperations": "50765000", "comprehensiveIncomeNetOfTax": "None", "ebit": "75867000", "ebitda": "96906000", "netIncome": "50765000"}, {"fiscalDateEnding": "2019-09-30", "reportedCurrency": "USD", "grossProfit": "287748000", "totalRevenue": "556466000", "costOfRevenue": "268718000", "costofGoodsAndServicesSold": "268718000", "operatingIncome": "148815000", "sellingGeneralAndAdministrative": "167168000", "researchAndDevelopment": "None", "operatingExpenses": "188858000", "investmentIncomeNet": "None", "netInterestIncome": "-2826000", "interestIncome": "2826000", "interestExpense": "102676000", "nonInterestIncome": "None", "otherNonOperatingIncome": "None", "depreciation": "None", "depreciationAndAmortization": "21690000", "incomeBeforeTax": "46139000", "incomeTaxExpense": "2078000", "interestAndDebtExpense": "None", "netIncomeFromContinuingOperations": "44061000", "comprehensiveIncomeNetOfTax": "None", "ebit": "148815000", "ebitda": "170505000", "netIncome": "44061000"}, {"fiscalDateEnding": "2019-06-30", "reportedCurrency": "USD", "grossProfit": "270624000", "totalRevenue": "523957000", "costOfRevenue": "253333000", "costofGoodsAndServicesSold": "253333000", "operatingIncome": "88354000", "sellingGeneralAndAdministrative": "161886000", "researchAndDevelopment": "None", "operatingExpenses": "182018000", "investmentIncomeNet": "None", "netInterestIncome": "-1899000", "interestIncome": "1899000", "interestExpense": "1395000", "nonInterestIncome": "None", "otherNonOperatingIncome": "252000", "depreciation": "None", "depreciationAndAmortization": "20132000", "incomeBeforeTax": "86959000", "incomeTaxExpense": "22664000", "interestAndDebtExpense": "None", "netIncomeFromContinuingOperations": "64295000", "comprehensiveIncomeNetOfTax": "None", "ebit": "88354000", "ebitda": "108486000", "netIncome": "64295000"}, {"fiscalDateEnding": "2019-03-31", "reportedCurrency": "USD", "grossProfit": "211811000", "totalRevenue": "429069000", "costOfRevenue": "217258000", "costofGoodsAndServicesSold": "217258000", "operatingIncome": "55417000", "sellingGeneralAndAdministrative": "139530000", "researchAndDevelopment": "None", "operatingExpenses": "156213000", "investmentIncomeNet": "None", "netInterestIncome": "274000", "interestIncome": "274000", "interestExpense": "636000", "nonInterestIncome": "None", "otherNonOperatingIncome": "181000", "depreciation": "None", "depreciationAndAmortization": "16683000", "incomeBeforeTax": "56053000", "incomeTaxExpense": "11827000", "interestAndDebtExpense": "None", "netIncomeFromContinuingOperations": "44226000", "comprehensiveIncomeNetOfTax": "None", "ebit": "55417000", "ebitda": "72100000", "netIncome": "44226000"}, {"fiscalDateEnding": "2018-12-31", "reportedCurrency": "USD", "grossProfit": "223389000", "totalRevenue": "444623000", "costOfRevenue": "221234000", "costofGoodsAndServicesSold": "221234000", "operatingIncome": "72905000", "sellingGeneralAndAdministrative": "135760000", "researchAndDevelopment": "0", "operatingExpenses": "152403000", "investmentIncomeNet": "None", "netInterestIncome": "None", "interestIncome": "None", "interestExpense": "1433000", "nonInterestIncome": "None", "otherNonOperatingIncome": "197000", "depreciation": "None", "depreciationAndAmortization": "16643000", "incomeBeforeTax": "71472000", "incomeTaxExpense": "20504000", "interestAndDebtExpense": "None", "netIncomeFromContinuingOperations": "50968000", "comprehensiveIncomeNetOfTax": "None", "ebit": "70985000", "ebitda": "87628000", "netIncome": "50968000"}, {"fiscalDateEnding": "2018-09-30", "reportedCurrency": "USD", "grossProfit": "251452000", "totalRevenue": "487739000", "costOfRevenue": "236287000", "costofGoodsAndServicesSold": "236287000", "operatingIncome": "90204000", "sellingGeneralAndAdministrative": "145072000", "researchAndDevelopment": "0", "operatingExpenses": "161939000", "investmentIncomeNet": "None", "netInterestIncome": "None", "interestIncome": "None", "interestExpense": "691000", "nonInterestIncome": "None", "otherNonOperatingIncome": "314000", "depreciation": "None", "depreciationAndAmortization": "16867000", "incomeBeforeTax": "89890000", "incomeTaxExpense": "23262000", "interestAndDebtExpense": "None", "netIncomeFromContinuingOperations": "66628000", "comprehensiveIncomeNetOfTax": "None", "ebit": "89513000", "ebitda": "106380000", "netIncome": "66628000"}, {"fiscalDateEnding": "2018-06-30", "reportedCurrency": "USD", "grossProfit": "249689000", "totalRevenue": "480461000", "costOfRevenue": "230772000", "costofGoodsAndServicesSold": "230772000", "operatingIncome": "90485000", "sellingGeneralAndAdministrative": "143379000", "researchAndDevelopment": "0", "operatingExpenses": "159745000", "investmentIncomeNet": "None", "netInterestIncome": "None", "interestIncome": "None", "interestExpense": "75000", "nonInterestIncome": "None", "otherNonOperatingIncome": "308000", "depreciation": "None", "depreciationAndAmortization": "16366000", "incomeBeforeTax": "90177000", "incomeTaxExpense": "24635000", "interestAndDebtExpense": "None", "netIncomeFromContinuingOperations": "65542000", "comprehensiveIncomeNetOfTax": "None", "ebit": "89944000", "ebitda": "106310000", "netIncome": "65542000"}, {"fiscalDateEnding": "2018-03-31", "reportedCurrency": "USD", "grossProfit": "202599000", "totalRevenue": "408742000", "costOfRevenue": "206143000", "costofGoodsAndServicesSold": "206143000", "operatingIncome": "59140000", "sellingGeneralAndAdministrative": "126487000", "researchAndDevelopment": "0", "operatingExpenses": "143403000", "investmentIncomeNet": "None", "netInterestIncome": "None", "interestIncome": "None", "interestExpense": "58000", "nonInterestIncome": "None", "otherNonOperatingIncome": "56000", "depreciation": "None", "depreciationAndAmortization": "16916000", "incomeBeforeTax": "59194000", "incomeTaxExpense": "10669000", "interestAndDebtExpense": "None", "netIncomeFromContinuingOperations": "48525000", "comprehensiveIncomeNetOfTax": "None", "ebit": "59140000", "ebitda": "76056000", "netIncome": "48525000"}, {"fiscalDateEnding": "2017-12-31", "reportedCurrency": "USD", "grossProfit": "207194000", "totalRevenue": "414713000", "costOfRevenue": "207519000", "costofGoodsAndServicesSold": "207519000", "operatingIncome": "69548000", "sellingGeneralAndAdministrative": "123680000", "researchAndDevelopment": "0", "operatingExpenses": "138630000", "investmentIncomeNet": "None", "netInterestIncome": "None", "interestIncome": "None", "interestExpense": "1004000", "nonInterestIncome": "None", "otherNonOperatingIncome": "62000", "depreciation": "None", "depreciationAndAmortization": "14950000", "incomeBeforeTax": "68544000", "incomeTaxExpense": "34809000", "interestAndDebtExpense": "None", "netIncomeFromContinuingOperations": "33735000", "comprehensiveIncomeNetOfTax": "None", "ebit": "68501000", "ebitda": "83451000", "netIncome": "33735000"}, {"fiscalDateEnding": "2017-09-30", "reportedCurrency": "USD", "grossProfit": "231661000", "totalRevenue": "450442000", "costOfRevenue": "218781000", "costofGoodsAndServicesSold": "218781000", "operatingIncome": "82627000", "sellingGeneralAndAdministrative": "134932000", "researchAndDevelopment": "0", "operatingExpenses": "149245000", "investmentIncomeNet": "None", "netInterestIncome": "None", "interestIncome": "None", "interestExpense": "211000", "nonInterestIncome": "None", "otherNonOperatingIncome": "66000", "depreciation": "None", "depreciationAndAmortization": "14313000", "incomeBeforeTax": "82561000", "incomeTaxExpense": "31131000", "interestAndDebtExpense": "None", "netIncomeFromContinuingOperations": "51430000", "comprehensiveIncomeNetOfTax": "None", "ebit": "82416000", "ebitda": "96729000", "netIncome": "51430000"}, {"fiscalDateEnding": "2017-06-30", "reportedCurrency": "USD", "grossProfit": "229075000", "totalRevenue": "433555000", "costOfRevenue": "204480000", "costofGoodsAndServicesSold": "204480000", "operatingIncome": "86226000", "sellingGeneralAndAdministrative": "129667000", "researchAndDevelopment": "0", "operatingExpenses": "143214000", "investmentIncomeNet": "None", "netInterestIncome": "None", "interestIncome": "None", "interestExpense": "365000", "nonInterestIncome": "None", "otherNonOperatingIncome": "88000", "depreciation": "None", "depreciationAndAmortization": "13547000", "incomeBeforeTax": "86139000", "incomeTaxExpense": "32450000", "interestAndDebtExpense": "None", "netIncomeFromContinuingOperations": "53689000", "comprehensiveIncomeNetOfTax": "None", "ebit": "86139000", "ebitda": "99686000", "netIncome": "53689000"}, {"fiscalDateEnding": "2017-03-31", "reportedCurrency": "USD", "grossProfit": "186084000", "totalRevenue": "375247000", "costOfRevenue": "189163000", "costofGoodsAndServicesSold": "189163000", "operatingIncome": "57133000", "sellingGeneralAndAdministrative": "115154000", "researchAndDevelopment": "0", "operatingExpenses": "128925000", "investmentIncomeNet": "None", "netInterestIncome": "None", "interestIncome": "None", "interestExpense": "125000", "nonInterestIncome": "None", "otherNonOperatingIncome": "26000", "depreciation": "None", "depreciationAndAmortization": "13771000", "incomeBeforeTax": "57258000", "incomeTaxExpense": "16988000", "interestAndDebtExpense": "None", "netIncomeFromContinuingOperations": "40270000", "comprehensiveIncomeNetOfTax": "None", "ebit": "57133000", "ebitda": "70904000", "netIncome": "40270000"}, {"fiscalDateEnding": "2016-12-31", "reportedCurrency": "USD", "grossProfit": "192619000", "totalRevenue": "385614000", "costOfRevenue": "192995000", "costofGoodsAndServicesSold": "192995000", "operatingIncome": "53420000", "sellingGeneralAndAdministrative": "126321000", "researchAndDevelopment": "0", "operatingExpenses": "140150000", "investmentIncomeNet": "None", "netInterestIncome": "None", "interestIncome": "None", "interestExpense": "890000", "nonInterestIncome": "None", "otherNonOperatingIncome": "57000", "depreciation": "None", "depreciationAndAmortization": "13829000", "incomeBeforeTax": "52530000", "incomeTaxExpense": "14523000", "interestAndDebtExpense": "None", "netIncomeFromContinuingOperations": "38007000", "comprehensiveIncomeNetOfTax": "None", "ebit": "52469000", "ebitda": "66298000", "netIncome": "38007000"}, {"fiscalDateEnding": "2016-09-30", "reportedCurrency": "USD", "grossProfit": "218386000", "totalRevenue": "423994000", "costOfRevenue": "205608000", "costofGoodsAndServicesSold": "205608000", "operatingIncome": "80018000", "sellingGeneralAndAdministrative": "125407000", "researchAndDevelopment": "0", "operatingExpenses": "138490000", "investmentIncomeNet": "None", "netInterestIncome": "None", "interestIncome": "None", "interestExpense": "122000", "nonInterestIncome": "None", "otherNonOperatingIncome": "52000", "depreciation": "None", "depreciationAndAmortization": "13083000", "incomeBeforeTax": "79966000", "incomeTaxExpense": "30315000", "interestAndDebtExpense": "None", "netIncomeFromContinuingOperations": "49651000", "comprehensiveIncomeNetOfTax": "None", "ebit": "79896000", "ebitda": "92979000", "netIncome": "49651000"}, {"fiscalDateEnding": "2016-06-30", "reportedCurrency": "USD", "grossProfit": "215190000", "totalRevenue": "411133000", "costOfRevenue": "195943000", "costofGoodsAndServicesSold": "195943000", "operatingIncome": "77541000", "sellingGeneralAndAdministrative": "126545000", "researchAndDevelopment": "0", "operatingExpenses": "138895000", "investmentIncomeNet": "None", "netInterestIncome": "None", "interestIncome": "None", "interestExpense": "1246000", "nonInterestIncome": "None", "otherNonOperatingIncome": "579000", "depreciation": "None", "depreciationAndAmortization": "12350000", "incomeBeforeTax": "76962000", "incomeTaxExpense": "29179000", "interestAndDebtExpense": "None", "netIncomeFromContinuingOperations": "47783000", "comprehensiveIncomeNetOfTax": "None", "ebit": "76295000", "ebitda": "88645000", "netIncome": "47783000"}, {"fiscalDateEnding": "2016-03-31", "reportedCurrency": "USD", "grossProfit": "174934000", "totalRevenue": "352736000", "costOfRevenue": "177802000", "costofGoodsAndServicesSold": "177802000", "operatingIncome": "50950000", "sellingGeneralAndAdministrative": "112255000", "researchAndDevelopment": "0", "operatingExpenses": "123895000", "investmentIncomeNet": "None", "netInterestIncome": "None", "interestIncome": "None", "interestExpense": "228000", "nonInterestIncome": "None", "otherNonOperatingIncome": "89000", "depreciation": "None", "depreciationAndAmortization": "11640000", "incomeBeforeTax": "51178000", "incomeTaxExpense": "19250000", "interestAndDebtExpense": "None", "netIncomeFromContinuingOperations": "31928000", "comprehensiveIncomeNetOfTax": "None", "ebit": "50950000", "ebitda": "62590000", "netIncome": "31928000"}, {"fiscalDateEnding": "2015-12-31", "reportedCurrency": "USD", "grossProfit": "180265000", "totalRevenue": "362500000", "costOfRevenue": "182235000", "costofGoodsAndServicesSold": "182235000", "operatingIncome": "53258000", "sellingGeneralAndAdministrative": "117601000", "researchAndDevelopment": "0", "operatingExpenses": "128941000", "investmentIncomeNet": "None", "netInterestIncome": "None", "interestIncome": "None", "interestExpense": "1459000", "nonInterestIncome": "None", "otherNonOperatingIncome": "449000", "depreciation": "None", "depreciationAndAmortization": "11340000", "incomeBeforeTax": "51799000", "incomeTaxExpense": "20050000", "interestAndDebtExpense": "None", "netIncomeFromContinuingOperations": "31749000", "comprehensiveIncomeNetOfTax": "None", "ebit": "50875000", "ebitda": "62215000", "netIncome": "31749000"}, {"fiscalDateEnding": "2015-09-30", "reportedCurrency": "USD", "grossProfit": "204257000", "totalRevenue": "399746000", "costOfRevenue": "195489000", "costofGoodsAndServicesSold": "195489000", "operatingIncome": "73688000", "sellingGeneralAndAdministrative": "121944000", "researchAndDevelopment": "0", "operatingExpenses": "133100000", "investmentIncomeNet": "None", "netInterestIncome": "None", "interestIncome": "None", "interestExpense": "2531000", "nonInterestIncome": "None", "otherNonOperatingIncome": "1255000", "depreciation": "None", "depreciationAndAmortization": "11156000", "incomeBeforeTax": "72433000", "incomeTaxExpense": "27387000", "interestAndDebtExpense": "None", "netIncomeFromContinuingOperations": "45046000", "comprehensiveIncomeNetOfTax": "None", "ebit": "71157000", "ebitda": "82313000", "netIncome": "45046000"}, {"fiscalDateEnding": "2015-06-30", "reportedCurrency": "USD", "grossProfit": "201941000", "totalRevenue": "392150000", "costOfRevenue": "190209000", "costofGoodsAndServicesSold": "190209000", "operatingIncome": "72528000", "sellingGeneralAndAdministrative": "118622000", "researchAndDevelopment": "0", "operatingExpenses": "129867000", "investmentIncomeNet": "None", "netInterestIncome": "None", "interestIncome": "None", "interestExpense": "454000", "nonInterestIncome": "None", "otherNonOperatingIncome": "194000", "depreciation": "None", "depreciationAndAmortization": "11245000", "incomeBeforeTax": "72334000", "incomeTaxExpense": "27261000", "interestAndDebtExpense": "None", "netIncomeFromContinuingOperations": "45073000", "comprehensiveIncomeNetOfTax": "None", "ebit": "72074000", "ebitda": "83319000", "netIncome": "45073000"}, {"fiscalDateEnding": "2015-03-31", "reportedCurrency": "USD", "grossProfit": "162866000", "totalRevenue": "330909000", "costOfRevenue": "168043000", "costofGoodsAndServicesSold": "168043000", "operatingIncome": "46455000", "sellingGeneralAndAdministrative": "105575000", "researchAndDevelopment": "0", "operatingExpenses": "116356000", "investmentIncomeNet": "None", "netInterestIncome": "None", "interestIncome": "None", "interestExpense": "157000", "nonInterestIncome": "None", "otherNonOperatingIncome": "55000", "depreciation": "None", "depreciationAndAmortization": "10781000", "incomeBeforeTax": "46612000", "incomeTaxExpense": "16331000", "interestAndDebtExpense": "None", "netIncomeFromContinuingOperations": "30281000", "comprehensiveIncomeNetOfTax": "None", "ebit": "46455000", "ebitda": "57236000", "netIncome": "30281000"}, {"fiscalDateEnding": "2014-12-31", "reportedCurrency": "USD", "grossProfit": "168972000", "totalRevenue": "343951000", "costOfRevenue": "174979000", "costofGoodsAndServicesSold": "174979000", "operatingIncome": "47033000", "sellingGeneralAndAdministrative": "111357000", "researchAndDevelopment": "0", "operatingExpenses": "122607000", "investmentIncomeNet": "None", "netInterestIncome": "None", "interestIncome": "None", "interestExpense": "498000", "nonInterestIncome": "None", "otherNonOperatingIncome": "618000", "depreciation": "None", "depreciationAndAmortization": "11250000", "incomeBeforeTax": "46535000", "incomeTaxExpense": "16618000", "interestAndDebtExpense": "None", "netIncomeFromContinuingOperations": "29917000", "comprehensiveIncomeNetOfTax": "None", "ebit": "45801000", "ebitda": "57051000", "netIncome": "29917000"}, {"fiscalDateEnding": "2014-09-30", "reportedCurrency": "USD", "grossProfit": "196060000", "totalRevenue": "384870000", "costOfRevenue": "188810000", "costofGoodsAndServicesSold": "188810000", "operatingIncome": "65944000", "sellingGeneralAndAdministrative": "118679000", "researchAndDevelopment": "0", "operatingExpenses": "130116000", "investmentIncomeNet": "None", "netInterestIncome": "None", "interestIncome": "None", "interestExpense": "24000", "nonInterestIncome": "None", "otherNonOperatingIncome": "None", "depreciation": "None", "depreciationAndAmortization": "11437000", "incomeBeforeTax": "65920000", "incomeTaxExpense": "24799000", "interestAndDebtExpense": "None", "netIncomeFromContinuingOperations": "41121000", "comprehensiveIncomeNetOfTax": "None", "ebit": "65944000", "ebitda": "77381000", "netIncome": "41121000"}, {"fiscalDateEnding": "2014-06-30", "reportedCurrency": "USD", "grossProfit": "186715000", "totalRevenue": "369357000", "costOfRevenue": "182642000", "costofGoodsAndServicesSold": "182642000", "operatingIncome": "65671000", "sellingGeneralAndAdministrative": "110522000", "researchAndDevelopment": "0", "operatingExpenses": "121130000", "investmentIncomeNet": "None", "netInterestIncome": "None", "interestIncome": "None", "interestExpense": "86000", "nonInterestIncome": "None", "otherNonOperatingIncome": "None", "depreciation": "None", "depreciationAndAmortization": "10608000", "incomeBeforeTax": "65671000", "incomeTaxExpense": "24811000", "interestAndDebtExpense": "None", "netIncomeFromContinuingOperations": "40860000", "comprehensiveIncomeNetOfTax": "None", "ebit": "65585000", "ebitda": "76193000", "netIncome": "40860000"}, {"fiscalDateEnding": "2014-03-31", "reportedCurrency": "USD", "grossProfit": "152080000", "totalRevenue": "313388000", "costOfRevenue": "161308000", "costofGoodsAndServicesSold": "161308000", "operatingIncome": "41282000", "sellingGeneralAndAdministrative": "100832000", "researchAndDevelopment": "0", "operatingExpenses": "111046000", "investmentIncomeNet": "None", "netInterestIncome": "None", "interestIncome": "None", "interestExpense": "76000", "nonInterestIncome": "None", "otherNonOperatingIncome": "None", "depreciation": "None", "depreciationAndAmortization": "10214000", "incomeBeforeTax": "41358000", "incomeTaxExpense": "15592000", "interestAndDebtExpense": "None", "netIncomeFromContinuingOperations": "25766000", "comprehensiveIncomeNetOfTax": "None", "ebit": "41034000", "ebitda": "51248000", "netIncome": "25766000"}, {"fiscalDateEnding": "2013-12-31", "reportedCurrency": "USD", "grossProfit": "157350000", "totalRevenue": "324707000", "costOfRevenue": "167357000", "costofGoodsAndServicesSold": "167357000", "operatingIncome": "40909000", "sellingGeneralAndAdministrative": "106362000", "researchAndDevelopment": "0", "operatingExpenses": "116195000", "investmentIncomeNet": "None", "netInterestIncome": "None", "interestIncome": "None", "interestExpense": "277000", "nonInterestIncome": "None", "otherNonOperatingIncome": "165000", "depreciation": "None", "depreciationAndAmortization": "9833000", "incomeBeforeTax": "41186000", "incomeTaxExpense": "13229000", "interestAndDebtExpense": "None", "netIncomeFromContinuingOperations": "27957000", "comprehensiveIncomeNetOfTax": "None", "ebit": "40909000", "ebitda": "50742000", "netIncome": "27957000"}, {"fiscalDateEnding": "2013-09-30", "reportedCurrency": "USD", "grossProfit": "181020000", "totalRevenue": "362155000", "costOfRevenue": "181135000", "costofGoodsAndServicesSold": "181135000", "operatingIncome": "58017000", "sellingGeneralAndAdministrative": "113028000", "researchAndDevelopment": "0", "operatingExpenses": "123104000", "investmentIncomeNet": "None", "netInterestIncome": "None", "interestIncome": "None", "interestExpense": "101000", "nonInterestIncome": "None", "otherNonOperatingIncome": "None", "depreciation": "None", "depreciationAndAmortization": "10076000", "incomeBeforeTax": "58017000", "incomeTaxExpense": "21817000", "interestAndDebtExpense": "None", "netIncomeFromContinuingOperations": "36200000", "comprehensiveIncomeNetOfTax": "None", "ebit": "57916000", "ebitda": "67992000", "netIncome": "36200000"}, {"fiscalDateEnding": "2013-06-30", "reportedCurrency": "USD", "grossProfit": "176437000", "totalRevenue": "350798000", "costOfRevenue": "174361000", "costofGoodsAndServicesSold": "174361000", "operatingIncome": "57278000", "sellingGeneralAndAdministrative": "109518000", "researchAndDevelopment": "0", "operatingExpenses": "119286000", "investmentIncomeNet": "None", "netInterestIncome": "None", "interestIncome": "None", "interestExpense": "127000", "nonInterestIncome": "None", "otherNonOperatingIncome": "None", "depreciation": "None", "depreciationAndAmortization": "9768000", "incomeBeforeTax": "57278000", "incomeTaxExpense": "21284000", "interestAndDebtExpense": "None", "netIncomeFromContinuingOperations": "35994000", "comprehensiveIncomeNetOfTax": "None", "ebit": "57151000", "ebitda": "66919000", "netIncome": "35994000"}, {"fiscalDateEnding": "2013-03-31", "reportedCurrency": "USD", "grossProfit": "144108000", "totalRevenue": "299714000", "costOfRevenue": "155606000", "costofGoodsAndServicesSold": "155606000", "operatingIncome": "35080000", "sellingGeneralAndAdministrative": "99134000", "researchAndDevelopment": "0", "operatingExpenses": "109028000", "investmentIncomeNet": "None", "netInterestIncome": "None", "interestIncome": "None", "interestExpense": "45000", "nonInterestIncome": "None", "otherNonOperatingIncome": "None", "depreciation": "None", "depreciationAndAmortization": "9894000", "incomeBeforeTax": "35125000", "incomeTaxExpense": "11946000", "interestAndDebtExpense": "None", "netIncomeFromContinuingOperations": "23179000", "comprehensiveIncomeNetOfTax": "None", "ebit": "35080000", "ebitda": "44974000", "netIncome": "23179000"}, {"fiscalDateEnding": "2012-12-31", "reportedCurrency": "USD", "grossProfit": "143368000", "totalRevenue": "306393000", "costOfRevenue": "163025000", "costofGoodsAndServicesSold": "163025000", "operatingIncome": "35482000", "sellingGeneralAndAdministrative": "97608000", "researchAndDevelopment": "0", "operatingExpenses": "107418000", "investmentIncomeNet": "None", "netInterestIncome": "None", "interestIncome": "None", "interestExpense": "456000", "nonInterestIncome": "None", "otherNonOperatingIncome": "468000", "depreciation": "None", "depreciationAndAmortization": "9810000", "incomeBeforeTax": "35026000", "incomeTaxExpense": "12112000", "interestAndDebtExpense": "None", "netIncomeFromContinuingOperations": "22914000", "comprehensiveIncomeNetOfTax": "None", "ebit": "35482000", "ebitda": "45292000", "netIncome": "22914000"}, {"fiscalDateEnding": "2012-09-30", "reportedCurrency": "USD", "grossProfit": "169701000", "totalRevenue": "340179000", "costOfRevenue": "170478000", "costofGoodsAndServicesSold": "170478000", "operatingIncome": "51716000", "sellingGeneralAndAdministrative": "108520000", "researchAndDevelopment": "0", "operatingExpenses": "117985000", "investmentIncomeNet": "None", "netInterestIncome": "None", "interestIncome": "None", "interestExpense": "19000", "nonInterestIncome": "None", "otherNonOperatingIncome": "None", "depreciation": "None", "depreciationAndAmortization": "9465000", "incomeBeforeTax": "51697000", "incomeTaxExpense": "19486000", "interestAndDebtExpense": "None", "netIncomeFromContinuingOperations": "32211000", "comprehensiveIncomeNetOfTax": "None", "ebit": "51716000", "ebitda": "61181000", "netIncome": "32211000"}, {"fiscalDateEnding": "2012-06-30", "reportedCurrency": "USD", "grossProfit": "168879000", "totalRevenue": "334872000", "costOfRevenue": "165993000", "costofGoodsAndServicesSold": "165993000", "operatingIncome": "53198000", "sellingGeneralAndAdministrative": "106068000", "researchAndDevelopment": "0", "operatingExpenses": "115681000", "investmentIncomeNet": "None", "netInterestIncome": "None", "interestIncome": "None", "interestExpense": "20000", "nonInterestIncome": "None", "otherNonOperatingIncome": "None", "depreciation": "None", "depreciationAndAmortization": "9613000", "incomeBeforeTax": "53178000", "incomeTaxExpense": "20051000", "interestAndDebtExpense": "None", "netIncomeFromContinuingOperations": "33127000", "comprehensiveIncomeNetOfTax": "None", "ebit": "53198000", "ebitda": "62811000", "netIncome": "33127000"}, {"fiscalDateEnding": "2012-03-31", "reportedCurrency": "USD", "grossProfit": "141383000", "totalRevenue": "289465000", "costOfRevenue": "148082000", "costofGoodsAndServicesSold": "148082000", "operatingIncome": "36792000", "sellingGeneralAndAdministrative": "94824000", "researchAndDevelopment": "0", "operatingExpenses": "104591000", "investmentIncomeNet": "None", "netInterestIncome": "None", "interestIncome": "None", "interestExpense": "51000", "nonInterestIncome": "None", "otherNonOperatingIncome": "None", "depreciation": "None", "depreciationAndAmortization": "9767000", "incomeBeforeTax": "36741000", "incomeTaxExpense": "13661000", "interestAndDebtExpense": "None", "netIncomeFromContinuingOperations": "23080000", "comprehensiveIncomeNetOfTax": "None", "ebit": "36792000", "ebitda": "46559000", "netIncome": "23080000"}, {"fiscalDateEnding": "2011-12-31", "reportedCurrency": "USD", "grossProfit": "137854000", "totalRevenue": "289056000", "costOfRevenue": "151202000", "costofGoodsAndServicesSold": "151202000", "operatingIncome": "34712000", "sellingGeneralAndAdministrative": "93059000", "researchAndDevelopment": "0", "operatingExpenses": "103142000", "investmentIncomeNet": "None", "netInterestIncome": "None", "interestIncome": "None", "interestExpense": "59000", "nonInterestIncome": "None", "otherNonOperatingIncome": "-405000", "depreciation": "None", "depreciationAndAmortization": "9678000", "incomeBeforeTax": "34653000", "incomeTaxExpense": "13058000", "interestAndDebtExpense": "None", "netIncomeFromContinuingOperations": "21595000", "comprehensiveIncomeNetOfTax": "None", "ebit": "34712000", "ebitda": "44390000", "netIncome": "21595000"}, {"fiscalDateEnding": "2011-09-30", "reportedCurrency": "USD", "grossProfit": "158832000", "totalRevenue": "323929000", "costOfRevenue": "165097000", "costofGoodsAndServicesSold": "165097000", "operatingIncome": "47099000", "sellingGeneralAndAdministrative": "102396000", "researchAndDevelopment": "0", "operatingExpenses": "111733000", "investmentIncomeNet": "None", "netInterestIncome": "None", "interestIncome": "None", "interestExpense": "79000", "nonInterestIncome": "None", "otherNonOperatingIncome": "None", "depreciation": "None", "depreciationAndAmortization": "9337000", "incomeBeforeTax": "47020000", "incomeTaxExpense": "17605000", "interestAndDebtExpense": "None", "netIncomeFromContinuingOperations": "29415000", "comprehensiveIncomeNetOfTax": "None", "ebit": "47099000", "ebitda": "56436000", "netIncome": "29415000"}, {"fiscalDateEnding": "2011-06-30", "reportedCurrency": "USD", "grossProfit": "160791000", "totalRevenue": "320436000", "costOfRevenue": "159645000", "costofGoodsAndServicesSold": "159645000", "operatingIncome": "49746000", "sellingGeneralAndAdministrative": "101757000", "researchAndDevelopment": "0", "operatingExpenses": "110867000", "investmentIncomeNet": "None", "netInterestIncome": "None", "interestIncome": "None", "interestExpense": "178000", "nonInterestIncome": "None", "otherNonOperatingIncome": "None", "depreciation": "None", "depreciationAndAmortization": "9288000", "incomeBeforeTax": "49568000", "incomeTaxExpense": "18507000", "interestAndDebtExpense": "None", "netIncomeFromContinuingOperations": "31061000", "comprehensiveIncomeNetOfTax": "None", "ebit": "49746000", "ebitda": "59034000", "netIncome": "31061000"}, {"fiscalDateEnding": "2011-03-31", "reportedCurrency": "USD", "grossProfit": "130745000", "totalRevenue": "271643000", "costOfRevenue": "140898000", "costofGoodsAndServicesSold": "140898000", "operatingIncome": "30047000", "sellingGeneralAndAdministrative": "91498000", "researchAndDevelopment": "0", "operatingExpenses": "100698000", "investmentIncomeNet": "None", "netInterestIncome": "None", "interestIncome": "None", "interestExpense": "192000", "nonInterestIncome": "None", "otherNonOperatingIncome": "None", "depreciation": "None", "depreciationAndAmortization": "9200000", "incomeBeforeTax": "29855000", "incomeTaxExpense": "11215000", "interestAndDebtExpense": "None", "netIncomeFromContinuingOperations": "18640000", "comprehensiveIncomeNetOfTax": "None", "ebit": "30047000", "ebitda": "39247000", "netIncome": "18640000"}, {"fiscalDateEnding": "2010-12-31", "reportedCurrency": "USD", "grossProfit": "132306000", "totalRevenue": "279928000", "costOfRevenue": "147622000", "costofGoodsAndServicesSold": "147622000", "operatingIncome": "30317000", "sellingGeneralAndAdministrative": "92506000", "researchAndDevelopment": "0", "operatingExpenses": "101866000", "investmentIncomeNet": "None", "netInterestIncome": "None", "interestIncome": "None", "interestExpense": "172000", "nonInterestIncome": "None", "otherNonOperatingIncome": "None", "depreciation": "None", "depreciationAndAmortization": "9365000", "incomeBeforeTax": "30145000", "incomeTaxExpense": "10939000", "interestAndDebtExpense": "None", "netIncomeFromContinuingOperations": "0", "comprehensiveIncomeNetOfTax": "None", "ebit": "30317000", "ebitda": "39682000", "netIncome": "19206000"}, {"fiscalDateEnding": "2010-09-30", "reportedCurrency": "USD", "grossProfit": "149054000", "totalRevenue": "305118000", "costOfRevenue": "156064000", "costofGoodsAndServicesSold": "156064000", "operatingIncome": "41069000", "sellingGeneralAndAdministrative": "98909000", "researchAndDevelopment": "0", "operatingExpenses": "107985000", "investmentIncomeNet": "None", "netInterestIncome": "None", "interestIncome": "None", "interestExpense": "100000", "nonInterestIncome": "None", "otherNonOperatingIncome": "None", "depreciation": "None", "depreciationAndAmortization": "9076000", "incomeBeforeTax": "40969000", "incomeTaxExpense": "15456000", "interestAndDebtExpense": "None", "netIncomeFromContinuingOperations": "25513000", "comprehensiveIncomeNetOfTax": "None", "ebit": "41069000", "ebitda": "50145000", "netIncome": "25513000"}, {"fiscalDateEnding": "2010-06-30", "reportedCurrency": "USD", "grossProfit": "150375000", "totalRevenue": "298803000", "costOfRevenue": "148428000", "costofGoodsAndServicesSold": "148428000", "operatingIncome": "44445000", "sellingGeneralAndAdministrative": "96772000", "researchAndDevelopment": "0", "operatingExpenses": "105930000", "investmentIncomeNet": "None", "netInterestIncome": "None", "interestIncome": "None", "interestExpense": "66000", "nonInterestIncome": "None", "otherNonOperatingIncome": "-191000", "depreciation": "None", "depreciationAndAmortization": "8967000", "incomeBeforeTax": "44379000", "incomeTaxExpense": "16679000", "interestAndDebtExpense": "None", "netIncomeFromContinuingOperations": "27700000", "comprehensiveIncomeNetOfTax": "None", "ebit": "44445000", "ebitda": "53412000", "netIncome": "27700000"}, {"fiscalDateEnding": "2010-03-31", "reportedCurrency": "USD", "grossProfit": "122066000", "totalRevenue": "253041000", "costOfRevenue": "130975000", "costofGoodsAndServicesSold": "130975000", "operatingIncome": "28151000", "sellingGeneralAndAdministrative": "85101000", "researchAndDevelopment": "0", "operatingExpenses": "93915000", "investmentIncomeNet": "None", "netInterestIncome": "None", "interestIncome": "None", "interestExpense": "99000", "nonInterestIncome": "None", "otherNonOperatingIncome": "None", "depreciation": "None", "depreciationAndAmortization": "9000000", "incomeBeforeTax": "28052000", "incomeTaxExpense": "10469000", "interestAndDebtExpense": "None", "netIncomeFromContinuingOperations": "0", "comprehensiveIncomeNetOfTax": "None", "ebit": "28151000", "ebitda": "37151000", "netIncome": "17583000"}, {"fiscalDateEnding": "2009-12-31", "reportedCurrency": "USD", "grossProfit": "123005000", "totalRevenue": "259567000", "costOfRevenue": "136562000", "costofGoodsAndServicesSold": "136562000", "operatingIncome": "25397000", "sellingGeneralAndAdministrative": "88563000", "researchAndDevelopment": "0", "operatingExpenses": "97608000", "investmentIncomeNet": "None", "netInterestIncome": "None", "interestIncome": "None", "interestExpense": "118000", "nonInterestIncome": "None", "otherNonOperatingIncome": "None", "depreciation": "None", "depreciationAndAmortization": "9045000", "incomeBeforeTax": "22344000", "incomeTaxExpense": "2383000", "interestAndDebtExpense": "None", "netIncomeFromContinuingOperations": "0", "comprehensiveIncomeNetOfTax": "None", "ebit": "22462000", "ebitda": "31507000", "netIncome": "19961000"}, {"fiscalDateEnding": "2009-09-30", "reportedCurrency": "USD", "grossProfit": "139416000", "totalRevenue": "286852000", "costOfRevenue": "147436000", "costofGoodsAndServicesSold": "147436000", "operatingIncome": "36862000", "sellingGeneralAndAdministrative": "93233000", "researchAndDevelopment": "0", "operatingExpenses": "102584000", "investmentIncomeNet": "None", "netInterestIncome": "None", "interestIncome": "None", "interestExpense": "159000", "nonInterestIncome": "None", "otherNonOperatingIncome": "None", "depreciation": "None", "depreciationAndAmortization": "9321000", "incomeBeforeTax": "36673000", "incomeTaxExpense": "13940000", "interestAndDebtExpense": "None", "netIncomeFromContinuingOperations": "0", "comprehensiveIncomeNetOfTax": "None", "ebit": "36832000", "ebitda": "46153000", "netIncome": "22733000"}, {"fiscalDateEnding": "2009-06-30", "reportedCurrency": "USD", "grossProfit": "142934000", "totalRevenue": "284567000", "costOfRevenue": "141633000", "costofGoodsAndServicesSold": "141633000", "operatingIncome": "41772000", "sellingGeneralAndAdministrative": "91806000", "researchAndDevelopment": "0", "operatingExpenses": "101162000", "investmentIncomeNet": "None", "netInterestIncome": "None", "interestIncome": "None", "interestExpense": "259000", "nonInterestIncome": "None", "otherNonOperatingIncome": "None", "depreciation": "None", "depreciationAndAmortization": "9374000", "incomeBeforeTax": "41513000", "incomeTaxExpense": "16031000", "interestAndDebtExpense": "None", "netIncomeFromContinuingOperations": "0", "comprehensiveIncomeNetOfTax": "None", "ebit": "41772000", "ebitda": "51146000", "netIncome": "25482000"}, {"fiscalDateEnding": "2009-03-31", "reportedCurrency": "USD", "grossProfit": "117601000", "totalRevenue": "242972000", "costOfRevenue": "125371000", "costofGoodsAndServicesSold": "125371000", "operatingIncome": "26189000", "sellingGeneralAndAdministrative": "81988000", "researchAndDevelopment": "0", "operatingExpenses": "91412000", "investmentIncomeNet": "None", "netInterestIncome": "None", "interestIncome": "None", "interestExpense": "428000", "nonInterestIncome": "None", "otherNonOperatingIncome": "None", "depreciation": "None", "depreciationAndAmortization": "9429000", "incomeBeforeTax": "25761000", "incomeTaxExpense": "9953000", "interestAndDebtExpense": "None", "netIncomeFromContinuingOperations": "0", "comprehensiveIncomeNetOfTax": "None", "ebit": "26189000", "ebitda": "35618000", "netIncome": "15808000"}, {"fiscalDateEnding": "2008-12-31", "reportedCurrency": "USD", "grossProfit": "115026000", "totalRevenue": "248076000", "costOfRevenue": "133050000", "costofGoodsAndServicesSold": "133050000", "operatingIncome": "21976000", "sellingGeneralAndAdministrative": "84120000", "researchAndDevelopment": "0", "operatingExpenses": "93050000", "investmentIncomeNet": "None", "netInterestIncome": "None", "interestIncome": "None", "interestExpense": "1102000", "nonInterestIncome": "None", "otherNonOperatingIncome": "None", "depreciation": "None", "depreciationAndAmortization": "9096000", "incomeBeforeTax": "20874000", "incomeTaxExpense": "8321000", "interestAndDebtExpense": "None", "netIncomeFromContinuingOperations": "0", "comprehensiveIncomeNetOfTax": "None", "ebit": "21976000", "ebitda": "31072000", "netIncome": "12553000"}, {"fiscalDateEnding": "2008-09-30", "reportedCurrency": "USD", "grossProfit": "132496000", "totalRevenue": "277911000", "costOfRevenue": "145415000", "costofGoodsAndServicesSold": "145415000", "operatingIncome": "31871000", "sellingGeneralAndAdministrative": "91440000", "researchAndDevelopment": "0", "operatingExpenses": "100471000", "investmentIncomeNet": "None", "netInterestIncome": "None", "interestIncome": "None", "interestExpense": "134000", "nonInterestIncome": "None", "otherNonOperatingIncome": "None", "depreciation": "None", "depreciationAndAmortization": "9031000", "incomeBeforeTax": "32005000", "incomeTaxExpense": "12201000", "interestAndDebtExpense": "None", "netIncomeFromContinuingOperations": "0", "comprehensiveIncomeNetOfTax": "None", "ebit": "31871000", "ebitda": "40902000", "netIncome": "19804000"}, {"fiscalDateEnding": "2008-06-30", "reportedCurrency": "USD", "grossProfit": "138423000", "totalRevenue": "284499000", "costOfRevenue": "146076000", "costofGoodsAndServicesSold": "146076000", "operatingIncome": "37694000", "sellingGeneralAndAdministrative": "92030000", "researchAndDevelopment": "0", "operatingExpenses": "100715000", "investmentIncomeNet": "None", "netInterestIncome": "None", "interestIncome": "None", "interestExpense": "365000", "nonInterestIncome": "None", "otherNonOperatingIncome": "None", "depreciation": "None", "depreciationAndAmortization": "8685000", "incomeBeforeTax": "37329000", "incomeTaxExpense": "14591000", "interestAndDebtExpense": "None", "netIncomeFromContinuingOperations": "0", "comprehensiveIncomeNetOfTax": "None", "ebit": "37694000", "ebitda": "46379000", "netIncome": "22738000"}, {"fiscalDateEnding": "2008-03-31", "reportedCurrency": "USD", "grossProfit": "99719000", "totalRevenue": "210078000", "costOfRevenue": "110359000", "costofGoodsAndServicesSold": "110359000", "operatingIncome": "22767000", "sellingGeneralAndAdministrative": "70760000", "researchAndDevelopment": "0", "operatingExpenses": "77391000", "investmentIncomeNet": "None", "netInterestIncome": "None", "interestIncome": "None", "interestExpense": "439000", "nonInterestIncome": "None", "otherNonOperatingIncome": "None", "depreciation": "None", "depreciationAndAmortization": "6631000", "incomeBeforeTax": "22746000", "incomeTaxExpense": "8907000", "interestAndDebtExpense": "None", "netIncomeFromContinuingOperations": "0", "comprehensiveIncomeNetOfTax": "None", "ebit": "22746000", "ebitda": "29377000", "netIncome": "13839000"}, {"fiscalDateEnding": "2007-12-31", "reportedCurrency": "USD", "grossProfit": "98755000", "totalRevenue": "215954000", "costOfRevenue": "117199000", "costofGoodsAndServicesSold": "117199000", "operatingIncome": "17597000", "sellingGeneralAndAdministrative": "74633000", "researchAndDevelopment": "0", "operatingExpenses": "81219000", "investmentIncomeNet": "None", "netInterestIncome": "None", "interestIncome": "None", "interestExpense": "1766000", "nonInterestIncome": "None", "otherNonOperatingIncome": "None", "depreciation": "None", "depreciationAndAmortization": "6586000", "incomeBeforeTax": "18224000", "incomeTaxExpense": "6290000", "interestAndDebtExpense": "None", "netIncomeFromContinuingOperations": "0", "comprehensiveIncomeNetOfTax": "None", "ebit": "17597000", "ebitda": "24183000", "netIncome": "11934000"}, {"fiscalDateEnding": "2007-09-30", "reportedCurrency": "USD", "grossProfit": "115087000", "totalRevenue": "238116000", "costOfRevenue": "123029000", "costofGoodsAndServicesSold": "123029000", "operatingIncome": "30031000", "sellingGeneralAndAdministrative": "78154000", "researchAndDevelopment": "0", "operatingExpenses": "85039000", "investmentIncomeNet": "None", "netInterestIncome": "None", "interestIncome": "None", "interestExpense": "500000", "nonInterestIncome": "None", "otherNonOperatingIncome": "None", "depreciation": "None", "depreciationAndAmortization": "6885000", "incomeBeforeTax": "30531000", "incomeTaxExpense": "11766000", "interestAndDebtExpense": "None", "netIncomeFromContinuingOperations": "0", "comprehensiveIncomeNetOfTax": "None", "ebit": "30031000", "ebitda": "36916000", "netIncome": "18765000"}, {"fiscalDateEnding": "2007-06-30", "reportedCurrency": "USD", "grossProfit": "118017000", "totalRevenue": "239618000", "costOfRevenue": "121601000", "costofGoodsAndServicesSold": "121601000", "operatingIncome": "35019000", "sellingGeneralAndAdministrative": "76787000", "researchAndDevelopment": "0", "operatingExpenses": "83698000", "investmentIncomeNet": "None", "netInterestIncome": "None", "interestIncome": "None", "interestExpense": "700000", "nonInterestIncome": "None", "otherNonOperatingIncome": "None", "depreciation": "None", "depreciationAndAmortization": "6911000", "incomeBeforeTax": "34930000", "incomeTaxExpense": "13691000", "interestAndDebtExpense": "None", "netIncomeFromContinuingOperations": "0", "comprehensiveIncomeNetOfTax": "None", "ebit": "34319000", "ebitda": "41230000", "netIncome": "21239000"}, {"fiscalDateEnding": "2007-03-31", "reportedCurrency": "USD", "grossProfit": "94396000", "totalRevenue": "201232000", "costOfRevenue": "106836000", "costofGoodsAndServicesSold": "106836000", "operatingIncome": "20662000", "sellingGeneralAndAdministrative": "67041000", "researchAndDevelopment": "0", "operatingExpenses": "73727000", "investmentIncomeNet": "None", "netInterestIncome": "None", "interestIncome": "None", "interestExpense": "566000", "nonInterestIncome": "None", "otherNonOperatingIncome": "None", "depreciation": "None", "depreciationAndAmortization": "6686000", "incomeBeforeTax": "21228000", "incomeTaxExpense": "8435000", "interestAndDebtExpense": "None", "netIncomeFromContinuingOperations": "0", "comprehensiveIncomeNetOfTax": "None", "ebit": "20662000", "ebitda": "27348000", "netIncome": "12793000"}, {"fiscalDateEnding": "2006-12-31", "reportedCurrency": "USD", "grossProfit": "92039000", "totalRevenue": "204653000", "costOfRevenue": "112614000", "costofGoodsAndServicesSold": "112614000", "operatingIncome": "16275000", "sellingGeneralAndAdministrative": "69238000", "researchAndDevelopment": "0", "operatingExpenses": "75698000", "investmentIncomeNet": "None", "netInterestIncome": "None", "interestIncome": "None", "interestExpense": "998000", "nonInterestIncome": "None", "otherNonOperatingIncome": "None", "depreciation": "None", "depreciationAndAmortization": "6460000", "incomeBeforeTax": "16946000", "incomeTaxExpense": "6407000", "interestAndDebtExpense": "None", "netIncomeFromContinuingOperations": "0", "comprehensiveIncomeNetOfTax": "None", "ebit": "16275000", "ebitda": "22735000", "netIncome": "10539000"}, {"fiscalDateEnding": "2006-09-30", "reportedCurrency": "USD", "grossProfit": "108610000", "totalRevenue": "227816000", "costOfRevenue": "119206000", "costofGoodsAndServicesSold": "119206000", "operatingIncome": "27459000", "sellingGeneralAndAdministrative": "74472000", "researchAndDevelopment": "0", "operatingExpenses": "81134000", "investmentIncomeNet": "None", "netInterestIncome": "None", "interestIncome": "None", "interestExpense": "366000", "nonInterestIncome": "None", "otherNonOperatingIncome": "None", "depreciation": "None", "depreciationAndAmortization": "6662000", "incomeBeforeTax": "27825000", "incomeTaxExpense": "10788000", "interestAndDebtExpense": "None", "netIncomeFromContinuingOperations": "0", "comprehensiveIncomeNetOfTax": "None", "ebit": "27459000", "ebitda": "34121000", "netIncome": "17037000"}, {"fiscalDateEnding": "2006-06-30", "reportedCurrency": "USD", "grossProfit": "113187000", "totalRevenue": "232222000", "costOfRevenue": "119035000", "costofGoodsAndServicesSold": "119035000", "operatingIncome": "31876000", "sellingGeneralAndAdministrative": "74368000", "researchAndDevelopment": "0", "operatingExpenses": "81313000", "investmentIncomeNet": "None", "netInterestIncome": "None", "interestIncome": "None", "interestExpense": "340000", "nonInterestIncome": "None", "otherNonOperatingIncome": "None", "depreciation": "None", "depreciationAndAmortization": "6945000", "incomeBeforeTax": "32216000", "incomeTaxExpense": "12886000", "interestAndDebtExpense": "None", "netIncomeFromContinuingOperations": "0", "comprehensiveIncomeNetOfTax": "None", "ebit": "31876000", "ebitda": "38821000", "netIncome": "19330000"}, {"fiscalDateEnding": "2006-03-31", "reportedCurrency": "USD", "grossProfit": "87173000", "totalRevenue": "194187000", "costOfRevenue": "107014000", "costofGoodsAndServicesSold": "107014000", "operatingIncome": "17880000", "sellingGeneralAndAdministrative": "62500000", "researchAndDevelopment": "0", "operatingExpenses": "69293000", "investmentIncomeNet": "None", "netInterestIncome": "None", "interestIncome": "None", "interestExpense": "292000", "nonInterestIncome": "None", "otherNonOperatingIncome": "None", "depreciation": "None", "depreciationAndAmortization": "6793000", "incomeBeforeTax": "18172000", "incomeTaxExpense": "7269000", "interestAndDebtExpense": "None", "netIncomeFromContinuingOperations": "0", "comprehensiveIncomeNetOfTax": "None", "ebit": "17880000", "ebitda": "24673000", "netIncome": "10903000"}, {"fiscalDateEnding": "2005-12-31", "reportedCurrency": "USD", "grossProfit": "88477000", "totalRevenue": "194830000", "costOfRevenue": "106353000", "costofGoodsAndServicesSold": "106353000", "operatingIncome": "10462000", "sellingGeneralAndAdministrative": "71105000", "researchAndDevelopment": "0", "operatingExpenses": "77577000", "investmentIncomeNet": "None", "netInterestIncome": "None", "interestIncome": "None", "interestExpense": "1154000", "nonInterestIncome": "None", "otherNonOperatingIncome": "None", "depreciation": "None", "depreciationAndAmortization": "6472000", "incomeBeforeTax": "11616000", "incomeTaxExpense": "4264000", "interestAndDebtExpense": "None", "netIncomeFromContinuingOperations": "0", "comprehensiveIncomeNetOfTax": "None", "ebit": "10462000", "ebitda": "16934000", "netIncome": "7352000"}, {"fiscalDateEnding": "2005-09-30", "reportedCurrency": "USD", "grossProfit": "102948000", "totalRevenue": "209346000", "costOfRevenue": "106398000", "costofGoodsAndServicesSold": "106398000", "operatingIncome": "24890000", "sellingGeneralAndAdministrative": "72258000", "researchAndDevelopment": "0", "operatingExpenses": "78058000", "investmentIncomeNet": "None", "netInterestIncome": "None", "interestIncome": "None", "interestExpense": "489000", "nonInterestIncome": "None", "otherNonOperatingIncome": "None", "depreciation": "None", "depreciationAndAmortization": "5800000", "incomeBeforeTax": "25379000", "incomeTaxExpense": "10279000", "interestAndDebtExpense": "None", "netIncomeFromContinuingOperations": "0", "comprehensiveIncomeNetOfTax": "None", "ebit": "24890000", "ebitda": "30690000", "netIncome": "15100000"}, {"fiscalDateEnding": "2005-06-30", "reportedCurrency": "USD", "grossProfit": "103732000", "totalRevenue": "214326000", "costOfRevenue": "110594000", "costofGoodsAndServicesSold": "110594000", "operatingIncome": "21671000", "sellingGeneralAndAdministrative": "71294000", "researchAndDevelopment": "0", "operatingExpenses": "77339000", "investmentIncomeNet": "None", "netInterestIncome": "None", "interestIncome": "None", "interestExpense": "9798000", "nonInterestIncome": "None", "otherNonOperatingIncome": "None", "depreciation": "None", "depreciationAndAmortization": "6045000", "incomeBeforeTax": "31469000", "incomeTaxExpense": "12745000", "interestAndDebtExpense": "None", "netIncomeFromContinuingOperations": "0", "comprehensiveIncomeNetOfTax": "None", "ebit": "21671000", "ebitda": "27716000", "netIncome": "18724000"}, {"fiscalDateEnding": "2005-03-31", "reportedCurrency": "USD", "grossProfit": "85278000", "totalRevenue": "183915000", "costOfRevenue": "98637000", "costofGoodsAndServicesSold": "98637000", "operatingIncome": "19035000", "sellingGeneralAndAdministrative": "60283000", "researchAndDevelopment": "0", "operatingExpenses": "66246000", "investmentIncomeNet": "None", "netInterestIncome": "None", "interestIncome": "None", "interestExpense": "456000", "nonInterestIncome": "None", "otherNonOperatingIncome": "None", "depreciation": "None", "depreciationAndAmortization": "5963000", "incomeBeforeTax": "19491000", "incomeTaxExpense": "7896000", "interestAndDebtExpense": "None", "netIncomeFromContinuingOperations": "0", "comprehensiveIncomeNetOfTax": "None", "ebit": "19035000", "ebitda": "24998000", "netIncome": "11595000"}, {"fiscalDateEnding": "2004-12-31", "reportedCurrency": "USD", "grossProfit": "84450000", "totalRevenue": "182237000", "costOfRevenue": "97787000", "costofGoodsAndServicesSold": "97787000", "operatingIncome": "2344000", "sellingGeneralAndAdministrative": "65483000", "researchAndDevelopment": "0", "operatingExpenses": "71847000", "investmentIncomeNet": "None", "netInterestIncome": "None", "interestIncome": "None", "interestExpense": "14422000", "nonInterestIncome": "None", "otherNonOperatingIncome": "None", "depreciation": "None", "depreciationAndAmortization": "6364000", "incomeBeforeTax": "22970000", "incomeTaxExpense": "8877000", "interestAndDebtExpense": "None", "netIncomeFromContinuingOperations": "0", "comprehensiveIncomeNetOfTax": "None", "ebit": "2344000", "ebitda": "8708000", "netIncome": "7889000"}]}