{"symbol": "AES", "annualReports": [{"fiscalDateEnding": "2024-12-31", "reportedCurrency": "USD", "grossProfit": "2314000000", "totalRevenue": "12278000000", "costOfRevenue": "9964000000", "costofGoodsAndServicesSold": "9964000000", "operatingIncome": "2026000000", "sellingGeneralAndAdministrative": "288000000", "researchAndDevelopment": "None", "operatingExpenses": "288000000", "investmentIncomeNet": "None", "netInterestIncome": "-1104000000", "interestIncome": "381000000", "interestExpense": "1485000000", "nonInterestIncome": "None", "otherNonOperatingIncome": "None", "depreciation": "None", "depreciationAndAmortization": "1264000000", "incomeBeforeTax": "790000000", "incomeTaxExpense": "-59000000", "interestAndDebtExpense": "None", "netIncomeFromContinuingOperations": "809000000", "comprehensiveIncomeNetOfTax": "None", "ebit": "2379000000", "ebitda": "3643000000", "netIncome": "849000000"}, {"fiscalDateEnding": "2023-12-31", "reportedCurrency": "USD", "grossProfit": "2504000000", "totalRevenue": "12668000000", "costOfRevenue": "10164000000", "costofGoodsAndServicesSold": "10164000000", "operatingIncome": "2249000000", "sellingGeneralAndAdministrative": "255000000", "researchAndDevelopment": "None", "operatingExpenses": "267000000", "investmentIncomeNet": "None", "netInterestIncome": "-753000000", "interestIncome": "517000000", "interestExpense": "1319000000", "nonInterestIncome": "None", "otherNonOperatingIncome": "None", "depreciation": "None", "depreciationAndAmortization": "1128000000", "incomeBeforeTax": "104000000", "incomeTaxExpense": "261000000", "interestAndDebtExpense": "None", "netIncomeFromContinuingOperations": "-525000000", "comprehensiveIncomeNetOfTax": "None", "ebit": "1406000000", "ebitda": "2534000000", "netIncome": "249000000"}, {"fiscalDateEnding": "2022-12-31", "reportedCurrency": "USD", "grossProfit": "2548000000", "totalRevenue": "12617000000", "costOfRevenue": "10069000000", "costofGoodsAndServicesSold": "10069000000", "operatingIncome": "2346000000", "sellingGeneralAndAdministrative": "207000000", "researchAndDevelopment": "None", "operatingExpenses": "202000000", "investmentIncomeNet": "None", "netInterestIncome": "-728000000", "interestIncome": "389000000", "interestExpense": "1117000000", "nonInterestIncome": "None", "otherNonOperatingIncome": "144000000", "depreciation": "None", "depreciationAndAmortization": "1053000000", "incomeBeforeTax": "-240000000", "incomeTaxExpense": "265000000", "interestAndDebtExpense": "None", "netIncomeFromContinuingOperations": "-505000000", "comprehensiveIncomeNetOfTax": "None", "ebit": "2346000000", "ebitda": "3399000000", "netIncome": "-546000000"}, {"fiscalDateEnding": "2021-12-31", "reportedCurrency": "USD", "grossProfit": "2711000000", "totalRevenue": "11141000000", "costOfRevenue": "8430000000", "costofGoodsAndServicesSold": "8430000000", "operatingIncome": "2566000000", "sellingGeneralAndAdministrative": "166000000", "researchAndDevelopment": "None", "operatingExpenses": "145000000", "investmentIncomeNet": "None", "netInterestIncome": "-613000000", "interestIncome": "623000000", "interestExpense": "911000000", "nonInterestIncome": "None", "otherNonOperatingIncome": "-1087000000", "depreciation": "None", "depreciationAndAmortization": "1056000000", "incomeBeforeTax": "-1088000000", "incomeTaxExpense": "133000000", "interestAndDebtExpense": "None", "netIncomeFromContinuingOperations": "-955000000", "comprehensiveIncomeNetOfTax": "None", "ebit": "-153000000", "ebitda": "903000000", "netIncome": "-409000000"}, {"fiscalDateEnding": "2020-12-31", "reportedCurrency": "USD", "grossProfit": "2693000000", "totalRevenue": "9660000000", "costOfRevenue": "6967000000", "costofGoodsAndServicesSold": "6967000000", "operatingIncome": "2528000000", "sellingGeneralAndAdministrative": "165000000", "researchAndDevelopment": "None", "operatingExpenses": "165000000", "investmentIncomeNet": "None", "netInterestIncome": "-770000000", "interestIncome": "268000000", "interestExpense": "1038000000", "nonInterestIncome": "None", "otherNonOperatingIncome": "-208000000", "depreciation": "None", "depreciationAndAmortization": "1068000000", "incomeBeforeTax": "365000000", "incomeTaxExpense": "216000000", "interestAndDebtExpense": "None", "netIncomeFromContinuingOperations": "149000000", "comprehensiveIncomeNetOfTax": "None", "ebit": "2528000000", "ebitda": "3596000000", "netIncome": "46000000"}, {"fiscalDateEnding": "2019-12-31", "reportedCurrency": "USD", "grossProfit": "2349000000", "totalRevenue": "10189000000", "costOfRevenue": "7840000000", "costofGoodsAndServicesSold": "7840000000", "operatingIncome": "2136000000", "sellingGeneralAndAdministrative": "196000000", "researchAndDevelopment": "None", "operatingExpenses": "213000000", "investmentIncomeNet": "None", "netInterestIncome": "-732000000", "interestIncome": "318000000", "interestExpense": "1050000000", "nonInterestIncome": "None", "otherNonOperatingIncome": "-154000000", "depreciation": "None", "depreciationAndAmortization": "1045000000", "incomeBeforeTax": "829000000", "incomeTaxExpense": "352000000", "interestAndDebtExpense": "None", "netIncomeFromContinuingOperations": "477000000", "comprehensiveIncomeNetOfTax": "None", "ebit": "2136000000", "ebitda": "3181000000", "netIncome": "303000000"}, {"fiscalDateEnding": "2018-12-31", "reportedCurrency": "USD", "grossProfit": "2574000000", "totalRevenue": "10736000000", "costOfRevenue": "8162000000", "costofGoodsAndServicesSold": "8162000000", "operatingIncome": "2372000000", "sellingGeneralAndAdministrative": "192000000", "researchAndDevelopment": "None", "operatingExpenses": "202000000", "investmentIncomeNet": "None", "netInterestIncome": "-746000000", "interestIncome": "310000000", "interestExpense": "1056000000", "nonInterestIncome": "None", "otherNonOperatingIncome": "926000000", "depreciation": "None", "depreciationAndAmortization": "1003000000", "incomeBeforeTax": "2057000000", "incomeTaxExpense": "708000000", "interestAndDebtExpense": "None", "netIncomeFromContinuingOperations": "1349000000", "comprehensiveIncomeNetOfTax": "None", "ebit": "2372000000", "ebitda": "3375000000", "netIncome": "1203000000"}, {"fiscalDateEnding": "2017-12-31", "reportedCurrency": "USD", "grossProfit": "2487000000", "totalRevenue": "10530000000", "costOfRevenue": "8043000000", "costofGoodsAndServicesSold": "8043000000", "operatingIncome": "2271000000", "sellingGeneralAndAdministrative": "215000000", "researchAndDevelopment": "0", "operatingExpenses": "216000000", "investmentIncomeNet": "None", "netInterestIncome": "-926000000", "interestIncome": "244000000", "interestExpense": "1170000000", "nonInterestIncome": "None", "otherNonOperatingIncome": "237000000", "depreciation": "None", "depreciationAndAmortization": "1046000000", "incomeBeforeTax": "842000000", "incomeTaxExpense": "990000000", "interestAndDebtExpense": "None", "netIncomeFromContinuingOperations": "-148000000", "comprehensiveIncomeNetOfTax": "None", "ebit": "2271000000", "ebitda": "3317000000", "netIncome": "-1161000000"}, {"fiscalDateEnding": "2016-12-31", "reportedCurrency": "USD", "grossProfit": "2383000000", "totalRevenue": "10281000000", "costOfRevenue": "7898000000", "costofGoodsAndServicesSold": "7898000000", "operatingIncome": "2186000000", "sellingGeneralAndAdministrative": "194000000", "researchAndDevelopment": "0", "operatingExpenses": "197000000", "investmentIncomeNet": "None", "netInterestIncome": "-967000000", "interestIncome": "464000000", "interestExpense": "1134000000", "nonInterestIncome": "None", "otherNonOperatingIncome": "499000000", "depreciation": "None", "depreciationAndAmortization": "1048000000", "incomeBeforeTax": "223000000", "incomeTaxExpense": "32000000", "interestAndDebtExpense": "None", "netIncomeFromContinuingOperations": "361000000", "comprehensiveIncomeNetOfTax": "None", "ebit": "2186000000", "ebitda": "3234000000", "netIncome": "-1130000000"}, {"fiscalDateEnding": "2015-12-31", "reportedCurrency": "USD", "grossProfit": "2663000000", "totalRevenue": "11260000000", "costOfRevenue": "8597000000", "costofGoodsAndServicesSold": "8597000000", "operatingIncome": "2467000000", "sellingGeneralAndAdministrative": "196000000", "researchAndDevelopment": "0", "operatingExpenses": "196000000", "investmentIncomeNet": "None", "netInterestIncome": "None", "interestIncome": "783000000", "interestExpense": "1145000000", "nonInterestIncome": "None", "otherNonOperatingIncome": "577000000", "depreciation": "None", "depreciationAndAmortization": "1144000000", "incomeBeforeTax": "1094000000", "incomeTaxExpense": "412000000", "interestAndDebtExpense": "None", "netIncomeFromContinuingOperations": "762000000", "comprehensiveIncomeNetOfTax": "None", "ebit": "2467000000", "ebitda": "3611000000", "netIncome": "306000000"}, {"fiscalDateEnding": "2014-12-31", "reportedCurrency": "USD", "grossProfit": "2980000000", "totalRevenue": "16124000000", "costOfRevenue": "13144000000", "costofGoodsAndServicesSold": "13144000000", "operatingIncome": "2793000000", "sellingGeneralAndAdministrative": "187000000", "researchAndDevelopment": "0", "operatingExpenses": "187000000", "investmentIncomeNet": "None", "netInterestIncome": "None", "interestIncome": "None", "interestExpense": "1451000000", "nonInterestIncome": "None", "otherNonOperatingIncome": "364000000", "depreciation": "None", "depreciationAndAmortization": "1245000000", "incomeBeforeTax": "1462000000", "incomeTaxExpense": "371000000", "interestAndDebtExpense": "None", "netIncomeFromContinuingOperations": "1176000000", "comprehensiveIncomeNetOfTax": "None", "ebit": "2793000000", "ebitda": "4038000000", "netIncome": "769000000"}, {"fiscalDateEnding": "2013-12-31", "reportedCurrency": "USD", "grossProfit": "3247000000", "totalRevenue": "15891000000", "costOfRevenue": "12644000000", "costofGoodsAndServicesSold": "12644000000", "operatingIncome": "3027000000", "sellingGeneralAndAdministrative": "220000000", "researchAndDevelopment": "0", "operatingExpenses": "220000000", "investmentIncomeNet": "None", "netInterestIncome": "None", "interestIncome": "None", "interestExpense": "1482000000", "nonInterestIncome": "None", "otherNonOperatingIncome": "-54000000", "depreciation": "None", "depreciationAndAmortization": "1258000000", "incomeBeforeTax": "1073000000", "incomeTaxExpense": "343000000", "interestAndDebtExpense": "None", "netIncomeFromContinuingOperations": "730000000", "comprehensiveIncomeNetOfTax": "None", "ebit": "3027000000", "ebitda": "4285000000", "netIncome": "114000000"}, {"fiscalDateEnding": "2012-12-31", "reportedCurrency": "USD", "grossProfit": "3713000000", "totalRevenue": "18133000000", "costOfRevenue": "14420000000", "costofGoodsAndServicesSold": "14420000000", "operatingIncome": "3412000000", "sellingGeneralAndAdministrative": "301000000", "researchAndDevelopment": "0", "operatingExpenses": "301000000", "investmentIncomeNet": "None", "netInterestIncome": "None", "interestIncome": "None", "interestExpense": "1420000000", "nonInterestIncome": "None", "otherNonOperatingIncome": "385000000", "depreciation": "None", "depreciationAndAmortization": "1394000000", "incomeBeforeTax": "314000000", "incomeTaxExpense": "708000000", "interestAndDebtExpense": "None", "netIncomeFromContinuingOperations": "-360000000", "comprehensiveIncomeNetOfTax": "None", "ebit": "1734000000", "ebitda": "3128000000", "netIncome": "-928000000"}, {"fiscalDateEnding": "2011-12-31", "reportedCurrency": "USD", "grossProfit": "4223000000", "totalRevenue": "17344000000", "costOfRevenue": "13121000000", "costofGoodsAndServicesSold": "13121000000", "operatingIncome": "3832000000", "sellingGeneralAndAdministrative": "391000000", "researchAndDevelopment": "0", "operatingExpenses": "391000000", "investmentIncomeNet": "None", "netInterestIncome": "None", "interestIncome": "None", "interestExpense": "1464000000", "nonInterestIncome": "None", "otherNonOperatingIncome": "286000000", "depreciation": "None", "depreciationAndAmortization": "1262000000", "incomeBeforeTax": "2179000000", "incomeTaxExpense": "636000000", "interestAndDebtExpense": "None", "netIncomeFromContinuingOperations": "1541000000", "comprehensiveIncomeNetOfTax": "None", "ebit": "3643000000", "ebitda": "4905000000", "netIncome": "-28000000"}, {"fiscalDateEnding": "2010-12-31", "reportedCurrency": "USD", "grossProfit": "3892000000", "totalRevenue": "16568000000", "costOfRevenue": "12676000000", "costofGoodsAndServicesSold": "12676000000", "operatingIncome": "3500000000", "sellingGeneralAndAdministrative": "339000000", "researchAndDevelopment": "0", "operatingExpenses": "392000000", "investmentIncomeNet": "None", "netInterestIncome": "None", "interestIncome": "None", "interestExpense": "1410000000", "nonInterestIncome": "None", "otherNonOperatingIncome": "554000000", "depreciation": "None", "depreciationAndAmortization": "1178000000", "incomeBeforeTax": "1044000000", "incomeTaxExpense": "307000000", "interestAndDebtExpense": "None", "netIncomeFromContinuingOperations": "920000000", "comprehensiveIncomeNetOfTax": "None", "ebit": "2454000000", "ebitda": "3632000000", "netIncome": "-55000000"}, {"fiscalDateEnding": "2009-12-31", "reportedCurrency": "USD", "grossProfit": "3345000000", "totalRevenue": "13931000000", "costOfRevenue": "10586000000", "costofGoodsAndServicesSold": "10586000000", "operatingIncome": "3000000000", "sellingGeneralAndAdministrative": "345000000", "researchAndDevelopment": "0", "operatingExpenses": "345000000", "investmentIncomeNet": "None", "netInterestIncome": "None", "interestIncome": "None", "interestExpense": "1386000000", "nonInterestIncome": "None", "otherNonOperatingIncome": "592000000", "depreciation": "None", "depreciationAndAmortization": "1049000000", "incomeBeforeTax": "2343000000", "incomeTaxExpense": "599000000", "interestAndDebtExpense": "None", "netIncomeFromContinuingOperations": "1836000000", "comprehensiveIncomeNetOfTax": "None", "ebit": "3729000000", "ebitda": "4778000000", "netIncome": "808000000"}, {"fiscalDateEnding": "2008-12-31", "reportedCurrency": "USD", "grossProfit": "3707000000", "totalRevenue": "16070000000", "costOfRevenue": "12363000000", "costofGoodsAndServicesSold": "12363000000", "operatingIncome": "3336000000", "sellingGeneralAndAdministrative": "371000000", "researchAndDevelopment": "None", "operatingExpenses": "371000000", "investmentIncomeNet": "None", "netInterestIncome": "None", "interestIncome": "None", "interestExpense": "1844000000", "nonInterestIncome": "None", "otherNonOperatingIncome": "None", "depreciation": "None", "depreciationAndAmortization": "1001000000", "incomeBeforeTax": "2751000000", "incomeTaxExpense": "774000000", "interestAndDebtExpense": "None", "netIncomeFromContinuingOperations": "None", "comprehensiveIncomeNetOfTax": "None", "ebit": "4595000000", "ebitda": "5596000000", "netIncome": "1228000000"}, {"fiscalDateEnding": "2007-12-31", "reportedCurrency": "USD", "grossProfit": "3409000000", "totalRevenue": "13588000000", "costOfRevenue": "10179000000", "costofGoodsAndServicesSold": "10179000000", "operatingIncome": "3030000000", "sellingGeneralAndAdministrative": "305000000", "researchAndDevelopment": "None", "operatingExpenses": "379000000", "investmentIncomeNet": "None", "netInterestIncome": "None", "interestIncome": "None", "interestExpense": "1788000000", "nonInterestIncome": "None", "otherNonOperatingIncome": "None", "depreciation": "None", "depreciationAndAmortization": "942000000", "incomeBeforeTax": "1614000000", "incomeTaxExpense": "685000000", "interestAndDebtExpense": "None", "netIncomeFromContinuingOperations": "None", "comprehensiveIncomeNetOfTax": "None", "ebit": "3402000000", "ebitda": "4344000000", "netIncome": "566000000"}, {"fiscalDateEnding": "2006-12-31", "reportedCurrency": "USD", "grossProfit": "12299000000", "totalRevenue": "12299000000", "costOfRevenue": "7233000000", "costofGoodsAndServicesSold": "7233000000", "operatingIncome": "3096000000", "sellingGeneralAndAdministrative": "305000000", "researchAndDevelopment": "None", "operatingExpenses": "9203000000", "investmentIncomeNet": "None", "netInterestIncome": "None", "interestIncome": "None", "interestExpense": "1802000000", "nonInterestIncome": "None", "otherNonOperatingIncome": "None", "depreciation": "None", "depreciationAndAmortization": "933000000", "incomeBeforeTax": "689000000", "incomeTaxExpense": "403000000", "interestAndDebtExpense": "None", "netIncomeFromContinuingOperations": "None", "comprehensiveIncomeNetOfTax": "None", "ebit": "3534000000", "ebitda": "4467000000", "netIncome": "261000000"}, {"fiscalDateEnding": "2005-12-31", "reportedCurrency": "USD", "grossProfit": "2870000000", "totalRevenue": "10247000000", "costOfRevenue": "7377000000", "costofGoodsAndServicesSold": "7377000000", "operatingIncome": "2649000000", "sellingGeneralAndAdministrative": "221000000", "researchAndDevelopment": "None", "operatingExpenses": "221000000", "investmentIncomeNet": "None", "netInterestIncome": "None", "interestIncome": "None", "interestExpense": "1828000000", "nonInterestIncome": "None", "otherNonOperatingIncome": "None", "depreciation": "None", "depreciationAndAmortization": "864000000", "incomeBeforeTax": "1157000000", "incomeTaxExpense": "473000000", "interestAndDebtExpense": "None", "netIncomeFromContinuingOperations": "None", "comprehensiveIncomeNetOfTax": "None", "ebit": "2985000000", "ebitda": "3849000000", "netIncome": "553000000"}], "quarterlyReports": [{"fiscalDateEnding": "2025-03-31", "reportedCurrency": "None", "grossProfit": "420000000", "totalRevenue": "2962000000", "costOfRevenue": "2542000000", "costofGoodsAndServicesSold": "2542000000", "operatingIncome": "330000000", "sellingGeneralAndAdministrative": "90000000", "researchAndDevelopment": "None", "operatingExpenses": "90000000", "investmentIncomeNet": "None", "netInterestIncome": "None", "interestIncome": "None", "interestExpense": "360000000", "nonInterestIncome": "None", "otherNonOperatingIncome": "None", "depreciation": "None", "depreciationAndAmortization": "338000000", "incomeBeforeTax": "365000000", "incomeTaxExpense": "7000000", "interestAndDebtExpense": "None", "netIncomeFromContinuingOperations": "None", "comprehensiveIncomeNetOfTax": "None", "ebit": "-89000000", "ebitda": "249000000", "netIncome": "268000000"}, {"fiscalDateEnding": "2024-12-31", "reportedCurrency": "USD", "grossProfit": "420000000", "totalRevenue": "2962000000", "costOfRevenue": "2542000000", "costofGoodsAndServicesSold": "2542000000", "operatingIncome": "330000000", "sellingGeneralAndAdministrative": "90000000", "researchAndDevelopment": "None", "operatingExpenses": "90000000", "investmentIncomeNet": "None", "netInterestIncome": "-291000000", "interestIncome": "69000000", "interestExpense": "360000000", "nonInterestIncome": "None", "otherNonOperatingIncome": "None", "depreciation": "None", "depreciationAndAmortization": "338000000", "incomeBeforeTax": "365000000", "incomeTaxExpense": "7000000", "interestAndDebtExpense": "None", "netIncomeFromContinuingOperations": "353000000", "comprehensiveIncomeNetOfTax": "None", "ebit": "-89000000", "ebitda": "249000000", "netIncome": "268000000"}, {"fiscalDateEnding": "2024-09-30", "reportedCurrency": "USD", "grossProfit": "721000000", "totalRevenue": "3289000000", "costOfRevenue": "2568000000", "costofGoodsAndServicesSold": "2568000000", "operatingIncome": "664000000", "sellingGeneralAndAdministrative": "57000000", "researchAndDevelopment": "None", "operatingExpenses": "57000000", "investmentIncomeNet": "None", "netInterestIncome": "-260000000", "interestIncome": "119000000", "interestExpense": "379000000", "nonInterestIncome": "None", "otherNonOperatingIncome": "None", "depreciation": "None", "depreciationAndAmortization": "306000000", "incomeBeforeTax": "329000000", "incomeTaxExpense": "103000000", "interestAndDebtExpense": "None", "netIncomeFromContinuingOperations": "217000000", "comprehensiveIncomeNetOfTax": "None", "ebit": "705000000", "ebitda": "1011000000", "netIncome": "432000000"}, {"fiscalDateEnding": "2024-06-30", "reportedCurrency": "USD", "grossProfit": "553000000", "totalRevenue": "2942000000", "costOfRevenue": "2389000000", "costofGoodsAndServicesSold": "2389000000", "operatingIncome": "483000000", "sellingGeneralAndAdministrative": "69000000", "researchAndDevelopment": "None", "operatingExpenses": "70000000", "investmentIncomeNet": "None", "netInterestIncome": "-301000000", "interestIncome": "88000000", "interestExpense": "389000000", "nonInterestIncome": "None", "otherNonOperatingIncome": "None", "depreciation": "None", "depreciationAndAmortization": "308000000", "incomeBeforeTax": "-77000000", "incomeTaxExpense": "-35000000", "interestAndDebtExpense": "None", "netIncomeFromContinuingOperations": "-39000000", "comprehensiveIncomeNetOfTax": "None", "ebit": "484000000", "ebitda": "792000000", "netIncome": "185000000"}, {"fiscalDateEnding": "2024-03-31", "reportedCurrency": "USD", "grossProfit": "619000000", "totalRevenue": "3085000000", "costOfRevenue": "2466000000", "costofGoodsAndServicesSold": "2466000000", "operatingIncome": "544000000", "sellingGeneralAndAdministrative": "75000000", "researchAndDevelopment": "None", "operatingExpenses": "75000000", "investmentIncomeNet": "None", "netInterestIncome": "-252000000", "interestIncome": "105000000", "interestExpense": "357000000", "nonInterestIncome": "None", "otherNonOperatingIncome": "None", "depreciation": "None", "depreciationAndAmortization": "312000000", "incomeBeforeTax": "262000000", "incomeTaxExpense": "16000000", "interestAndDebtExpense": "None", "netIncomeFromContinuingOperations": "278000000", "comprehensiveIncomeNetOfTax": "None", "ebit": "544000000", "ebitda": "856000000", "netIncome": "432000000"}, {"fiscalDateEnding": "2023-12-31", "reportedCurrency": "USD", "grossProfit": "494000000", "totalRevenue": "2968000000", "costOfRevenue": "2474000000", "costofGoodsAndServicesSold": "2474000000", "operatingIncome": "430000000", "sellingGeneralAndAdministrative": "64000000", "researchAndDevelopment": "None", "operatingExpenses": "64000000", "investmentIncomeNet": "None", "netInterestIncome": "-200000000", "interestIncome": "153000000", "interestExpense": "353000000", "nonInterestIncome": "None", "otherNonOperatingIncome": "None", "depreciation": "None", "depreciationAndAmortization": "292000000", "incomeBeforeTax": "-568000000", "incomeTaxExpense": "82000000", "interestAndDebtExpense": "None", "netIncomeFromContinuingOperations": "-650000000", "comprehensiveIncomeNetOfTax": "None", "ebit": "-226000000", "ebitda": "66000000", "netIncome": "-94000000"}, {"fiscalDateEnding": "2023-09-30", "reportedCurrency": "USD", "grossProfit": "918000000", "totalRevenue": "3434000000", "costOfRevenue": "2516000000", "costofGoodsAndServicesSold": "2516000000", "operatingIncome": "852000000", "sellingGeneralAndAdministrative": "64000000", "researchAndDevelopment": "None", "operatingExpenses": "66000000", "investmentIncomeNet": "None", "netInterestIncome": "-182000000", "interestIncome": "144000000", "interestExpense": "326000000", "nonInterestIncome": "None", "otherNonOperatingIncome": "None", "depreciation": "None", "depreciationAndAmortization": "286000000", "incomeBeforeTax": "400000000", "incomeTaxExpense": "109000000", "interestAndDebtExpense": "None", "netIncomeFromContinuingOperations": "291000000", "comprehensiveIncomeNetOfTax": "None", "ebit": "852000000", "ebitda": "1138000000", "netIncome": "231000000"}, {"fiscalDateEnding": "2023-06-30", "reportedCurrency": "USD", "grossProfit": "498000000", "totalRevenue": "3027000000", "costOfRevenue": "2529000000", "costofGoodsAndServicesSold": "2529000000", "operatingIncome": "423000000", "sellingGeneralAndAdministrative": "72000000", "researchAndDevelopment": "None", "operatingExpenses": "75000000", "investmentIncomeNet": "None", "netInterestIncome": "-179000000", "interestIncome": "131000000", "interestExpense": "310000000", "nonInterestIncome": "None", "otherNonOperatingIncome": "49000000", "depreciation": "None", "depreciationAndAmortization": "277000000", "incomeBeforeTax": "-21000000", "incomeTaxExpense": "2000000", "interestAndDebtExpense": "None", "netIncomeFromContinuingOperations": "6000000", "comprehensiveIncomeNetOfTax": "None", "ebit": "423000000", "ebitda": "700000000", "netIncome": "-39000000"}, {"fiscalDateEnding": "2023-03-31", "reportedCurrency": "USD", "grossProfit": "594000000", "totalRevenue": "3239000000", "costOfRevenue": "2645000000", "costofGoodsAndServicesSold": "2645000000", "operatingIncome": "539000000", "sellingGeneralAndAdministrative": "55000000", "researchAndDevelopment": "None", "operatingExpenses": "55000000", "investmentIncomeNet": "None", "netInterestIncome": "-207000000", "interestIncome": "123000000", "interestExpense": "330000000", "nonInterestIncome": "None", "otherNonOperatingIncome": "86000000", "depreciation": "None", "depreciationAndAmortization": "273000000", "incomeBeforeTax": "261000000", "incomeTaxExpense": "72000000", "interestAndDebtExpense": "None", "netIncomeFromContinuingOperations": "193000000", "comprehensiveIncomeNetOfTax": "None", "ebit": "539000000", "ebitda": "812000000", "netIncome": "151000000"}, {"fiscalDateEnding": "2022-12-31", "reportedCurrency": "USD", "grossProfit": "563000000", "totalRevenue": "3060000000", "costOfRevenue": "2497000000", "costofGoodsAndServicesSold": "2497000000", "operatingIncome": "512000000", "sellingGeneralAndAdministrative": "58000000", "researchAndDevelopment": "None", "operatingExpenses": "51000000", "investmentIncomeNet": "None", "netInterestIncome": "-185000000", "interestIncome": "119000000", "interestExpense": "304000000", "nonInterestIncome": "None", "otherNonOperatingIncome": "-84000000", "depreciation": "None", "depreciationAndAmortization": "253000000", "incomeBeforeTax": "-907000000", "incomeTaxExpense": "79000000", "interestAndDebtExpense": "None", "netIncomeFromContinuingOperations": "-986000000", "comprehensiveIncomeNetOfTax": "None", "ebit": "-586000000", "ebitda": "-333000000", "netIncome": "-903000000"}, {"fiscalDateEnding": "2022-09-30", "reportedCurrency": "USD", "grossProfit": "892000000", "totalRevenue": "3627000000", "costOfRevenue": "2735000000", "costofGoodsAndServicesSold": "2735000000", "operatingIncome": "839000000", "sellingGeneralAndAdministrative": "51000000", "researchAndDevelopment": "None", "operatingExpenses": "53000000", "investmentIncomeNet": "None", "netInterestIncome": "-176000000", "interestIncome": "168000000", "interestExpense": "276000000", "nonInterestIncome": "None", "otherNonOperatingIncome": "86000000", "depreciation": "None", "depreciationAndAmortization": "266000000", "incomeBeforeTax": "591000000", "incomeTaxExpense": "145000000", "interestAndDebtExpense": "None", "netIncomeFromContinuingOperations": "446000000", "comprehensiveIncomeNetOfTax": "None", "ebit": "839000000", "ebitda": "1105000000", "netIncome": "421000000"}, {"fiscalDateEnding": "2022-06-30", "reportedCurrency": "USD", "grossProfit": "563000000", "totalRevenue": "3078000000", "costOfRevenue": "2515000000", "costofGoodsAndServicesSold": "2515000000", "operatingIncome": "518000000", "sellingGeneralAndAdministrative": "46000000", "researchAndDevelopment": "None", "operatingExpenses": "45000000", "investmentIncomeNet": "None", "netInterestIncome": "-184000000", "interestIncome": "95000000", "interestExpense": "279000000", "nonInterestIncome": "None", "otherNonOperatingIncome": "118000000", "depreciation": "None", "depreciationAndAmortization": "264000000", "incomeBeforeTax": "-155000000", "incomeTaxExpense": "19000000", "interestAndDebtExpense": "None", "netIncomeFromContinuingOperations": "-136000000", "comprehensiveIncomeNetOfTax": "None", "ebit": "518000000", "ebitda": "782000000", "netIncome": "-179000000"}, {"fiscalDateEnding": "2022-03-31", "reportedCurrency": "USD", "grossProfit": "530000000", "totalRevenue": "2852000000", "costOfRevenue": "2322000000", "costofGoodsAndServicesSold": "2322000000", "operatingIncome": "477000000", "sellingGeneralAndAdministrative": "52000000", "researchAndDevelopment": "None", "operatingExpenses": "53000000", "investmentIncomeNet": "None", "netInterestIncome": "-183000000", "interestIncome": "75000000", "interestExpense": "258000000", "nonInterestIncome": "None", "otherNonOperatingIncome": "24000000", "depreciation": "None", "depreciationAndAmortization": "270000000", "incomeBeforeTax": "231000000", "incomeTaxExpense": "60000000", "interestAndDebtExpense": "None", "netIncomeFromContinuingOperations": "204000000", "comprehensiveIncomeNetOfTax": "None", "ebit": "477000000", "ebitda": "747000000", "netIncome": "115000000"}, {"fiscalDateEnding": "2021-12-31", "reportedCurrency": "USD", "grossProfit": "559000000", "totalRevenue": "2770000000", "costOfRevenue": "2211000000", "costofGoodsAndServicesSold": "2211000000", "operatingIncome": "545000000", "sellingGeneralAndAdministrative": "36000000", "researchAndDevelopment": "None", "operatingExpenses": "14000000", "investmentIncomeNet": "None", "netInterestIncome": "-156000000", "interestIncome": "158000000", "interestExpense": "242000000", "nonInterestIncome": "None", "otherNonOperatingIncome": "-1627000000", "depreciation": "None", "depreciationAndAmortization": "261000000", "incomeBeforeTax": "-1538000000", "incomeTaxExpense": "208000000", "interestAndDebtExpense": "None", "netIncomeFromContinuingOperations": "-1330000000", "comprehensiveIncomeNetOfTax": "None", "ebit": "-1287000000", "ebitda": "-1026000000", "netIncome": "-632000000"}, {"fiscalDateEnding": "2021-09-30", "reportedCurrency": "USD", "grossProfit": "760000000", "totalRevenue": "3036000000", "costOfRevenue": "2276000000", "costofGoodsAndServicesSold": "2276000000", "operatingIncome": "721000000", "sellingGeneralAndAdministrative": "39000000", "researchAndDevelopment": "None", "operatingExpenses": "39000000", "investmentIncomeNet": "None", "netInterestIncome": "-171000000", "interestIncome": "71000000", "interestExpense": "242000000", "nonInterestIncome": "None", "otherNonOperatingIncome": "173000000", "depreciation": "None", "depreciationAndAmortization": "257000000", "incomeBeforeTax": "611000000", "incomeTaxExpense": "126000000", "interestAndDebtExpense": "None", "netIncomeFromContinuingOperations": "485000000", "comprehensiveIncomeNetOfTax": "None", "ebit": "721000000", "ebitda": "978000000", "netIncome": "343000000"}, {"fiscalDateEnding": "2021-06-30", "reportedCurrency": "USD", "grossProfit": "728000000", "totalRevenue": "2700000000", "costOfRevenue": "1972000000", "costofGoodsAndServicesSold": "1972000000", "operatingIncome": "682000000", "sellingGeneralAndAdministrative": "45000000", "researchAndDevelopment": "None", "operatingExpenses": "46000000", "investmentIncomeNet": "None", "netInterestIncome": "-164000000", "interestIncome": "166000000", "interestExpense": "237000000", "nonInterestIncome": "None", "otherNonOperatingIncome": "292000000", "depreciation": "None", "depreciationAndAmortization": "263000000", "incomeBeforeTax": "-140000000", "incomeTaxExpense": "59000000", "interestAndDebtExpense": "None", "netIncomeFromContinuingOperations": "-81000000", "comprehensiveIncomeNetOfTax": "None", "ebit": "682000000", "ebitda": "945000000", "netIncome": "28000000"}, {"fiscalDateEnding": "2021-03-31", "reportedCurrency": "USD", "grossProfit": "664000000", "totalRevenue": "2635000000", "costOfRevenue": "1971000000", "costofGoodsAndServicesSold": "1971000000", "operatingIncome": "618000000", "sellingGeneralAndAdministrative": "46000000", "researchAndDevelopment": "None", "operatingExpenses": "46000000", "investmentIncomeNet": "None", "netInterestIncome": "-122000000", "interestIncome": "68000000", "interestExpense": "190000000", "nonInterestIncome": "None", "otherNonOperatingIncome": "75000000", "depreciation": "None", "depreciationAndAmortization": "275000000", "incomeBeforeTax": "-21000000", "incomeTaxExpense": "8000000", "interestAndDebtExpense": "None", "netIncomeFromContinuingOperations": "1000000", "comprehensiveIncomeNetOfTax": "None", "ebit": "618000000", "ebitda": "893000000", "netIncome": "-148000000"}, {"fiscalDateEnding": "2020-12-31", "reportedCurrency": "USD", "grossProfit": "906000000", "totalRevenue": "2560000000", "costOfRevenue": "1654000000", "costofGoodsAndServicesSold": "1654000000", "operatingIncome": "858000000", "sellingGeneralAndAdministrative": "46000000", "researchAndDevelopment": "None", "operatingExpenses": "48000000", "investmentIncomeNet": "None", "netInterestIncome": "-227000000", "interestIncome": "70000000", "interestExpense": "297000000", "nonInterestIncome": "None", "otherNonOperatingIncome": "62000000", "depreciation": "None", "depreciationAndAmortization": "265000000", "incomeBeforeTax": "562000000", "incomeTaxExpense": "161000000", "interestAndDebtExpense": "None", "netIncomeFromContinuingOperations": "407000000", "comprehensiveIncomeNetOfTax": "None", "ebit": "858000000", "ebitda": "1123000000", "netIncome": "318000000"}, {"fiscalDateEnding": "2020-09-30", "reportedCurrency": "USD", "grossProfit": "756000000", "totalRevenue": "2545000000", "costOfRevenue": "1789000000", "costofGoodsAndServicesSold": "1789000000", "operatingIncome": "715000000", "sellingGeneralAndAdministrative": "41000000", "researchAndDevelopment": "None", "operatingExpenses": "41000000", "investmentIncomeNet": "None", "netInterestIncome": "-226000000", "interestIncome": "224000000", "interestExpense": "290000000", "nonInterestIncome": "None", "otherNonOperatingIncome": "-188000000", "depreciation": "None", "depreciationAndAmortization": "264000000", "incomeBeforeTax": "-628000000", "incomeTaxExpense": "147000000", "interestAndDebtExpense": "None", "netIncomeFromContinuingOperations": "-481000000", "comprehensiveIncomeNetOfTax": "None", "ebit": "-226000000", "ebitda": "38000000", "netIncome": "-333000000"}, {"fiscalDateEnding": "2020-06-30", "reportedCurrency": "USD", "grossProfit": "524000000", "totalRevenue": "2217000000", "costOfRevenue": "1693000000", "costofGoodsAndServicesSold": "1693000000", "operatingIncome": "483000000", "sellingGeneralAndAdministrative": "40000000", "researchAndDevelopment": "None", "operatingExpenses": "41000000", "investmentIncomeNet": "None", "netInterestIncome": "-154000000", "interestIncome": "64000000", "interestExpense": "218000000", "nonInterestIncome": "None", "otherNonOperatingIncome": "-150000000", "depreciation": "None", "depreciationAndAmortization": "271000000", "incomeBeforeTax": "113000000", "incomeTaxExpense": "113000000", "interestAndDebtExpense": "None", "netIncomeFromContinuingOperations": "-8000000", "comprehensiveIncomeNetOfTax": "None", "ebit": "483000000", "ebitda": "754000000", "netIncome": "-83000000"}, {"fiscalDateEnding": "2020-03-31", "reportedCurrency": "USD", "grossProfit": "507000000", "totalRevenue": "2338000000", "costOfRevenue": "1831000000", "costofGoodsAndServicesSold": "1831000000", "operatingIncome": "469000000", "sellingGeneralAndAdministrative": "38000000", "researchAndDevelopment": "None", "operatingExpenses": "38000000", "investmentIncomeNet": "None", "netInterestIncome": "-163000000", "interestIncome": "70000000", "interestExpense": "233000000", "nonInterestIncome": "None", "otherNonOperatingIncome": "68000000", "depreciation": "None", "depreciationAndAmortization": "268000000", "incomeBeforeTax": "318000000", "incomeTaxExpense": "89000000", "interestAndDebtExpense": "None", "netIncomeFromContinuingOperations": "231000000", "comprehensiveIncomeNetOfTax": "None", "ebit": "469000000", "ebitda": "737000000", "netIncome": "144000000"}, {"fiscalDateEnding": "2019-12-31", "reportedCurrency": "USD", "grossProfit": "560000000", "totalRevenue": "2431000000", "costOfRevenue": "1871000000", "costofGoodsAndServicesSold": "1871000000", "operatingIncome": "496000000", "sellingGeneralAndAdministrative": "60000000", "researchAndDevelopment": "None", "operatingExpenses": "64000000", "investmentIncomeNet": "None", "netInterestIncome": "-186000000", "interestIncome": "76000000", "interestExpense": "262000000", "nonInterestIncome": "None", "otherNonOperatingIncome": "-213000000", "depreciation": "None", "depreciationAndAmortization": "271000000", "incomeBeforeTax": "-70000000", "incomeTaxExpense": "50000000", "interestAndDebtExpense": "None", "netIncomeFromContinuingOperations": "-120000000", "comprehensiveIncomeNetOfTax": "None", "ebit": "496000000", "ebitda": "767000000", "netIncome": "-78000000"}, {"fiscalDateEnding": "2019-09-30", "reportedCurrency": "USD", "grossProfit": "701000000", "totalRevenue": "2625000000", "costOfRevenue": "1924000000", "costofGoodsAndServicesSold": "1924000000", "operatingIncome": "656000000", "sellingGeneralAndAdministrative": "41000000", "researchAndDevelopment": "None", "operatingExpenses": "45000000", "investmentIncomeNet": "None", "netInterestIncome": "-169000000", "interestIncome": "81000000", "interestExpense": "250000000", "nonInterestIncome": "None", "otherNonOperatingIncome": "-51000000", "depreciation": "None", "depreciationAndAmortization": "262000000", "incomeBeforeTax": "428000000", "incomeTaxExpense": "130000000", "interestAndDebtExpense": "None", "netIncomeFromContinuingOperations": "298000000", "comprehensiveIncomeNetOfTax": "None", "ebit": "656000000", "ebitda": "918000000", "netIncome": "210000000"}, {"fiscalDateEnding": "2019-06-30", "reportedCurrency": "USD", "grossProfit": "502000000", "totalRevenue": "2483000000", "costOfRevenue": "1981000000", "costofGoodsAndServicesSold": "1981000000", "operatingIncome": "448000000", "sellingGeneralAndAdministrative": "49000000", "researchAndDevelopment": "None", "operatingExpenses": "54000000", "investmentIncomeNet": "None", "netInterestIncome": "-191000000", "interestIncome": "82000000", "interestExpense": "273000000", "nonInterestIncome": "None", "otherNonOperatingIncome": "55000000", "depreciation": "None", "depreciationAndAmortization": "266000000", "incomeBeforeTax": "123000000", "incomeTaxExpense": "57000000", "interestAndDebtExpense": "None", "netIncomeFromContinuingOperations": "66000000", "comprehensiveIncomeNetOfTax": "None", "ebit": "448000000", "ebitda": "714000000", "netIncome": "17000000"}, {"fiscalDateEnding": "2019-03-31", "reportedCurrency": "USD", "grossProfit": "586000000", "totalRevenue": "2650000000", "costOfRevenue": "2064000000", "costofGoodsAndServicesSold": "2064000000", "operatingIncome": "536000000", "sellingGeneralAndAdministrative": "46000000", "researchAndDevelopment": "None", "operatingExpenses": "50000000", "investmentIncomeNet": "None", "netInterestIncome": "-186000000", "interestIncome": "190000000", "interestExpense": "265000000", "nonInterestIncome": "None", "otherNonOperatingIncome": "55000000", "depreciation": "None", "depreciationAndAmortization": "246000000", "incomeBeforeTax": "348000000", "incomeTaxExpense": "115000000", "interestAndDebtExpense": "None", "netIncomeFromContinuingOperations": "233000000", "comprehensiveIncomeNetOfTax": "None", "ebit": "536000000", "ebitda": "782000000", "netIncome": "154000000"}, {"fiscalDateEnding": "2018-12-31", "reportedCurrency": "USD", "grossProfit": "644000000", "totalRevenue": "2622000000", "costOfRevenue": "1978000000", "costofGoodsAndServicesSold": "1978000000", "operatingIncome": "583000000", "sellingGeneralAndAdministrative": "58000000", "researchAndDevelopment": "0", "operatingExpenses": "61000000", "investmentIncomeNet": "None", "netInterestIncome": "None", "interestIncome": "None", "interestExpense": "257000000", "nonInterestIncome": "None", "otherNonOperatingIncome": "39000000", "depreciation": "None", "depreciationAndAmortization": "233000000", "incomeBeforeTax": "354000000", "incomeTaxExpense": "199000000", "interestAndDebtExpense": "None", "netIncomeFromContinuingOperations": "155000000", "comprehensiveIncomeNetOfTax": "None", "ebit": "583000000", "ebitda": "816000000", "netIncome": "128000000"}, {"fiscalDateEnding": "2018-09-30", "reportedCurrency": "USD", "grossProfit": "671000000", "totalRevenue": "2837000000", "costOfRevenue": "2166000000", "costofGoodsAndServicesSold": "2166000000", "operatingIncome": "627000000", "sellingGeneralAndAdministrative": "43000000", "researchAndDevelopment": "0", "operatingExpenses": "44000000", "investmentIncomeNet": "None", "netInterestIncome": "None", "interestIncome": "None", "interestExpense": "255000000", "nonInterestIncome": "None", "otherNonOperatingIncome": "58000000", "depreciation": "None", "depreciationAndAmortization": "258000000", "incomeBeforeTax": "338000000", "incomeTaxExpense": "146000000", "interestAndDebtExpense": "None", "netIncomeFromContinuingOperations": "192000000", "comprehensiveIncomeNetOfTax": "None", "ebit": "627000000", "ebitda": "885000000", "netIncome": "101000000"}, {"fiscalDateEnding": "2018-06-30", "reportedCurrency": "USD", "grossProfit": "600000000", "totalRevenue": "2537000000", "costOfRevenue": "1937000000", "costofGoodsAndServicesSold": "1937000000", "operatingIncome": "564000000", "sellingGeneralAndAdministrative": "35000000", "researchAndDevelopment": "0", "operatingExpenses": "36000000", "investmentIncomeNet": "None", "netInterestIncome": "None", "interestIncome": "None", "interestExpense": "263000000", "nonInterestIncome": "None", "otherNonOperatingIncome": "143000000", "depreciation": "None", "depreciationAndAmortization": "258000000", "incomeBeforeTax": "356000000", "incomeTaxExpense": "132000000", "interestAndDebtExpense": "None", "netIncomeFromContinuingOperations": "224000000", "comprehensiveIncomeNetOfTax": "None", "ebit": "564000000", "ebitda": "822000000", "netIncome": "290000000"}, {"fiscalDateEnding": "2018-03-31", "reportedCurrency": "USD", "grossProfit": "659000000", "totalRevenue": "2740000000", "costOfRevenue": "2081000000", "costofGoodsAndServicesSold": "2081000000", "operatingIncome": "598000000", "sellingGeneralAndAdministrative": "56000000", "researchAndDevelopment": "0", "operatingExpenses": "61000000", "investmentIncomeNet": "None", "netInterestIncome": "None", "interestIncome": "None", "interestExpense": "281000000", "nonInterestIncome": "None", "otherNonOperatingIncome": "686000000", "depreciation": "None", "depreciationAndAmortization": "254000000", "incomeBeforeTax": "1009000000", "incomeTaxExpense": "231000000", "interestAndDebtExpense": "None", "netIncomeFromContinuingOperations": "778000000", "comprehensiveIncomeNetOfTax": "None", "ebit": "598000000", "ebitda": "852000000", "netIncome": "684000000"}, {"fiscalDateEnding": "2017-12-31", "reportedCurrency": "USD", "grossProfit": "667000000", "totalRevenue": "2643000000", "costOfRevenue": "1976000000", "costofGoodsAndServicesSold": "1976000000", "operatingIncome": "607000000", "sellingGeneralAndAdministrative": "60000000", "researchAndDevelopment": "0", "operatingExpenses": "60000000", "investmentIncomeNet": "None", "netInterestIncome": "None", "interestIncome": "None", "interestExpense": "251000000", "nonInterestIncome": "None", "otherNonOperatingIncome": "-6000000", "depreciation": "None", "depreciationAndAmortization": "162000000", "incomeBeforeTax": "122000000", "incomeTaxExpense": "744000000", "interestAndDebtExpense": "None", "netIncomeFromContinuingOperations": "-657000000", "comprehensiveIncomeNetOfTax": "None", "ebit": "607000000", "ebitda": "769000000", "netIncome": "-1342000000"}, {"fiscalDateEnding": "2017-09-30", "reportedCurrency": "USD", "grossProfit": "640000000", "totalRevenue": "2693000000", "costOfRevenue": "2053000000", "costofGoodsAndServicesSold": "2053000000", "operatingIncome": "587000000", "sellingGeneralAndAdministrative": "52000000", "researchAndDevelopment": "0", "operatingExpenses": "53000000", "investmentIncomeNet": "None", "netInterestIncome": "None", "interestIncome": "None", "interestExpense": "297000000", "nonInterestIncome": "None", "otherNonOperatingIncome": "96000000", "depreciation": "None", "depreciationAndAmortization": "303000000", "incomeBeforeTax": "328000000", "incomeTaxExpense": "93000000", "interestAndDebtExpense": "None", "netIncomeFromContinuingOperations": "261000000", "comprehensiveIncomeNetOfTax": "None", "ebit": "587000000", "ebitda": "890000000", "netIncome": "152000000"}, {"fiscalDateEnding": "2017-06-30", "reportedCurrency": "USD", "grossProfit": "623000000", "totalRevenue": "2613000000", "costOfRevenue": "1990000000", "costofGoodsAndServicesSold": "1990000000", "operatingIncome": "574000000", "sellingGeneralAndAdministrative": "49000000", "researchAndDevelopment": "0", "operatingExpenses": "49000000", "investmentIncomeNet": "None", "netInterestIncome": "None", "interestIncome": "None", "interestExpense": "276000000", "nonInterestIncome": "None", "otherNonOperatingIncome": "47000000", "depreciation": "None", "depreciationAndAmortization": "290000000", "incomeBeforeTax": "228000000", "incomeTaxExpense": "86000000", "interestAndDebtExpense": "None", "netIncomeFromContinuingOperations": "150000000", "comprehensiveIncomeNetOfTax": "None", "ebit": "574000000", "ebitda": "864000000", "netIncome": "53000000"}, {"fiscalDateEnding": "2017-03-31", "reportedCurrency": "USD", "grossProfit": "557000000", "totalRevenue": "2581000000", "costOfRevenue": "2024000000", "costofGoodsAndServicesSold": "2024000000", "operatingIncome": "500000000", "sellingGeneralAndAdministrative": "54000000", "researchAndDevelopment": "0", "operatingExpenses": "57000000", "investmentIncomeNet": "None", "netInterestIncome": "None", "interestIncome": "None", "interestExpense": "287000000", "nonInterestIncome": "None", "otherNonOperatingIncome": "100000000", "depreciation": "None", "depreciationAndAmortization": "291000000", "incomeBeforeTax": "164000000", "incomeTaxExpense": "67000000", "interestAndDebtExpense": "None", "netIncomeFromContinuingOperations": "98000000", "comprehensiveIncomeNetOfTax": "None", "ebit": "500000000", "ebitda": "791000000", "netIncome": "-24000000"}, {"fiscalDateEnding": "2016-12-31", "reportedCurrency": "USD", "grossProfit": "-131000000", "totalRevenue": "239000000", "costOfRevenue": "370000000", "costofGoodsAndServicesSold": "370000000", "operatingIncome": "-190000000", "sellingGeneralAndAdministrative": "59000000", "researchAndDevelopment": "0", "operatingExpenses": "59000000", "investmentIncomeNet": "None", "netInterestIncome": "None", "interestIncome": "None", "interestExpense": "345000000", "nonInterestIncome": "None", "otherNonOperatingIncome": "107000000", "depreciation": "None", "depreciationAndAmortization": "299000000", "incomeBeforeTax": "-247000000", "incomeTaxExpense": "133000000", "interestAndDebtExpense": "None", "netIncomeFromContinuingOperations": "-113000000", "comprehensiveIncomeNetOfTax": "None", "ebit": "37000000", "ebitda": "336000000", "netIncome": "-949000000"}, {"fiscalDateEnding": "2016-09-30", "reportedCurrency": "USD", "grossProfit": "688000000", "totalRevenue": "3542000000", "costOfRevenue": "2854000000", "costofGoodsAndServicesSold": "2854000000", "operatingIncome": "648000000", "sellingGeneralAndAdministrative": "40000000", "researchAndDevelopment": "0", "operatingExpenses": "40000000", "investmentIncomeNet": "None", "netInterestIncome": "None", "interestIncome": "None", "interestExpense": "354000000", "nonInterestIncome": "None", "otherNonOperatingIncome": "85000000", "depreciation": "None", "depreciationAndAmortization": "291000000", "incomeBeforeTax": "305000000", "incomeTaxExpense": "75000000", "interestAndDebtExpense": "None", "netIncomeFromContinuingOperations": "230000000", "comprehensiveIncomeNetOfTax": "None", "ebit": "648000000", "ebitda": "939000000", "netIncome": "175000000"}, {"fiscalDateEnding": "2016-06-30", "reportedCurrency": "USD", "grossProfit": "574000000", "totalRevenue": "3229000000", "costOfRevenue": "2655000000", "costofGoodsAndServicesSold": "2655000000", "operatingIncome": "527000000", "sellingGeneralAndAdministrative": "47000000", "researchAndDevelopment": "0", "operatingExpenses": "47000000", "investmentIncomeNet": "None", "netInterestIncome": "None", "interestIncome": "None", "interestExpense": "390000000", "nonInterestIncome": "None", "otherNonOperatingIncome": "85000000", "depreciation": "None", "depreciationAndAmortization": "296000000", "incomeBeforeTax": "-15000000", "incomeTaxExpense": "7000000", "interestAndDebtExpense": "None", "netIncomeFromContinuingOperations": "-8000000", "comprehensiveIncomeNetOfTax": "None", "ebit": "527000000", "ebitda": "823000000", "netIncome": "-482000000"}, {"fiscalDateEnding": "2016-03-31", "reportedCurrency": "USD", "grossProfit": "509000000", "totalRevenue": "3271000000", "costOfRevenue": "2762000000", "costofGoodsAndServicesSold": "2762000000", "operatingIncome": "461000000", "sellingGeneralAndAdministrative": "48000000", "researchAndDevelopment": "0", "operatingExpenses": "48000000", "investmentIncomeNet": "None", "netInterestIncome": "None", "interestIncome": "None", "interestExpense": "342000000", "nonInterestIncome": "None", "otherNonOperatingIncome": "222000000", "depreciation": "None", "depreciationAndAmortization": "290000000", "incomeBeforeTax": "179000000", "incomeTaxExpense": "96000000", "interestAndDebtExpense": "None", "netIncomeFromContinuingOperations": "252000000", "comprehensiveIncomeNetOfTax": "None", "ebit": "461000000", "ebitda": "751000000", "netIncome": "126000000"}, {"fiscalDateEnding": "2015-12-31", "reportedCurrency": "USD", "grossProfit": "717000000", "totalRevenue": "3219000000", "costOfRevenue": "2502000000", "costofGoodsAndServicesSold": "2502000000", "operatingIncome": "671000000", "sellingGeneralAndAdministrative": "46000000", "researchAndDevelopment": "0", "operatingExpenses": "46000000", "investmentIncomeNet": "None", "netInterestIncome": "None", "interestIncome": "None", "interestExpense": "375000000", "nonInterestIncome": "None", "otherNonOperatingIncome": "248000000", "depreciation": "None", "depreciationAndAmortization": "264000000", "incomeBeforeTax": "260000000", "incomeTaxExpense": "206000000", "interestAndDebtExpense": "None", "netIncomeFromContinuingOperations": "41000000", "comprehensiveIncomeNetOfTax": "None", "ebit": "671000000", "ebitda": "935000000", "netIncome": "-85000000"}, {"fiscalDateEnding": "2015-09-30", "reportedCurrency": "USD", "grossProfit": "665000000", "totalRevenue": "3522000000", "costOfRevenue": "2857000000", "costofGoodsAndServicesSold": "2857000000", "operatingIncome": "620000000", "sellingGeneralAndAdministrative": "45000000", "researchAndDevelopment": "0", "operatingExpenses": "45000000", "investmentIncomeNet": "None", "netInterestIncome": "None", "interestIncome": "None", "interestExpense": "365000000", "nonInterestIncome": "None", "otherNonOperatingIncome": "244000000", "depreciation": "None", "depreciationAndAmortization": "283000000", "incomeBeforeTax": "241000000", "incomeTaxExpense": "43000000", "interestAndDebtExpense": "None", "netIncomeFromContinuingOperations": "203000000", "comprehensiveIncomeNetOfTax": "None", "ebit": "620000000", "ebitda": "903000000", "netIncome": "180000000"}, {"fiscalDateEnding": "2015-06-30", "reportedCurrency": "USD", "grossProfit": "755000000", "totalRevenue": "3656000000", "costOfRevenue": "2901000000", "costofGoodsAndServicesSold": "2901000000", "operatingIncome": "705000000", "sellingGeneralAndAdministrative": "50000000", "researchAndDevelopment": "0", "operatingExpenses": "50000000", "investmentIncomeNet": "None", "netInterestIncome": "None", "interestIncome": "None", "interestExpense": "287000000", "nonInterestIncome": "None", "otherNonOperatingIncome": "26000000", "depreciation": "None", "depreciationAndAmortization": "299000000", "incomeBeforeTax": "397000000", "incomeTaxExpense": "123000000", "interestAndDebtExpense": "None", "netIncomeFromContinuingOperations": "264000000", "comprehensiveIncomeNetOfTax": "None", "ebit": "705000000", "ebitda": "1004000000", "netIncome": "69000000"}, {"fiscalDateEnding": "2015-03-31", "reportedCurrency": "USD", "grossProfit": "721000000", "totalRevenue": "3758000000", "costOfRevenue": "3037000000", "costofGoodsAndServicesSold": "3037000000", "operatingIncome": "666000000", "sellingGeneralAndAdministrative": "55000000", "researchAndDevelopment": "0", "operatingExpenses": "55000000", "investmentIncomeNet": "None", "netInterestIncome": "None", "interestIncome": "None", "interestExpense": "363000000", "nonInterestIncome": "None", "otherNonOperatingIncome": "59000000", "depreciation": "None", "depreciationAndAmortization": "298000000", "incomeBeforeTax": "361000000", "incomeTaxExpense": "100000000", "interestAndDebtExpense": "None", "netIncomeFromContinuingOperations": "254000000", "comprehensiveIncomeNetOfTax": "None", "ebit": "666000000", "ebitda": "964000000", "netIncome": "142000000"}, {"fiscalDateEnding": "2014-12-31", "reportedCurrency": "USD", "grossProfit": "708000000", "totalRevenue": "4132000000", "costOfRevenue": "3424000000", "costofGoodsAndServicesSold": "3424000000", "operatingIncome": "669000000", "sellingGeneralAndAdministrative": "39000000", "researchAndDevelopment": "0", "operatingExpenses": "39000000", "investmentIncomeNet": "None", "netInterestIncome": "None", "interestIncome": "None", "interestExpense": "385000000", "nonInterestIncome": "None", "otherNonOperatingIncome": "104000000", "depreciation": "None", "depreciationAndAmortization": "275000000", "incomeBeforeTax": "414000000", "incomeTaxExpense": "116000000", "interestAndDebtExpense": "None", "netIncomeFromContinuingOperations": "298000000", "comprehensiveIncomeNetOfTax": "None", "ebit": "669000000", "ebitda": "944000000", "netIncome": "206000000"}, {"fiscalDateEnding": "2014-09-30", "reportedCurrency": "USD", "grossProfit": "767000000", "totalRevenue": "4441000000", "costOfRevenue": "3674000000", "costofGoodsAndServicesSold": "3674000000", "operatingIncome": "722000000", "sellingGeneralAndAdministrative": "45000000", "researchAndDevelopment": "0", "operatingExpenses": "45000000", "investmentIncomeNet": "None", "netInterestIncome": "None", "interestIncome": "None", "interestExpense": "390000000", "nonInterestIncome": "None", "otherNonOperatingIncome": "283000000", "depreciation": "None", "depreciationAndAmortization": "312000000", "incomeBeforeTax": "600000000", "incomeTaxExpense": "92000000", "interestAndDebtExpense": "None", "netIncomeFromContinuingOperations": "508000000", "comprehensiveIncomeNetOfTax": "None", "ebit": "722000000", "ebitda": "1034000000", "netIncome": "488000000"}, {"fiscalDateEnding": "2014-06-30", "reportedCurrency": "USD", "grossProfit": "819000000", "totalRevenue": "4311000000", "costOfRevenue": "3492000000", "costofGoodsAndServicesSold": "3492000000", "operatingIncome": "767000000", "sellingGeneralAndAdministrative": "52000000", "researchAndDevelopment": "0", "operatingExpenses": "52000000", "investmentIncomeNet": "None", "netInterestIncome": "None", "interestIncome": "None", "interestExpense": "323000000", "nonInterestIncome": "None", "otherNonOperatingIncome": "41000000", "depreciation": "None", "depreciationAndAmortization": "319000000", "incomeBeforeTax": "438000000", "incomeTaxExpense": "157000000", "interestAndDebtExpense": "None", "netIncomeFromContinuingOperations": "281000000", "comprehensiveIncomeNetOfTax": "None", "ebit": "767000000", "ebitda": "1086000000", "netIncome": "133000000"}, {"fiscalDateEnding": "2014-03-31", "reportedCurrency": "USD", "grossProfit": "794000000", "totalRevenue": "4262000000", "costOfRevenue": "3468000000", "costofGoodsAndServicesSold": "3468000000", "operatingIncome": "743000000", "sellingGeneralAndAdministrative": "51000000", "researchAndDevelopment": "0", "operatingExpenses": "51000000", "investmentIncomeNet": "None", "netInterestIncome": "None", "interestIncome": "None", "interestExpense": "373000000", "nonInterestIncome": "None", "otherNonOperatingIncome": "-64000000", "depreciation": "None", "depreciationAndAmortization": "306000000", "incomeBeforeTax": "143000000", "incomeTaxExpense": "54000000", "interestAndDebtExpense": "None", "netIncomeFromContinuingOperations": "89000000", "comprehensiveIncomeNetOfTax": "None", "ebit": "743000000", "ebitda": "1049000000", "netIncome": "-58000000"}, {"fiscalDateEnding": "2013-12-31", "reportedCurrency": "USD", "grossProfit": "670000000", "totalRevenue": "3800000000", "costOfRevenue": "3130000000", "costofGoodsAndServicesSold": "3130000000", "operatingIncome": "610000000", "sellingGeneralAndAdministrative": "60000000", "researchAndDevelopment": "0", "operatingExpenses": "60000000", "investmentIncomeNet": "None", "netInterestIncome": "None", "interestIncome": "None", "interestExpense": "417000000", "nonInterestIncome": "None", "otherNonOperatingIncome": "-11000000", "depreciation": "None", "depreciationAndAmortization": "257000000", "incomeBeforeTax": "-115000000", "incomeTaxExpense": "58000000", "interestAndDebtExpense": "None", "netIncomeFromContinuingOperations": "-96000000", "comprehensiveIncomeNetOfTax": "None", "ebit": "610000000", "ebitda": "867000000", "netIncome": "-206000000"}, {"fiscalDateEnding": "2013-09-30", "reportedCurrency": "USD", "grossProfit": "927000000", "totalRevenue": "3996000000", "costOfRevenue": "3069000000", "costofGoodsAndServicesSold": "3069000000", "operatingIncome": "874000000", "sellingGeneralAndAdministrative": "53000000", "researchAndDevelopment": "0", "operatingExpenses": "53000000", "investmentIncomeNet": "None", "netInterestIncome": "None", "interestIncome": "None", "interestExpense": "358000000", "nonInterestIncome": "None", "otherNonOperatingIncome": "13000000", "depreciation": "None", "depreciationAndAmortization": "321000000", "incomeBeforeTax": "465000000", "incomeTaxExpense": "126000000", "interestAndDebtExpense": "None", "netIncomeFromContinuingOperations": "275000000", "comprehensiveIncomeNetOfTax": "None", "ebit": "874000000", "ebitda": "1195000000", "netIncome": "71000000"}, {"fiscalDateEnding": "2013-06-30", "reportedCurrency": "USD", "grossProfit": "901000000", "totalRevenue": "3945000000", "costOfRevenue": "3044000000", "costofGoodsAndServicesSold": "3044000000", "operatingIncome": "848000000", "sellingGeneralAndAdministrative": "53000000", "researchAndDevelopment": "0", "operatingExpenses": "53000000", "investmentIncomeNet": "None", "netInterestIncome": "None", "interestIncome": "None", "interestExpense": "337000000", "nonInterestIncome": "None", "otherNonOperatingIncome": "-97000000", "depreciation": "None", "depreciationAndAmortization": "332000000", "incomeBeforeTax": "407000000", "incomeTaxExpense": "76000000", "interestAndDebtExpense": "None", "netIncomeFromContinuingOperations": "330000000", "comprehensiveIncomeNetOfTax": "None", "ebit": "744000000", "ebitda": "1076000000", "netIncome": "167000000"}, {"fiscalDateEnding": "2013-03-31", "reportedCurrency": "USD", "grossProfit": "749000000", "totalRevenue": "4150000000", "costOfRevenue": "3401000000", "costofGoodsAndServicesSold": "3401000000", "operatingIncome": "695000000", "sellingGeneralAndAdministrative": "54000000", "researchAndDevelopment": "0", "operatingExpenses": "54000000", "investmentIncomeNet": "None", "netInterestIncome": "None", "interestIncome": "None", "interestExpense": "370000000", "nonInterestIncome": "None", "otherNonOperatingIncome": "41000000", "depreciation": "None", "depreciationAndAmortization": "329000000", "incomeBeforeTax": "310000000", "incomeTaxExpense": "83000000", "interestAndDebtExpense": "None", "netIncomeFromContinuingOperations": "221000000", "comprehensiveIncomeNetOfTax": "None", "ebit": "680000000", "ebitda": "1009000000", "netIncome": "82000000"}, {"fiscalDateEnding": "2012-12-31", "reportedCurrency": "USD", "grossProfit": "940000000", "totalRevenue": "4622000000", "costOfRevenue": "3682000000", "costofGoodsAndServicesSold": "3682000000", "operatingIncome": "864000000", "sellingGeneralAndAdministrative": "301000000", "researchAndDevelopment": "0", "operatingExpenses": "76000000", "investmentIncomeNet": "None", "netInterestIncome": "None", "interestIncome": "None", "interestExpense": "370000000", "nonInterestIncome": "None", "otherNonOperatingIncome": "20000000", "depreciation": "None", "depreciationAndAmortization": "356000000", "incomeBeforeTax": "591000000", "incomeTaxExpense": "189000000", "interestAndDebtExpense": "None", "netIncomeFromContinuingOperations": "388000000", "comprehensiveIncomeNetOfTax": "None", "ebit": "961000000", "ebitda": "1317000000", "netIncome": "175000000"}, {"fiscalDateEnding": "2012-09-30", "reportedCurrency": "USD", "grossProfit": "967000000", "totalRevenue": "4355000000", "costOfRevenue": "3388000000", "costofGoodsAndServicesSold": "3388000000", "operatingIncome": "903000000", "sellingGeneralAndAdministrative": "64000000", "researchAndDevelopment": "0", "operatingExpenses": "64000000", "investmentIncomeNet": "None", "netInterestIncome": "None", "interestIncome": "None", "interestExpense": "396000000", "nonInterestIncome": "None", "otherNonOperatingIncome": "135000000", "depreciation": "None", "depreciationAndAmortization": "332000000", "incomeBeforeTax": "-1283000000", "incomeTaxExpense": "172000000", "interestAndDebtExpense": "None", "netIncomeFromContinuingOperations": "-1403000000", "comprehensiveIncomeNetOfTax": "None", "ebit": "-887000000", "ebitda": "-555000000", "netIncome": "-1568000000"}, {"fiscalDateEnding": "2012-06-30", "reportedCurrency": "USD", "grossProfit": "693000000", "totalRevenue": "4089000000", "costOfRevenue": "3396000000", "costofGoodsAndServicesSold": "3396000000", "operatingIncome": "619000000", "sellingGeneralAndAdministrative": "74000000", "researchAndDevelopment": "0", "operatingExpenses": "74000000", "investmentIncomeNet": "None", "netInterestIncome": "None", "interestIncome": "None", "interestExpense": "384000000", "nonInterestIncome": "None", "otherNonOperatingIncome": "-3000000", "depreciation": "None", "depreciationAndAmortization": "346000000", "incomeBeforeTax": "201000000", "incomeTaxExpense": "75000000", "interestAndDebtExpense": "None", "netIncomeFromContinuingOperations": "136000000", "comprehensiveIncomeNetOfTax": "None", "ebit": "585000000", "ebitda": "931000000", "netIncome": "140000000"}, {"fiscalDateEnding": "2012-03-31", "reportedCurrency": "USD", "grossProfit": "1072000000", "totalRevenue": "4586000000", "costOfRevenue": "3514000000", "costofGoodsAndServicesSold": "3514000000", "operatingIncome": "985000000", "sellingGeneralAndAdministrative": "87000000", "researchAndDevelopment": "0", "operatingExpenses": "87000000", "investmentIncomeNet": "None", "netInterestIncome": "None", "interestIncome": "None", "interestExpense": "416000000", "nonInterestIncome": "None", "otherNonOperatingIncome": "233000000", "depreciation": "None", "depreciationAndAmortization": "360000000", "incomeBeforeTax": "769000000", "incomeTaxExpense": "268000000", "interestAndDebtExpense": "None", "netIncomeFromContinuingOperations": "519000000", "comprehensiveIncomeNetOfTax": "None", "ebit": "1185000000", "ebitda": "1545000000", "netIncome": "341000000"}, {"fiscalDateEnding": "2011-12-31", "reportedCurrency": "USD", "grossProfit": "1115000000", "totalRevenue": "4157000000", "costOfRevenue": "3042000000", "costofGoodsAndServicesSold": "3042000000", "operatingIncome": "1007000000", "sellingGeneralAndAdministrative": "391000000", "researchAndDevelopment": "0", "operatingExpenses": "108000000", "investmentIncomeNet": "None", "netInterestIncome": "None", "interestIncome": "None", "interestExpense": "425000000", "nonInterestIncome": "None", "otherNonOperatingIncome": "74000000", "depreciation": "None", "depreciationAndAmortization": "315000000", "incomeBeforeTax": "660000000", "incomeTaxExpense": "167000000", "interestAndDebtExpense": "None", "netIncomeFromContinuingOperations": "452000000", "comprehensiveIncomeNetOfTax": "None", "ebit": "1085000000", "ebitda": "1400000000", "netIncome": "-209000000"}, {"fiscalDateEnding": "2011-09-30", "reportedCurrency": "USD", "grossProfit": "1010000000", "totalRevenue": "4307000000", "costOfRevenue": "3297000000", "costofGoodsAndServicesSold": "3297000000", "operatingIncome": "920000000", "sellingGeneralAndAdministrative": "91000000", "researchAndDevelopment": "0", "operatingExpenses": "90000000", "investmentIncomeNet": "None", "netInterestIncome": "None", "interestIncome": "None", "interestExpense": "418000000", "nonInterestIncome": "None", "otherNonOperatingIncome": "-65000000", "depreciation": "None", "depreciationAndAmortization": "325000000", "incomeBeforeTax": "266000000", "incomeTaxExpense": "68000000", "interestAndDebtExpense": "None", "netIncomeFromContinuingOperations": "150000000", "comprehensiveIncomeNetOfTax": "None", "ebit": "684000000", "ebitda": "1009000000", "netIncome": "-131000000"}, {"fiscalDateEnding": "2011-06-30", "reportedCurrency": "USD", "grossProfit": "992000000", "totalRevenue": "4435000000", "costOfRevenue": "3443000000", "costofGoodsAndServicesSold": "3443000000", "operatingIncome": "895000000", "sellingGeneralAndAdministrative": "97000000", "researchAndDevelopment": "0", "operatingExpenses": "97000000", "investmentIncomeNet": "None", "netInterestIncome": "None", "interestIncome": "None", "interestExpense": "381000000", "nonInterestIncome": "None", "otherNonOperatingIncome": "133000000", "depreciation": "None", "depreciationAndAmortization": "317000000", "incomeBeforeTax": "614000000", "incomeTaxExpense": "174000000", "interestAndDebtExpense": "None", "netIncomeFromContinuingOperations": "444000000", "comprehensiveIncomeNetOfTax": "None", "ebit": "995000000", "ebitda": "1312000000", "netIncome": "174000000"}, {"fiscalDateEnding": "2011-03-31", "reportedCurrency": "USD", "grossProfit": "993000000", "totalRevenue": "4156000000", "costOfRevenue": "3163000000", "costofGoodsAndServicesSold": "3163000000", "operatingIncome": "898000000", "sellingGeneralAndAdministrative": "95000000", "researchAndDevelopment": "0", "operatingExpenses": "95000000", "investmentIncomeNet": "None", "netInterestIncome": "None", "interestIncome": "None", "interestExpense": "338000000", "nonInterestIncome": "None", "otherNonOperatingIncome": "144000000", "depreciation": "None", "depreciationAndAmortization": "305000000", "incomeBeforeTax": "695000000", "incomeTaxExpense": "215000000", "interestAndDebtExpense": "None", "netIncomeFromContinuingOperations": "495000000", "comprehensiveIncomeNetOfTax": "None", "ebit": "1033000000", "ebitda": "1338000000", "netIncome": "224000000"}, {"fiscalDateEnding": "2010-12-31", "reportedCurrency": "USD", "grossProfit": "1011000000", "totalRevenue": "4404000000", "costOfRevenue": "3393000000", "costofGoodsAndServicesSold": "3393000000", "operatingIncome": "898000000", "sellingGeneralAndAdministrative": "339000000", "researchAndDevelopment": "0", "operatingExpenses": "113000000", "investmentIncomeNet": "None", "netInterestIncome": "None", "interestIncome": "None", "interestExpense": "359000000", "nonInterestIncome": "None", "otherNonOperatingIncome": "99000000", "depreciation": "None", "depreciationAndAmortization": "302000000", "incomeBeforeTax": "-443000000", "incomeTaxExpense": "-255000000", "interestAndDebtExpense": "None", "netIncomeFromContinuingOperations": "-185000000", "comprehensiveIncomeNetOfTax": "None", "ebit": "-84000000", "ebitda": "218000000", "netIncome": "-436000000"}, {"fiscalDateEnding": "2010-09-30", "reportedCurrency": "USD", "grossProfit": "967000000", "totalRevenue": "3990000000", "costOfRevenue": "3023000000", "costofGoodsAndServicesSold": "3023000000", "operatingIncome": "869000000", "sellingGeneralAndAdministrative": "98000000", "researchAndDevelopment": "0", "operatingExpenses": "98000000", "investmentIncomeNet": "None", "netInterestIncome": "None", "interestIncome": "None", "interestExpense": "381000000", "nonInterestIncome": "None", "otherNonOperatingIncome": "224000000", "depreciation": "None", "depreciationAndAmortization": "292000000", "incomeBeforeTax": "365000000", "incomeTaxExpense": "102000000", "interestAndDebtExpense": "None", "netIncomeFromContinuingOperations": "296000000", "comprehensiveIncomeNetOfTax": "None", "ebit": "746000000", "ebitda": "1038000000", "netIncome": "114000000"}, {"fiscalDateEnding": "2010-06-30", "reportedCurrency": "USD", "grossProfit": "1002000000", "totalRevenue": "3923000000", "costOfRevenue": "2921000000", "costofGoodsAndServicesSold": "2921000000", "operatingIncome": "901000000", "sellingGeneralAndAdministrative": "101000000", "researchAndDevelopment": "0", "operatingExpenses": "101000000", "investmentIncomeNet": "None", "netInterestIncome": "None", "interestIncome": "None", "interestExpense": "389000000", "nonInterestIncome": "None", "otherNonOperatingIncome": "159000000", "depreciation": "None", "depreciationAndAmortization": "291000000", "incomeBeforeTax": "556000000", "incomeTaxExpense": "261000000", "interestAndDebtExpense": "None", "netIncomeFromContinuingOperations": "411000000", "comprehensiveIncomeNetOfTax": "None", "ebit": "945000000", "ebitda": "1236000000", "netIncome": "144000000"}, {"fiscalDateEnding": "2010-03-31", "reportedCurrency": "USD", "grossProfit": "961000000", "totalRevenue": "3920000000", "costOfRevenue": "2959000000", "costofGoodsAndServicesSold": "2959000000", "operatingIncome": "881000000", "sellingGeneralAndAdministrative": "82000000", "researchAndDevelopment": "0", "operatingExpenses": "80000000", "investmentIncomeNet": "None", "netInterestIncome": "None", "interestIncome": "None", "interestExpense": "381000000", "nonInterestIncome": "None", "otherNonOperatingIncome": "72000000", "depreciation": "None", "depreciationAndAmortization": "293000000", "incomeBeforeTax": "554000000", "incomeTaxExpense": "186000000", "interestAndDebtExpense": "None", "netIncomeFromContinuingOperations": "398000000", "comprehensiveIncomeNetOfTax": "None", "ebit": "935000000", "ebitda": "1228000000", "netIncome": "187000000"}, {"fiscalDateEnding": "2009-12-31", "reportedCurrency": "USD", "grossProfit": "757000000", "totalRevenue": "3408000000", "costOfRevenue": "2651000000", "costofGoodsAndServicesSold": "2651000000", "operatingIncome": "667000000", "sellingGeneralAndAdministrative": "263000000", "researchAndDevelopment": "0", "operatingExpenses": "90000000", "investmentIncomeNet": "None", "netInterestIncome": "None", "interestIncome": "None", "interestExpense": "320000000", "nonInterestIncome": "None", "otherNonOperatingIncome": "None", "depreciation": "None", "depreciationAndAmortization": "282000000", "incomeBeforeTax": "461000000", "incomeTaxExpense": "114000000", "interestAndDebtExpense": "None", "netIncomeFromContinuingOperations": "0", "comprehensiveIncomeNetOfTax": "None", "ebit": "781000000", "ebitda": "1063000000", "netIncome": "-48000000"}, {"fiscalDateEnding": "2009-09-30", "reportedCurrency": "USD", "grossProfit": "967000000", "totalRevenue": "3652000000", "costOfRevenue": "2685000000", "costofGoodsAndServicesSold": "2685000000", "operatingIncome": "886000000", "sellingGeneralAndAdministrative": "82000000", "researchAndDevelopment": "0", "operatingExpenses": "81000000", "investmentIncomeNet": "None", "netInterestIncome": "None", "interestIncome": "None", "interestExpense": "406000000", "nonInterestIncome": "None", "otherNonOperatingIncome": "126000000", "depreciation": "None", "depreciationAndAmortization": "269000000", "incomeBeforeTax": "599000000", "incomeTaxExpense": "203000000", "interestAndDebtExpense": "None", "netIncomeFromContinuingOperations": "440000000", "comprehensiveIncomeNetOfTax": "None", "ebit": "1005000000", "ebitda": "1274000000", "netIncome": "185000000"}, {"fiscalDateEnding": "2009-06-30", "reportedCurrency": "USD", "grossProfit": "803000000", "totalRevenue": "3291000000", "costOfRevenue": "2488000000", "costofGoodsAndServicesSold": "2488000000", "operatingIncome": "716000000", "sellingGeneralAndAdministrative": "88000000", "researchAndDevelopment": "0", "operatingExpenses": "87000000", "investmentIncomeNet": "None", "netInterestIncome": "None", "interestIncome": "None", "interestExpense": "368000000", "nonInterestIncome": "None", "otherNonOperatingIncome": "None", "depreciation": "None", "depreciationAndAmortization": "253000000", "incomeBeforeTax": "558000000", "incomeTaxExpense": "105000000", "interestAndDebtExpense": "None", "netIncomeFromContinuingOperations": "0", "comprehensiveIncomeNetOfTax": "None", "ebit": "926000000", "ebitda": "1179000000", "netIncome": "303000000"}, {"fiscalDateEnding": "2009-03-31", "reportedCurrency": "USD", "grossProfit": "856000000", "totalRevenue": "3269000000", "costOfRevenue": "2413000000", "costofGoodsAndServicesSold": "2413000000", "operatingIncome": "762000000", "sellingGeneralAndAdministrative": "85000000", "researchAndDevelopment": "0", "operatingExpenses": "94000000", "investmentIncomeNet": "None", "netInterestIncome": "None", "interestIncome": "None", "interestExpense": "380000000", "nonInterestIncome": "None", "otherNonOperatingIncome": "None", "depreciation": "None", "depreciationAndAmortization": "245000000", "incomeBeforeTax": "649000000", "incomeTaxExpense": "174000000", "interestAndDebtExpense": "None", "netIncomeFromContinuingOperations": "0", "comprehensiveIncomeNetOfTax": "None", "ebit": "1029000000", "ebitda": "1274000000", "netIncome": "218000000"}, {"fiscalDateEnding": "2008-12-31", "reportedCurrency": "USD", "grossProfit": "3475000000", "totalRevenue": "3475000000", "costOfRevenue": "15000000", "costofGoodsAndServicesSold": "15000000", "operatingIncome": "684000000", "sellingGeneralAndAdministrative": "84000000", "researchAndDevelopment": "0", "operatingExpenses": "-9572000000", "investmentIncomeNet": "None", "netInterestIncome": "None", "interestIncome": "None", "interestExpense": "1844000000", "nonInterestIncome": "None", "otherNonOperatingIncome": "None", "depreciation": "None", "depreciationAndAmortization": "241000000", "incomeBeforeTax": "744000000", "incomeTaxExpense": "49000000", "interestAndDebtExpense": "None", "netIncomeFromContinuingOperations": "0", "comprehensiveIncomeNetOfTax": "None", "ebit": "1943000000", "ebitda": "2184000000", "netIncome": "-47000000"}, {"fiscalDateEnding": "2008-09-30", "reportedCurrency": "USD", "grossProfit": "962000000", "totalRevenue": "4319000000", "costOfRevenue": "3357000000", "costofGoodsAndServicesSold": "3357000000", "operatingIncome": "846000000", "sellingGeneralAndAdministrative": "90000000", "researchAndDevelopment": "0", "operatingExpenses": "90000000", "investmentIncomeNet": "None", "netInterestIncome": "None", "interestIncome": "None", "interestExpense": "458000000", "nonInterestIncome": "None", "otherNonOperatingIncome": "None", "depreciation": "None", "depreciationAndAmortization": "260000000", "incomeBeforeTax": "533000000", "incomeTaxExpense": "168000000", "interestAndDebtExpense": "None", "netIncomeFromContinuingOperations": "0", "comprehensiveIncomeNetOfTax": "None", "ebit": "991000000", "ebitda": "1251000000", "netIncome": "145000000"}, {"fiscalDateEnding": "2008-06-30", "reportedCurrency": "USD", "grossProfit": "1029000000", "totalRevenue": "4126000000", "costOfRevenue": "3097000000", "costofGoodsAndServicesSold": "3097000000", "operatingIncome": "930000000", "sellingGeneralAndAdministrative": "89000000", "researchAndDevelopment": "0", "operatingExpenses": "99000000", "investmentIncomeNet": "None", "netInterestIncome": "None", "interestIncome": "None", "interestExpense": "469000000", "nonInterestIncome": "None", "otherNonOperatingIncome": "None", "depreciation": "None", "depreciationAndAmortization": "256000000", "incomeBeforeTax": "1457000000", "incomeTaxExpense": "318000000", "interestAndDebtExpense": "None", "netIncomeFromContinuingOperations": "0", "comprehensiveIncomeNetOfTax": "None", "ebit": "1926000000", "ebitda": "2182000000", "netIncome": "903000000"}, {"fiscalDateEnding": "2008-03-31", "reportedCurrency": "USD", "grossProfit": "1042000000", "totalRevenue": "4081000000", "costOfRevenue": "3039000000", "costofGoodsAndServicesSold": "3039000000", "operatingIncome": "944000000", "sellingGeneralAndAdministrative": "99000000", "researchAndDevelopment": "0", "operatingExpenses": "98000000", "investmentIncomeNet": "None", "netInterestIncome": "None", "interestIncome": "None", "interestExpense": "435000000", "nonInterestIncome": "None", "otherNonOperatingIncome": "None", "depreciation": "None", "depreciationAndAmortization": "244000000", "incomeBeforeTax": "624000000", "incomeTaxExpense": "239000000", "interestAndDebtExpense": "None", "netIncomeFromContinuingOperations": "0", "comprehensiveIncomeNetOfTax": "None", "ebit": "1059000000", "ebitda": "1303000000", "netIncome": "233000000"}, {"fiscalDateEnding": "2007-12-31", "reportedCurrency": "USD", "grossProfit": "3664000000", "totalRevenue": "3664000000", "costOfRevenue": "8166000000", "costofGoodsAndServicesSold": "8166000000", "operatingIncome": "710000000", "sellingGeneralAndAdministrative": "305000000", "researchAndDevelopment": "0", "operatingExpenses": "-7225000000", "investmentIncomeNet": "None", "netInterestIncome": "None", "interestIncome": "None", "interestExpense": "1763000000", "nonInterestIncome": "None", "otherNonOperatingIncome": "None", "depreciation": "None", "depreciationAndAmortization": "372000000", "incomeBeforeTax": "531000000", "incomeTaxExpense": "84000000", "interestAndDebtExpense": "None", "netIncomeFromContinuingOperations": "0", "comprehensiveIncomeNetOfTax": "None", "ebit": "710000000", "ebitda": "1082000000", "netIncome": "17000000"}, {"fiscalDateEnding": "2007-09-30", "reportedCurrency": "USD", "grossProfit": "3484000000", "totalRevenue": "3484000000", "costOfRevenue": "2400000000", "costofGoodsAndServicesSold": "2400000000", "operatingIncome": "716000000", "sellingGeneralAndAdministrative": "93000000", "researchAndDevelopment": "0", "operatingExpenses": "2768000000", "investmentIncomeNet": "None", "netInterestIncome": "None", "interestIncome": "None", "interestExpense": "453000000", "nonInterestIncome": "None", "otherNonOperatingIncome": "None", "depreciation": "None", "depreciationAndAmortization": "237000000", "incomeBeforeTax": "248000000", "incomeTaxExpense": "156000000", "interestAndDebtExpense": "None", "netIncomeFromContinuingOperations": "0", "comprehensiveIncomeNetOfTax": "None", "ebit": "716000000", "ebitda": "953000000", "netIncome": "104000000"}, {"fiscalDateEnding": "2007-06-30", "reportedCurrency": "USD", "grossProfit": "3340000000", "totalRevenue": "3340000000", "costOfRevenue": "1995000000", "costofGoodsAndServicesSold": "1995000000", "operatingIncome": "800000000", "sellingGeneralAndAdministrative": "58000000", "researchAndDevelopment": "0", "operatingExpenses": "2525000000", "investmentIncomeNet": "None", "netInterestIncome": "None", "interestIncome": "None", "interestExpense": "432000000", "nonInterestIncome": "None", "otherNonOperatingIncome": "None", "depreciation": "None", "depreciationAndAmortization": "15000000", "incomeBeforeTax": "561000000", "incomeTaxExpense": "275000000", "interestAndDebtExpense": "None", "netIncomeFromContinuingOperations": "0", "comprehensiveIncomeNetOfTax": "None", "ebit": "800000000", "ebitda": "815000000", "netIncome": "254000000"}, {"fiscalDateEnding": "2007-03-31", "reportedCurrency": "USD", "grossProfit": "3129000000", "totalRevenue": "3129000000", "costOfRevenue": "1901000000", "costofGoodsAndServicesSold": "1901000000", "operatingIncome": "432000000", "sellingGeneralAndAdministrative": "56000000", "researchAndDevelopment": "0", "operatingExpenses": "2697000000", "investmentIncomeNet": "None", "netInterestIncome": "None", "interestIncome": "None", "interestExpense": "418000000", "nonInterestIncome": "None", "otherNonOperatingIncome": "None", "depreciation": "None", "depreciationAndAmortization": "-140000000", "incomeBeforeTax": "106000000", "incomeTaxExpense": "33000000", "interestAndDebtExpense": "None", "netIncomeFromContinuingOperations": "0", "comprehensiveIncomeNetOfTax": "None", "ebit": "432000000", "ebitda": "292000000", "netIncome": "81000000"}, {"fiscalDateEnding": "2006-12-31", "reportedCurrency": "USD", "grossProfit": "3129000000", "totalRevenue": "3129000000", "costOfRevenue": "2149000000", "costofGoodsAndServicesSold": "2149000000", "operatingIncome": "432000000", "sellingGeneralAndAdministrative": "125000000", "researchAndDevelopment": "0", "operatingExpenses": "2697000000", "investmentIncomeNet": "None", "netInterestIncome": "None", "interestIncome": "None", "interestExpense": "440000000", "nonInterestIncome": "None", "otherNonOperatingIncome": "None", "depreciation": "None", "depreciationAndAmortization": "None", "incomeBeforeTax": "106000000", "incomeTaxExpense": "33000000", "interestAndDebtExpense": "None", "netIncomeFromContinuingOperations": "0", "comprehensiveIncomeNetOfTax": "None", "ebit": "106000000", "ebitda": "292000000", "netIncome": "81000000"}, {"fiscalDateEnding": "2006-09-30", "reportedCurrency": "USD", "grossProfit": "2947000000", "totalRevenue": "2947000000", "costOfRevenue": "2176000000", "costofGoodsAndServicesSold": "2176000000", "operatingIncome": "759000000", "sellingGeneralAndAdministrative": "66000000", "researchAndDevelopment": "0", "operatingExpenses": "2188000000", "investmentIncomeNet": "None", "netInterestIncome": "None", "interestIncome": "None", "interestExpense": "488000000", "nonInterestIncome": "None", "otherNonOperatingIncome": "None", "depreciation": "None", "depreciationAndAmortization": "3756000000", "incomeBeforeTax": "-363000000", "incomeTaxExpense": "5000000", "interestAndDebtExpense": "None", "netIncomeFromContinuingOperations": "0", "comprehensiveIncomeNetOfTax": "None", "ebit": "-2242000000", "ebitda": "759000000", "netIncome": "-327000000"}, {"fiscalDateEnding": "2006-06-30", "reportedCurrency": "USD", "grossProfit": "2862000000", "totalRevenue": "2862000000", "costOfRevenue": "2119000000", "costofGoodsAndServicesSold": "2119000000", "operatingIncome": "789000000", "sellingGeneralAndAdministrative": "59000000", "researchAndDevelopment": "0", "operatingExpenses": "2073000000", "investmentIncomeNet": "None", "netInterestIncome": "None", "interestIncome": "None", "interestExpense": "442000000", "nonInterestIncome": "None", "otherNonOperatingIncome": "None", "depreciation": "None", "depreciationAndAmortization": "3063000000", "incomeBeforeTax": "281000000", "incomeTaxExpense": "88000000", "interestAndDebtExpense": "None", "netIncomeFromContinuingOperations": "0", "comprehensiveIncomeNetOfTax": "None", "ebit": "-2178000000", "ebitda": "789000000", "netIncome": "175000000"}, {"fiscalDateEnding": "2006-03-31", "reportedCurrency": "USD", "grossProfit": "2817000000", "totalRevenue": "2817000000", "costOfRevenue": "2059000000", "costofGoodsAndServicesSold": "2059000000", "operatingIncome": "860000000", "sellingGeneralAndAdministrative": "55000000", "researchAndDevelopment": "0", "operatingExpenses": "1957000000", "investmentIncomeNet": "None", "netInterestIncome": "None", "interestIncome": "None", "interestExpense": "434000000", "nonInterestIncome": "None", "otherNonOperatingIncome": "None", "depreciation": "None", "depreciationAndAmortization": "224000000", "incomeBeforeTax": "516000000", "incomeTaxExpense": "186000000", "interestAndDebtExpense": "None", "netIncomeFromContinuingOperations": "0", "comprehensiveIncomeNetOfTax": "None", "ebit": "551000000", "ebitda": "860000000", "netIncome": "348000000"}, {"fiscalDateEnding": "2005-12-31", "reportedCurrency": "USD", "grossProfit": "2649000000", "totalRevenue": "2649000000", "costOfRevenue": "2142000000", "costofGoodsAndServicesSold": "2142000000", "operatingIncome": "481000000", "sellingGeneralAndAdministrative": "45000000", "researchAndDevelopment": "0", "operatingExpenses": "2168000000", "investmentIncomeNet": "None", "netInterestIncome": "None", "interestIncome": "None", "interestExpense": "475000000", "nonInterestIncome": "None", "otherNonOperatingIncome": "None", "depreciation": "None", "depreciationAndAmortization": "-87000000", "incomeBeforeTax": "167000000", "incomeTaxExpense": "80000000", "interestAndDebtExpense": "None", "netIncomeFromContinuingOperations": "0", "comprehensiveIncomeNetOfTax": "None", "ebit": "481000000", "ebitda": "481000000", "netIncome": "85000000"}, {"fiscalDateEnding": "2005-09-30", "reportedCurrency": "USD", "grossProfit": "0", "totalRevenue": "2782000000", "costOfRevenue": "1862000000", "costofGoodsAndServicesSold": "1862000000", "operatingIncome": "850000000", "sellingGeneralAndAdministrative": "49000000", "researchAndDevelopment": "0", "operatingExpenses": "1932000000", "investmentIncomeNet": "None", "netInterestIncome": "None", "interestIncome": "None", "interestExpense": "447000000", "nonInterestIncome": "None", "otherNonOperatingIncome": "None", "depreciation": "None", "depreciationAndAmortization": "None", "incomeBeforeTax": "387000000", "incomeTaxExpense": "143000000", "interestAndDebtExpense": "None", "netIncomeFromContinuingOperations": "0", "comprehensiveIncomeNetOfTax": "None", "ebit": "387000000", "ebitda": "863000000", "netIncome": "244000000"}, {"fiscalDateEnding": "2005-06-30", "reportedCurrency": "USD", "grossProfit": "2668000000", "totalRevenue": "2668000000", "costOfRevenue": "2123000000", "costofGoodsAndServicesSold": "2123000000", "operatingIncome": "481000000", "sellingGeneralAndAdministrative": "45000000", "researchAndDevelopment": "0", "operatingExpenses": "2187000000", "investmentIncomeNet": "None", "netInterestIncome": "None", "interestIncome": "None", "interestExpense": "475000000", "nonInterestIncome": "None", "otherNonOperatingIncome": "None", "depreciation": "None", "depreciationAndAmortization": "None", "incomeBeforeTax": "167000000", "incomeTaxExpense": "82000000", "interestAndDebtExpense": "None", "netIncomeFromContinuingOperations": "0", "comprehensiveIncomeNetOfTax": "None", "ebit": "167000000", "ebitda": "394000000", "netIncome": "85000000"}, {"fiscalDateEnding": "2005-03-31", "reportedCurrency": "USD", "grossProfit": "806000000", "totalRevenue": "2645000000", "costOfRevenue": "1839000000", "costofGoodsAndServicesSold": "1839000000", "operatingIncome": "-1912000000", "sellingGeneralAndAdministrative": "49000000", "researchAndDevelopment": "0", "operatingExpenses": "1912000000", "investmentIncomeNet": "None", "netInterestIncome": "None", "interestIncome": "None", "interestExpense": "467000000", "nonInterestIncome": "None", "otherNonOperatingIncome": "None", "depreciation": "None", "depreciationAndAmortization": "224000000", "incomeBeforeTax": "259000000", "incomeTaxExpense": "126000000", "interestAndDebtExpense": "None", "netIncomeFromContinuingOperations": "0", "comprehensiveIncomeNetOfTax": "None", "ebit": "735000000", "ebitda": "959000000", "netIncome": "133000000"}]}