{"symbol": "PTC", "annualReports": [{"fiscalDateEnding": "2024-09-30", "reportedCurrency": "USD", "grossProfit": "1811638000", "totalRevenue": "2298472000", "costOfRevenue": "486834000", "costofGoodsAndServicesSold": "486834000", "operatingIncome": "588062000", "sellingGeneralAndAdministrative": "232377000", "researchAndDevelopment": "433047000", "operatingExpenses": "1224378000", "investmentIncomeNet": "None", "netInterestIncome": "-115253000", "interestIncome": "4400000", "interestExpense": "119653000", "nonInterestIncome": "None", "otherNonOperatingIncome": "None", "depreciation": "None", "depreciationAndAmortization": "141407000", "incomeBeforeTax": "468962000", "incomeTaxExpense": "92629000", "interestAndDebtExpense": "None", "netIncomeFromContinuingOperations": "376333000", "comprehensiveIncomeNetOfTax": "None", "ebit": "588615000", "ebitda": "730022000", "netIncome": "376333000"}, {"fiscalDateEnding": "2023-09-30", "reportedCurrency": "USD", "grossProfit": "1656047000", "totalRevenue": "2097053000", "costOfRevenue": "441006000", "costofGoodsAndServicesSold": "441006000", "operatingIncome": "458474000", "sellingGeneralAndAdministrative": "233516000", "researchAndDevelopment": "394370000", "operatingExpenses": "1198033000", "investmentIncomeNet": "None", "netInterestIncome": "-124017000", "interestIncome": "5400000", "interestExpense": "129417000", "nonInterestIncome": "None", "otherNonOperatingIncome": "None", "depreciation": "None", "depreciationAndAmortization": "137162000", "incomeBeforeTax": "332566000", "incomeTaxExpense": "87026000", "interestAndDebtExpense": "None", "netIncomeFromContinuingOperations": "245540000", "comprehensiveIncomeNetOfTax": "None", "ebit": "461983000", "ebitda": "599145000", "netIncome": "245540000"}, {"fiscalDateEnding": "2022-09-30", "reportedCurrency": "USD", "grossProfit": "1547367000", "totalRevenue": "1933347000", "costOfRevenue": "385980000", "costofGoodsAndServicesSold": "385980000", "operatingIncome": "447362000", "sellingGeneralAndAdministrative": "204732000", "researchAndDevelopment": "338822000", "operatingExpenses": "1063771000", "investmentIncomeNet": "None", "netInterestIncome": "-51768000", "interestIncome": "2500000", "interestExpense": "54268000", "nonInterestIncome": "None", "otherNonOperatingIncome": "4004000", "depreciation": "None", "depreciationAndAmortization": "122040000", "incomeBeforeTax": "397098000", "incomeTaxExpense": "84017000", "interestAndDebtExpense": "None", "netIncomeFromContinuingOperations": "313081000", "comprehensiveIncomeNetOfTax": "None", "ebit": "451366000", "ebitda": "573406000", "netIncome": "313081000"}, {"fiscalDateEnding": "2021-09-30", "reportedCurrency": "USD", "grossProfit": "1436057000", "totalRevenue": "1807159000", "costOfRevenue": "371102000", "costofGoodsAndServicesSold": "371102000", "operatingIncome": "380748000", "sellingGeneralAndAdministrative": "206006000", "researchAndDevelopment": "299917000", "operatingExpenses": "1053098000", "investmentIncomeNet": "None", "netInterestIncome": "-48678000", "interestIncome": "1800000", "interestExpense": "50478000", "nonInterestIncome": "None", "otherNonOperatingIncome": "61485000", "depreciation": "None", "depreciationAndAmortization": "122534000", "incomeBeforeTax": "391755000", "incomeTaxExpense": "-85168000", "interestAndDebtExpense": "None", "netIncomeFromContinuingOperations": "476923000", "comprehensiveIncomeNetOfTax": "None", "ebit": "442233000", "ebitda": "564767000", "netIncome": "476923000"}, {"fiscalDateEnding": "2020-09-30", "reportedCurrency": "USD", "grossProfit": "1124144000", "totalRevenue": "1458415000", "costOfRevenue": "334271000", "costofGoodsAndServicesSold": "334271000", "operatingIncome": "210863000", "sellingGeneralAndAdministrative": "159826000", "researchAndDevelopment": "256575000", "operatingExpenses": "880565000", "investmentIncomeNet": "None", "netInterestIncome": "-76428000", "interestIncome": "4400000", "interestExpense": "76428000", "nonInterestIncome": "None", "otherNonOperatingIncome": "271000", "depreciation": "None", "depreciationAndAmortization": "80817000", "incomeBeforeTax": "134706000", "incomeTaxExpense": "4011000", "interestAndDebtExpense": "None", "netIncomeFromContinuingOperations": "130695000", "comprehensiveIncomeNetOfTax": "None", "ebit": "211134000", "ebitda": "291951000", "netIncome": "130695000"}, {"fiscalDateEnding": "2019-09-30", "reportedCurrency": "USD", "grossProfit": "930253000", "totalRevenue": "1255631000", "costOfRevenue": "325378000", "costofGoodsAndServicesSold": "325378000", "operatingIncome": "117661000", "sellingGeneralAndAdministrative": "127919000", "researchAndDevelopment": "246888000", "operatingExpenses": "816097000", "investmentIncomeNet": "None", "netInterestIncome": "-38947000", "interestIncome": "4100000", "interestExpense": "43047000", "nonInterestIncome": "None", "otherNonOperatingIncome": "305000", "depreciation": "None", "depreciationAndAmortization": "77824000", "incomeBeforeTax": "20300000", "incomeTaxExpense": "47760000", "interestAndDebtExpense": "None", "netIncomeFromContinuingOperations": "-27460000", "comprehensiveIncomeNetOfTax": "None", "ebit": "63347000", "ebitda": "141171000", "netIncome": "-27460000"}, {"fiscalDateEnding": "2018-09-30", "reportedCurrency": "USD", "grossProfit": "915630000", "totalRevenue": "1241824000", "costOfRevenue": "326194000", "costofGoodsAndServicesSold": "326194000", "operatingIncome": "73237000", "sellingGeneralAndAdministrative": "142981000", "researchAndDevelopment": "249774000", "operatingExpenses": "838629000", "investmentIncomeNet": "None", "netInterestIncome": "-37854000", "interestIncome": "3819000", "interestExpense": "41673000", "nonInterestIncome": "None", "otherNonOperatingIncome": "-2908000", "depreciation": "None", "depreciationAndAmortization": "87408000", "incomeBeforeTax": "28656000", "incomeTaxExpense": "-23331000", "interestAndDebtExpense": "None", "netIncomeFromContinuingOperations": "51987000", "comprehensiveIncomeNetOfTax": "None", "ebit": "70329000", "ebitda": "157737000", "netIncome": "51987000"}, {"fiscalDateEnding": "2017-09-30", "reportedCurrency": "USD", "grossProfit": "835020000", "totalRevenue": "1164039000", "costOfRevenue": "329019000", "costofGoodsAndServicesSold": "329019000", "operatingIncome": "40898000", "sellingGeneralAndAdministrative": "145067000", "researchAndDevelopment": "236059000", "operatingExpenses": "786180000", "investmentIncomeNet": "None", "netInterestIncome": "-39151000", "interestIncome": "3249000", "interestExpense": "42400000", "nonInterestIncome": "None", "otherNonOperatingIncome": "96000", "depreciation": "None", "depreciationAndAmortization": "86742000", "incomeBeforeTax": "-1406000", "incomeTaxExpense": "-7645000", "interestAndDebtExpense": "None", "netIncomeFromContinuingOperations": "6239000", "comprehensiveIncomeNetOfTax": "None", "ebit": "40994000", "ebitda": "127736000", "netIncome": "6239000"}, {"fiscalDateEnding": "2016-09-30", "reportedCurrency": "USD", "grossProfit": "814868000", "totalRevenue": "1140533000", "costOfRevenue": "325665000", "costofGoodsAndServicesSold": "325665000", "operatingIncome": "-37014000", "sellingGeneralAndAdministrative": "145615000", "researchAndDevelopment": "229331000", "operatingExpenses": "775609000", "investmentIncomeNet": "None", "netInterestIncome": "-26445000", "interestIncome": "3437000", "interestExpense": "29882000", "nonInterestIncome": "None", "otherNonOperatingIncome": "-296000", "depreciation": "None", "depreciationAndAmortization": "86554000", "incomeBeforeTax": "-67192000", "incomeTaxExpense": "-12727000", "interestAndDebtExpense": "None", "netIncomeFromContinuingOperations": "-54465000", "comprehensiveIncomeNetOfTax": "None", "ebit": "-37310000", "ebitda": "49244000", "netIncome": "-54465000"}, {"fiscalDateEnding": "2015-09-30", "reportedCurrency": "USD", "grossProfit": "920508000", "totalRevenue": "1255242000", "costOfRevenue": "334734000", "costofGoodsAndServicesSold": "334734000", "operatingIncome": "56156000", "sellingGeneralAndAdministrative": "218524000", "researchAndDevelopment": "227513000", "operatingExpenses": "820943000", "investmentIncomeNet": "None", "netInterestIncome": "None", "interestIncome": "13751000", "interestExpense": "14742000", "nonInterestIncome": "None", "otherNonOperatingIncome": "-349000", "depreciation": "None", "depreciationAndAmortization": "84433000", "incomeBeforeTax": "41065000", "incomeTaxExpense": "-21032000", "interestAndDebtExpense": "None", "netIncomeFromContinuingOperations": "47557000", "comprehensiveIncomeNetOfTax": "None", "ebit": "41266999", "ebitda": "125699999", "netIncome": "62097000"}, {"fiscalDateEnding": "2014-09-30", "reportedCurrency": "USD", "grossProfit": "983284000", "totalRevenue": "1356967000", "costOfRevenue": "373683000", "costofGoodsAndServicesSold": "373683000", "operatingIncome": "196576000", "sellingGeneralAndAdministrative": "142232000", "researchAndDevelopment": "226496000", "operatingExpenses": "758302000", "investmentIncomeNet": "None", "netInterestIncome": "None", "interestIncome": "None", "interestExpense": "8155000", "nonInterestIncome": "None", "otherNonOperatingIncome": "-2309000", "depreciation": "None", "depreciationAndAmortization": "77307000", "incomeBeforeTax": "186112000", "incomeTaxExpense": "25918000", "interestAndDebtExpense": "None", "netIncomeFromContinuingOperations": "160194000", "comprehensiveIncomeNetOfTax": "None", "ebit": "194267000", "ebitda": "271574000", "netIncome": "160194000"}, {"fiscalDateEnding": "2013-09-30", "reportedCurrency": "USD", "grossProfit": "920502000", "totalRevenue": "1293541000", "costOfRevenue": "373039000", "costofGoodsAndServicesSold": "373039000", "operatingIncome": "127324000", "sellingGeneralAndAdministrative": "131937000", "researchAndDevelopment": "221918000", "operatingExpenses": "740981000", "investmentIncomeNet": "None", "netInterestIncome": "None", "interestIncome": "None", "interestExpense": "6976000", "nonInterestIncome": "None", "otherNonOperatingIncome": "None", "depreciation": "None", "depreciationAndAmortization": "76551000", "incomeBeforeTax": "126234000", "incomeTaxExpense": "-17535000", "interestAndDebtExpense": "None", "netIncomeFromContinuingOperations": "None", "comprehensiveIncomeNetOfTax": "None", "ebit": "133210000", "ebitda": "209761000", "netIncome": "143769000"}, {"fiscalDateEnding": "2012-09-30", "reportedCurrency": "USD", "grossProfit": "883551000", "totalRevenue": "1255679000", "costOfRevenue": "372128000", "costofGoodsAndServicesSold": "372128000", "operatingIncome": "128096000", "sellingGeneralAndAdministrative": "117468000", "researchAndDevelopment": "214960000", "operatingExpenses": "730527000", "investmentIncomeNet": "None", "netInterestIncome": "None", "interestIncome": "None", "interestExpense": "4746000", "nonInterestIncome": "None", "otherNonOperatingIncome": "-2614000", "depreciation": "None", "depreciationAndAmortization": "66471000", "incomeBeforeTax": "120736000", "incomeTaxExpense": "156134000", "interestAndDebtExpense": "None", "netIncomeFromContinuingOperations": "-35398000", "comprehensiveIncomeNetOfTax": "None", "ebit": "125482000", "ebitda": "191953000", "netIncome": "-35398000"}, {"fiscalDateEnding": "2011-09-30", "reportedCurrency": "USD", "grossProfit": "810181000", "totalRevenue": "1166949000", "costOfRevenue": "356768000", "costofGoodsAndServicesSold": "356768000", "operatingIncome": "117114000", "sellingGeneralAndAdministrative": "110291000", "researchAndDevelopment": "211406000", "operatingExpenses": "693067000", "investmentIncomeNet": "None", "netInterestIncome": "None", "interestIncome": "None", "interestExpense": "3310000", "nonInterestIncome": "None", "otherNonOperatingIncome": "-9256000", "depreciation": "None", "depreciationAndAmortization": "62394000", "incomeBeforeTax": "104548000", "incomeTaxExpense": "19124000", "interestAndDebtExpense": "None", "netIncomeFromContinuingOperations": "85424000", "comprehensiveIncomeNetOfTax": "None", "ebit": "107858000", "ebitda": "170252000", "netIncome": "85424000"}, {"fiscalDateEnding": "2010-09-30", "reportedCurrency": "USD", "grossProfit": "702354000", "totalRevenue": "1010049000", "costOfRevenue": "307695000", "costofGoodsAndServicesSold": "307695000", "operatingIncome": "74775000", "sellingGeneralAndAdministrative": "92875000", "researchAndDevelopment": "201567000", "operatingExpenses": "627579000", "investmentIncomeNet": "None", "netInterestIncome": "None", "interestIncome": "None", "interestExpense": "1526000", "nonInterestIncome": "None", "otherNonOperatingIncome": "-152000", "depreciation": "None", "depreciationAndAmortization": "62182000", "incomeBeforeTax": "82136000", "incomeTaxExpense": "57768000", "interestAndDebtExpense": "None", "netIncomeFromContinuingOperations": "24368000", "comprehensiveIncomeNetOfTax": "None", "ebit": "83662000", "ebitda": "145844000", "netIncome": "24368000"}, {"fiscalDateEnding": "2009-09-30", "reportedCurrency": "USD", "grossProfit": "628426000", "totalRevenue": "938185000", "costOfRevenue": "309759000", "costofGoodsAndServicesSold": "309759000", "operatingIncome": "19295000", "sellingGeneralAndAdministrative": "80670000", "researchAndDevelopment": "188501000", "operatingExpenses": "586160000", "investmentIncomeNet": "None", "netInterestIncome": "None", "interestIncome": "None", "interestExpense": "3197000", "nonInterestIncome": "None", "otherNonOperatingIncome": "None", "depreciation": "None", "depreciationAndAmortization": "61610000", "incomeBeforeTax": "17171000", "incomeTaxExpense": "-14351000", "interestAndDebtExpense": "None", "netIncomeFromContinuingOperations": "None", "comprehensiveIncomeNetOfTax": "None", "ebit": "20368000", "ebitda": "81978000", "netIncome": "31522000"}, {"fiscalDateEnding": "2008-09-30", "reportedCurrency": "USD", "grossProfit": "739544000", "totalRevenue": "1070330000", "costOfRevenue": "330786000", "costofGoodsAndServicesSold": "330786000", "operatingIncome": "125245000", "sellingGeneralAndAdministrative": "87829000", "researchAndDevelopment": "182022000", "operatingExpenses": "592310000", "investmentIncomeNet": "None", "netInterestIncome": "None", "interestIncome": "None", "interestExpense": "7823000", "nonInterestIncome": "None", "otherNonOperatingIncome": "None", "depreciation": "None", "depreciationAndAmortization": "60021000", "incomeBeforeTax": "118886000", "incomeTaxExpense": "39184000", "interestAndDebtExpense": "None", "netIncomeFromContinuingOperations": "None", "comprehensiveIncomeNetOfTax": "None", "ebit": "126709000", "ebitda": "186730000", "netIncome": "79702000"}, {"fiscalDateEnding": "2007-09-30", "reportedCurrency": "USD", "grossProfit": "650469000", "totalRevenue": "941279000", "costOfRevenue": "290810000", "costofGoodsAndServicesSold": "290810000", "operatingIncome": "92768000", "sellingGeneralAndAdministrative": "79777000", "researchAndDevelopment": "162351000", "operatingExpenses": "541810000", "investmentIncomeNet": "None", "netInterestIncome": "None", "interestIncome": "None", "interestExpense": "0", "nonInterestIncome": "None", "otherNonOperatingIncome": "None", "depreciation": "None", "depreciationAndAmortization": "39199000", "incomeBeforeTax": "99660000", "incomeTaxExpense": "-43996000", "interestAndDebtExpense": "None", "netIncomeFromContinuingOperations": "None", "comprehensiveIncomeNetOfTax": "None", "ebit": "99660000", "ebitda": "138859000", "netIncome": "143656000"}, {"fiscalDateEnding": "2006-09-30", "reportedCurrency": "USD", "grossProfit": "585285000", "totalRevenue": "854918000", "costOfRevenue": "269633000", "costofGoodsAndServicesSold": "269633000", "operatingIncome": "71726000", "sellingGeneralAndAdministrative": "77813000", "researchAndDevelopment": "147338000", "operatingExpenses": "505512000", "investmentIncomeNet": "None", "netInterestIncome": "None", "interestIncome": "None", "interestExpense": "0", "nonInterestIncome": "None", "otherNonOperatingIncome": "None", "depreciation": "None", "depreciationAndAmortization": "33887000", "incomeBeforeTax": "75425000", "incomeTaxExpense": "14559000", "interestAndDebtExpense": "None", "netIncomeFromContinuingOperations": "None", "comprehensiveIncomeNetOfTax": "None", "ebit": "70212000", "ebitda": "104099000", "netIncome": "60866000"}, {"fiscalDateEnding": "2005-09-30", "reportedCurrency": "USD", "grossProfit": "512477000", "totalRevenue": "720719000", "costOfRevenue": "208242000", "costofGoodsAndServicesSold": "208242000", "operatingIncome": "85786000", "sellingGeneralAndAdministrative": "63605000", "researchAndDevelopment": "118267000", "operatingExpenses": "427268000", "investmentIncomeNet": "None", "netInterestIncome": "None", "interestIncome": "None", "interestExpense": "0", "nonInterestIncome": "None", "otherNonOperatingIncome": "None", "depreciation": "None", "depreciationAndAmortization": "25881000", "incomeBeforeTax": "91312000", "incomeTaxExpense": "7720000", "interestAndDebtExpense": "None", "netIncomeFromContinuingOperations": "None", "comprehensiveIncomeNetOfTax": "None", "ebit": "91312000", "ebitda": "117193000", "netIncome": "83592000"}], "quarterlyReports": [{"fiscalDateEnding": "2024-12-31", "reportedCurrency": "USD", "grossProfit": "453331000", "totalRevenue": "565128000", "costOfRevenue": "111797000", "costofGoodsAndServicesSold": "111797000", "operatingIncome": "115524000", "sellingGeneralAndAdministrative": "53319000", "researchAndDevelopment": "115516000", "operatingExpenses": "337807000", "investmentIncomeNet": "None", "netInterestIncome": "-21148000", "interestIncome": "900000", "interestExpense": "22048000", "nonInterestIncome": "None", "otherNonOperatingIncome": "None", "depreciation": "None", "depreciationAndAmortization": "322000", "incomeBeforeTax": "93154000", "incomeTaxExpense": "10922000", "interestAndDebtExpense": "None", "netIncomeFromContinuingOperations": "82232000", "comprehensiveIncomeNetOfTax": "None", "ebit": "115202000", "ebitda": "115524000", "netIncome": "82232000"}, {"fiscalDateEnding": "2024-09-30", "reportedCurrency": "USD", "grossProfit": "513722000", "totalRevenue": "626547000", "costOfRevenue": "112825000", "costofGoodsAndServicesSold": "112825000", "operatingIncome": "193973000", "sellingGeneralAndAdministrative": "51986000", "researchAndDevelopment": "110013000", "operatingExpenses": "309190000", "investmentIncomeNet": "None", "netInterestIncome": "-20548000", "interestIncome": "None", "interestExpense": "24948000", "nonInterestIncome": "None", "otherNonOperatingIncome": "None", "depreciation": "None", "depreciationAndAmortization": "36992000", "incomeBeforeTax": "170245000", "incomeTaxExpense": "43722000", "interestAndDebtExpense": "None", "netIncomeFromContinuingOperations": "126523000", "comprehensiveIncomeNetOfTax": "None", "ebit": "170245000", "ebitda": "207237000", "netIncome": "126523000"}, {"fiscalDateEnding": "2024-06-30", "reportedCurrency": "USD", "grossProfit": "396051000", "totalRevenue": "518639000", "costOfRevenue": "122588000", "costofGoodsAndServicesSold": "122588000", "operatingIncome": "96021000", "sellingGeneralAndAdministrative": "49659000", "researchAndDevelopment": "110253000", "operatingExpenses": "300030000", "investmentIncomeNet": "None", "netInterestIncome": "-27785000", "interestIncome": "None", "interestExpense": "27785000", "nonInterestIncome": "None", "otherNonOperatingIncome": "None", "depreciation": "None", "depreciationAndAmortization": "34812000", "incomeBeforeTax": "67373000", "incomeTaxExpense": "-1605000", "interestAndDebtExpense": "None", "netIncomeFromContinuingOperations": "68978000", "comprehensiveIncomeNetOfTax": "None", "ebit": "96021000", "ebitda": "130833000", "netIncome": "68978000"}, {"fiscalDateEnding": "2024-03-31", "reportedCurrency": "USD", "grossProfit": "482593000", "totalRevenue": "603072000", "costOfRevenue": "120479000", "costofGoodsAndServicesSold": "120479000", "operatingIncome": "179848000", "sellingGeneralAndAdministrative": "61526000", "researchAndDevelopment": "106998000", "operatingExpenses": "302745000", "investmentIncomeNet": "None", "netInterestIncome": "-31586000", "interestIncome": "None", "interestExpense": "31586000", "nonInterestIncome": "None", "otherNonOperatingIncome": "None", "depreciation": "None", "depreciationAndAmortization": "34657000", "incomeBeforeTax": "145745000", "incomeTaxExpense": "31300000", "interestAndDebtExpense": "None", "netIncomeFromContinuingOperations": "114445000", "comprehensiveIncomeNetOfTax": "None", "ebit": "179848000", "ebitda": "214505000", "netIncome": "114445000"}, {"fiscalDateEnding": "2023-12-31", "reportedCurrency": "USD", "grossProfit": "440194000", "totalRevenue": "550214000", "costOfRevenue": "110020000", "costofGoodsAndServicesSold": "110020000", "operatingIncome": "118713000", "sellingGeneralAndAdministrative": "69206000", "researchAndDevelopment": "105783000", "operatingExpenses": "322276000", "investmentIncomeNet": "None", "netInterestIncome": "-35334000", "interestIncome": "1300000", "interestExpense": "35334000", "nonInterestIncome": "None", "otherNonOperatingIncome": "None", "depreciation": "None", "depreciationAndAmortization": "34946000", "incomeBeforeTax": "85599000", "incomeTaxExpense": "19212000", "interestAndDebtExpense": "None", "netIncomeFromContinuingOperations": "66387000", "comprehensiveIncomeNetOfTax": "None", "ebit": "120933000", "ebitda": "155879000", "netIncome": "66387000"}, {"fiscalDateEnding": "2023-09-30", "reportedCurrency": "USD", "grossProfit": "430764000", "totalRevenue": "546620000", "costOfRevenue": "115856000", "costofGoodsAndServicesSold": "115856000", "operatingIncome": "121134000", "sellingGeneralAndAdministrative": "59567000", "researchAndDevelopment": "102025000", "operatingExpenses": "309714000", "investmentIncomeNet": "None", "netInterestIncome": "-30298000", "interestIncome": "None", "interestExpense": "35698000", "nonInterestIncome": "None", "otherNonOperatingIncome": "None", "depreciation": "None", "depreciationAndAmortization": "35514000", "incomeBeforeTax": "88547000", "incomeTaxExpense": "42944000", "interestAndDebtExpense": "None", "netIncomeFromContinuingOperations": "45603000", "comprehensiveIncomeNetOfTax": "None", "ebit": "124245000", "ebitda": "159759000", "netIncome": "45603000"}, {"fiscalDateEnding": "2023-06-30", "reportedCurrency": "USD", "grossProfit": "426488000", "totalRevenue": "542342000", "costOfRevenue": "115854000", "costofGoodsAndServicesSold": "115854000", "operatingIncome": "109900000", "sellingGeneralAndAdministrative": "57055000", "researchAndDevelopment": "103819000", "operatingExpenses": "316627000", "investmentIncomeNet": "None", "netInterestIncome": "-35836000", "interestIncome": "None", "interestExpense": "35836000", "nonInterestIncome": "None", "otherNonOperatingIncome": "None", "depreciation": "None", "depreciationAndAmortization": "36047000", "incomeBeforeTax": "76526000", "incomeTaxExpense": "15128000", "interestAndDebtExpense": "None", "netIncomeFromContinuingOperations": "61398000", "comprehensiveIncomeNetOfTax": "None", "ebit": "112362000", "ebitda": "148409000", "netIncome": "61398000"}, {"fiscalDateEnding": "2023-03-31", "reportedCurrency": "USD", "grossProfit": "428675000", "totalRevenue": "542181000", "costOfRevenue": "113506000", "costofGoodsAndServicesSold": "113506000", "operatingIncome": "122539000", "sellingGeneralAndAdministrative": "65923000", "researchAndDevelopment": "100349000", "operatingExpenses": "306135000", "investmentIncomeNet": "None", "netInterestIncome": "-41525000", "interestIncome": "None", "interestExpense": "41525000", "nonInterestIncome": "None", "otherNonOperatingIncome": "55000", "depreciation": "None", "depreciationAndAmortization": "36219000", "incomeBeforeTax": "81069000", "incomeTaxExpense": "17565000", "interestAndDebtExpense": "None", "netIncomeFromContinuingOperations": "63504000", "comprehensiveIncomeNetOfTax": "None", "ebit": "122594000", "ebitda": "158813000", "netIncome": "63504000"}, {"fiscalDateEnding": "2022-12-31", "reportedCurrency": "USD", "grossProfit": "370120000", "totalRevenue": "465910000", "costOfRevenue": "95790000", "costofGoodsAndServicesSold": "95790000", "operatingIncome": "104901000", "sellingGeneralAndAdministrative": "50971000", "researchAndDevelopment": "88177000", "operatingExpenses": "265557000", "investmentIncomeNet": "None", "netInterestIncome": "-16358000", "interestIncome": "None", "interestExpense": "16358000", "nonInterestIncome": "None", "otherNonOperatingIncome": "-2119000", "depreciation": "None", "depreciationAndAmortization": "29382000", "incomeBeforeTax": "86424000", "incomeTaxExpense": "11389000", "interestAndDebtExpense": "None", "netIncomeFromContinuingOperations": "75035000", "comprehensiveIncomeNetOfTax": "None", "ebit": "102782000", "ebitda": "132164000", "netIncome": "75035000"}, {"fiscalDateEnding": "2022-09-30", "reportedCurrency": "USD", "grossProfit": "412395000", "totalRevenue": "507925000", "costOfRevenue": "95530000", "costofGoodsAndServicesSold": "95530000", "operatingIncome": "146017000", "sellingGeneralAndAdministrative": "50705000", "researchAndDevelopment": "88183000", "operatingExpenses": "267031000", "investmentIncomeNet": "None", "netInterestIncome": "-12785000", "interestIncome": "None", "interestExpense": "15285000", "nonInterestIncome": "None", "otherNonOperatingIncome": "6646000", "depreciation": "None", "depreciationAndAmortization": "30436000", "incomeBeforeTax": "137378000", "incomeTaxExpense": "30541000", "interestAndDebtExpense": "None", "netIncomeFromContinuingOperations": "106837000", "comprehensiveIncomeNetOfTax": "None", "ebit": "152663000", "ebitda": "183099000", "netIncome": "106837000"}, {"fiscalDateEnding": "2022-06-30", "reportedCurrency": "USD", "grossProfit": "360479000", "totalRevenue": "462474000", "costOfRevenue": "101995000", "costofGoodsAndServicesSold": "101995000", "operatingIncome": "79977000", "sellingGeneralAndAdministrative": "54618000", "researchAndDevelopment": "88170000", "operatingExpenses": "276044000", "investmentIncomeNet": "None", "netInterestIncome": "-13758000", "interestIncome": "None", "interestExpense": "13758000", "nonInterestIncome": "None", "otherNonOperatingIncome": "34559000", "depreciation": "None", "depreciationAndAmortization": "30601000", "incomeBeforeTax": "100778000", "incomeTaxExpense": "30302000", "interestAndDebtExpense": "None", "netIncomeFromContinuingOperations": "70476000", "comprehensiveIncomeNetOfTax": "None", "ebit": "114536000", "ebitda": "145137000", "netIncome": "70476000"}, {"fiscalDateEnding": "2022-03-31", "reportedCurrency": "USD", "grossProfit": "411890000", "totalRevenue": "505227000", "costOfRevenue": "93337000", "costofGoodsAndServicesSold": "93337000", "operatingIncome": "159190000", "sellingGeneralAndAdministrative": "47469000", "researchAndDevelopment": "81935000", "operatingExpenses": "254262000", "investmentIncomeNet": "None", "netInterestIncome": "-12239000", "interestIncome": "None", "interestExpense": "12239000", "nonInterestIncome": "None", "otherNonOperatingIncome": "-43385000", "depreciation": "None", "depreciationAndAmortization": "30056000", "incomeBeforeTax": "103566000", "incomeTaxExpense": "13887000", "interestAndDebtExpense": "None", "netIncomeFromContinuingOperations": "89679000", "comprehensiveIncomeNetOfTax": "None", "ebit": "115805000", "ebitda": "145861000", "netIncome": "89679000"}, {"fiscalDateEnding": "2021-12-31", "reportedCurrency": "USD", "grossProfit": "362603000", "totalRevenue": "457721000", "costOfRevenue": "95118000", "costofGoodsAndServicesSold": "95118000", "operatingIncome": "62178000", "sellingGeneralAndAdministrative": "51940000", "researchAndDevelopment": "80534000", "operatingExpenses": "266434000", "investmentIncomeNet": "None", "netInterestIncome": "-12986000", "interestIncome": "None", "interestExpense": "12986000", "nonInterestIncome": "None", "otherNonOperatingIncome": "6184000", "depreciation": "None", "depreciationAndAmortization": "30948000", "incomeBeforeTax": "55376000", "incomeTaxExpense": "9287000", "interestAndDebtExpense": "None", "netIncomeFromContinuingOperations": "46089000", "comprehensiveIncomeNetOfTax": "None", "ebit": "68362000", "ebitda": "99310000", "netIncome": "46089000"}, {"fiscalDateEnding": "2021-09-30", "reportedCurrency": "USD", "grossProfit": "380908000", "totalRevenue": "480656000", "costOfRevenue": "99748000", "costofGoodsAndServicesSold": "99748000", "operatingIncome": "115137000", "sellingGeneralAndAdministrative": "48589000", "researchAndDevelopment": "78403000", "operatingExpenses": "264144000", "investmentIncomeNet": "None", "netInterestIncome": "-11056000", "interestIncome": "None", "interestExpense": "12856000", "nonInterestIncome": "None", "otherNonOperatingIncome": "67241000", "depreciation": "None", "depreciationAndAmortization": "31833000", "incomeBeforeTax": "169522000", "incomeTaxExpense": "-123421000", "interestAndDebtExpense": "None", "netIncomeFromContinuingOperations": "292943000", "comprehensiveIncomeNetOfTax": "None", "ebit": "182378000", "ebitda": "214211000", "netIncome": "292943000"}, {"fiscalDateEnding": "2021-06-30", "reportedCurrency": "USD", "grossProfit": "340591000", "totalRevenue": "435668000", "costOfRevenue": "95077000", "costofGoodsAndServicesSold": "95077000", "operatingIncome": "73582000", "sellingGeneralAndAdministrative": "47084000", "researchAndDevelopment": "78134000", "operatingExpenses": "267141000", "investmentIncomeNet": "None", "netInterestIncome": "-13178000", "interestIncome": "None", "interestExpense": "13178000", "nonInterestIncome": "None", "otherNonOperatingIncome": "-1935000", "depreciation": "None", "depreciationAndAmortization": "31576000", "incomeBeforeTax": "58469000", "incomeTaxExpense": "7266000", "interestAndDebtExpense": "None", "netIncomeFromContinuingOperations": "51203000", "comprehensiveIncomeNetOfTax": "None", "ebit": "71647000", "ebitda": "103223000", "netIncome": "51203000"}, {"fiscalDateEnding": "2021-03-31", "reportedCurrency": "USD", "grossProfit": "372337000", "totalRevenue": "461785000", "costOfRevenue": "89448000", "costofGoodsAndServicesSold": "89448000", "operatingIncome": "101690000", "sellingGeneralAndAdministrative": "60805000", "researchAndDevelopment": "72545000", "operatingExpenses": "270178000", "investmentIncomeNet": "None", "netInterestIncome": "-12925000", "interestIncome": "None", "interestExpense": "12925000", "nonInterestIncome": "None", "otherNonOperatingIncome": "-2408000", "depreciation": "None", "depreciationAndAmortization": "30899000", "incomeBeforeTax": "86357000", "incomeTaxExpense": "-22905000", "interestAndDebtExpense": "None", "netIncomeFromContinuingOperations": "109262000", "comprehensiveIncomeNetOfTax": "None", "ebit": "99282000", "ebitda": "130181000", "netIncome": "109262000"}, {"fiscalDateEnding": "2020-12-31", "reportedCurrency": "USD", "grossProfit": "342220000", "totalRevenue": "429050000", "costOfRevenue": "86830000", "costofGoodsAndServicesSold": "86830000", "operatingIncome": "90338000", "sellingGeneralAndAdministrative": "49528000", "researchAndDevelopment": "70835000", "operatingExpenses": "251635000", "investmentIncomeNet": "None", "netInterestIncome": "-11518000", "interestIncome": "None", "interestExpense": "11518000", "nonInterestIncome": "None", "otherNonOperatingIncome": "-1413000", "depreciation": "None", "depreciationAndAmortization": "28226000", "incomeBeforeTax": "77407000", "incomeTaxExpense": "53892000", "interestAndDebtExpense": "None", "netIncomeFromContinuingOperations": "23515000", "comprehensiveIncomeNetOfTax": "None", "ebit": "88925000", "ebitda": "117151000", "netIncome": "23515000"}, {"fiscalDateEnding": "2020-09-30", "reportedCurrency": "USD", "grossProfit": "306366000", "totalRevenue": "390981000", "costOfRevenue": "84615000", "costofGoodsAndServicesSold": "84615000", "operatingIncome": "67012000", "sellingGeneralAndAdministrative": "45931000", "researchAndDevelopment": "69884000", "operatingExpenses": "238976000", "investmentIncomeNet": "None", "netInterestIncome": "-15252000", "interestIncome": "None", "interestExpense": "11452000", "nonInterestIncome": "None", "otherNonOperatingIncome": "421000", "depreciation": "None", "depreciationAndAmortization": "29360000", "incomeBeforeTax": "55381000", "incomeTaxExpense": "1975000", "interestAndDebtExpense": "None", "netIncomeFromContinuingOperations": "53406000", "comprehensiveIncomeNetOfTax": "None", "ebit": "58213000", "ebitda": "87573000", "netIncome": "53406000"}, {"fiscalDateEnding": "2020-06-30", "reportedCurrency": "USD", "grossProfit": "272497000", "totalRevenue": "351721000", "costOfRevenue": "79224000", "costofGoodsAndServicesSold": "79224000", "operatingIncome": "63401000", "sellingGeneralAndAdministrative": "35709000", "researchAndDevelopment": "61429000", "operatingExpenses": "209034000", "investmentIncomeNet": "None", "netInterestIncome": "-18960000", "interestIncome": "700000", "interestExpense": "19660000", "nonInterestIncome": "None", "otherNonOperatingIncome": "775000", "depreciation": "None", "depreciationAndAmortization": "49951000", "incomeBeforeTax": "44516000", "incomeTaxExpense": "9838000", "interestAndDebtExpense": "None", "netIncomeFromContinuingOperations": "34678000", "comprehensiveIncomeNetOfTax": "None", "ebit": "34709000", "ebitda": "84660000", "netIncome": "34678000"}, {"fiscalDateEnding": "2020-03-31", "reportedCurrency": "USD", "grossProfit": "276576000", "totalRevenue": "359603000", "costOfRevenue": "83027000", "costofGoodsAndServicesSold": "83027000", "operatingIncome": "50025000", "sellingGeneralAndAdministrative": "33629000", "researchAndDevelopment": "59954000", "operatingExpenses": "208309000", "investmentIncomeNet": "None", "netInterestIncome": "-31018000", "interestIncome": "1600000", "interestExpense": "32618000", "nonInterestIncome": "None", "otherNonOperatingIncome": "-1629000", "depreciation": "None", "depreciationAndAmortization": "20605000", "incomeBeforeTax": "15778000", "incomeTaxExpense": "8622000", "interestAndDebtExpense": "None", "netIncomeFromContinuingOperations": "7156000", "comprehensiveIncomeNetOfTax": "None", "ebit": "48396000", "ebitda": "69001000", "netIncome": "7156000"}, {"fiscalDateEnding": "2019-12-31", "reportedCurrency": "USD", "grossProfit": "268705000", "totalRevenue": "356110000", "costOfRevenue": "87405000", "costofGoodsAndServicesSold": "87405000", "operatingIncome": "30425000", "sellingGeneralAndAdministrative": "44557000", "researchAndDevelopment": "65308000", "operatingExpenses": "224246000", "investmentIncomeNet": "None", "netInterestIncome": "-11198000", "interestIncome": "900000", "interestExpense": "12098000", "nonInterestIncome": "None", "otherNonOperatingIncome": "704000", "depreciation": "None", "depreciationAndAmortization": "19588000", "incomeBeforeTax": "19031000", "incomeTaxExpense": "-16424000", "interestAndDebtExpense": "None", "netIncomeFromContinuingOperations": "35455000", "comprehensiveIncomeNetOfTax": "None", "ebit": "31128999", "ebitda": "50716999", "netIncome": "35455000"}, {"fiscalDateEnding": "2019-09-30", "reportedCurrency": "USD", "grossProfit": "249588000", "totalRevenue": "335005000", "costOfRevenue": "85417000", "costofGoodsAndServicesSold": "85417000", "operatingIncome": "46551000", "sellingGeneralAndAdministrative": "25911000", "researchAndDevelopment": "64114000", "operatingExpenses": "197387000", "investmentIncomeNet": "None", "netInterestIncome": "-9372000", "interestIncome": "1200000", "interestExpense": "10572000", "nonInterestIncome": "None", "otherNonOperatingIncome": "-2197000", "depreciation": "None", "depreciationAndAmortization": "19190000", "incomeBeforeTax": "33783000", "incomeTaxExpense": "23957000", "interestAndDebtExpense": "None", "netIncomeFromContinuingOperations": "9826000", "comprehensiveIncomeNetOfTax": "None", "ebit": "54275000", "ebitda": "73465000", "netIncome": "9826000"}, {"fiscalDateEnding": "2019-06-30", "reportedCurrency": "USD", "grossProfit": "241177000", "totalRevenue": "322410000", "costOfRevenue": "81233000", "costofGoodsAndServicesSold": "81233000", "operatingIncome": "32370000", "sellingGeneralAndAdministrative": "28773000", "researchAndDevelopment": "60590000", "operatingExpenses": "208816000", "investmentIncomeNet": "None", "netInterestIncome": "-9816000", "interestIncome": "1000000", "interestExpense": "10816000", "nonInterestIncome": "None", "otherNonOperatingIncome": "1026000", "depreciation": "None", "depreciationAndAmortization": "19076000", "incomeBeforeTax": "22290000", "incomeTaxExpense": "10585000", "interestAndDebtExpense": "None", "netIncomeFromContinuingOperations": "-14758000", "comprehensiveIncomeNetOfTax": "None", "ebit": "9696000", "ebitda": "28772000", "netIncome": "11705000"}, {"fiscalDateEnding": "2019-03-31", "reportedCurrency": "USD", "grossProfit": "237532000", "totalRevenue": "315499000", "costOfRevenue": "77967000", "costofGoodsAndServicesSold": "77967000", "operatingIncome": "-1572000", "sellingGeneralAndAdministrative": "35371000", "researchAndDevelopment": "61402000", "operatingExpenses": "212124000", "investmentIncomeNet": "None", "netInterestIncome": "-11381300", "interestIncome": "1000", "interestExpense": "11383100", "nonInterestIncome": "None", "otherNonOperatingIncome": "821000", "depreciation": "None", "depreciationAndAmortization": "19505000", "incomeBeforeTax": "-11890000", "incomeTaxExpense": "140000", "interestAndDebtExpense": "None", "netIncomeFromContinuingOperations": "-43513000", "comprehensiveIncomeNetOfTax": "None", "ebit": "-22037000", "ebitda": "-2532000", "netIncome": "-12030000"}, {"fiscalDateEnding": "2018-12-31", "reportedCurrency": "USD", "grossProfit": "257337000", "totalRevenue": "334689000", "costOfRevenue": "77352000", "costofGoodsAndServicesSold": "77352000", "operatingIncome": "30044000", "sellingGeneralAndAdministrative": "37864000", "researchAndDevelopment": "60782000", "operatingExpenses": "208800000", "investmentIncomeNet": "None", "netInterestIncome": "None", "interestIncome": "None", "interestExpense": "10276300", "nonInterestIncome": "None", "otherNonOperatingIncome": "655000", "depreciation": "None", "depreciationAndAmortization": "20053000", "incomeBeforeTax": "20423000", "incomeTaxExpense": "-562000", "interestAndDebtExpense": "None", "netIncomeFromContinuingOperations": "20985000", "comprehensiveIncomeNetOfTax": "None", "ebit": "48937000", "ebitda": "68990000", "netIncome": "20985000"}, {"fiscalDateEnding": "2018-09-30", "reportedCurrency": "USD", "grossProfit": "234472000", "totalRevenue": "312521000", "costOfRevenue": "78049000", "costofGoodsAndServicesSold": "78049000", "operatingIncome": "11697000", "sellingGeneralAndAdministrative": "41542000", "researchAndDevelopment": "62393000", "operatingExpenses": "220857000", "investmentIncomeNet": "None", "netInterestIncome": "None", "interestIncome": "None", "interestExpense": "10601000", "nonInterestIncome": "None", "otherNonOperatingIncome": "-427000", "depreciation": "None", "depreciationAndAmortization": "22105000", "incomeBeforeTax": "669000", "incomeTaxExpense": "-12522000", "interestAndDebtExpense": "None", "netIncomeFromContinuingOperations": "13191000", "comprehensiveIncomeNetOfTax": "None", "ebit": "13505000", "ebitda": "35610000", "netIncome": "13191000"}, {"fiscalDateEnding": "2018-06-30", "reportedCurrency": "USD", "grossProfit": "233221000", "totalRevenue": "314777000", "costOfRevenue": "81556000", "costofGoodsAndServicesSold": "81556000", "operatingIncome": "21703000", "sellingGeneralAndAdministrative": "33082000", "researchAndDevelopment": "61218000", "operatingExpenses": "209891000", "investmentIncomeNet": "None", "netInterestIncome": "None", "interestIncome": "None", "interestExpense": "10646000", "nonInterestIncome": "None", "otherNonOperatingIncome": "-1086000", "depreciation": "None", "depreciationAndAmortization": "22576000", "incomeBeforeTax": "9971000", "incomeTaxExpense": "-7026000", "interestAndDebtExpense": "None", "netIncomeFromContinuingOperations": "16997000", "comprehensiveIncomeNetOfTax": "None", "ebit": "20617000", "ebitda": "43193000", "netIncome": "16997000"}, {"fiscalDateEnding": "2018-03-31", "reportedCurrency": "USD", "grossProfit": "224252000", "totalRevenue": "307883000", "costOfRevenue": "83631000", "costofGoodsAndServicesSold": "83631000", "operatingIncome": "22366000", "sellingGeneralAndAdministrative": "33353000", "researchAndDevelopment": "62194000", "operatingExpenses": "201772000", "investmentIncomeNet": "None", "netInterestIncome": "None", "interestIncome": "None", "interestExpense": "10820000", "nonInterestIncome": "None", "otherNonOperatingIncome": "-441000", "depreciation": "None", "depreciationAndAmortization": "21681000", "incomeBeforeTax": "11546000", "incomeTaxExpense": "3624000", "interestAndDebtExpense": "None", "netIncomeFromContinuingOperations": "7922000", "comprehensiveIncomeNetOfTax": "None", "ebit": "22610000", "ebitda": "44291000", "netIncome": "7922000"}, {"fiscalDateEnding": "2017-12-31", "reportedCurrency": "USD", "grossProfit": "223686000", "totalRevenue": "306644000", "costOfRevenue": "82958000", "costofGoodsAndServicesSold": "82958000", "operatingIncome": "17472000", "sellingGeneralAndAdministrative": "35004000", "researchAndDevelopment": "63969000", "operatingExpenses": "206109000", "investmentIncomeNet": "None", "netInterestIncome": "None", "interestIncome": "None", "interestExpense": "11001000", "nonInterestIncome": "None", "otherNonOperatingIncome": "-954000", "depreciation": "None", "depreciationAndAmortization": "21046000", "incomeBeforeTax": "6471000", "incomeTaxExpense": "-7406000", "interestAndDebtExpense": "None", "netIncomeFromContinuingOperations": "13877000", "comprehensiveIncomeNetOfTax": "None", "ebit": "16518000", "ebitda": "37564000", "netIncome": "13877000"}, {"fiscalDateEnding": "2017-09-30", "reportedCurrency": "USD", "grossProfit": "223574000", "totalRevenue": "306379000", "costOfRevenue": "82805000", "costofGoodsAndServicesSold": "82805000", "operatingIncome": "17569000", "sellingGeneralAndAdministrative": "36278000", "researchAndDevelopment": "60585000", "operatingExpenses": "206363000", "investmentIncomeNet": "None", "netInterestIncome": "None", "interestIncome": "None", "interestExpense": "10161000", "nonInterestIncome": "None", "otherNonOperatingIncome": "8361000", "depreciation": "None", "depreciationAndAmortization": "22555000", "incomeBeforeTax": "5455000", "incomeTaxExpense": "-11980000", "interestAndDebtExpense": "None", "netIncomeFromContinuingOperations": "17435000", "comprehensiveIncomeNetOfTax": "None", "ebit": "15616000", "ebitda": "38171000", "netIncome": "17435000"}, {"fiscalDateEnding": "2017-06-30", "reportedCurrency": "USD", "grossProfit": "209025000", "totalRevenue": "291293000", "costOfRevenue": "82268000", "costofGoodsAndServicesSold": "82268000", "operatingIncome": "11256000", "sellingGeneralAndAdministrative": "35294000", "researchAndDevelopment": "59850000", "operatingExpenses": "196218000", "investmentIncomeNet": "None", "netInterestIncome": "None", "interestIncome": "None", "interestExpense": "10557000", "nonInterestIncome": "None", "otherNonOperatingIncome": "-357000", "depreciation": "None", "depreciationAndAmortization": "21504000", "incomeBeforeTax": "699000", "incomeTaxExpense": "1650000", "interestAndDebtExpense": "None", "netIncomeFromContinuingOperations": "-951000", "comprehensiveIncomeNetOfTax": "None", "ebit": "13156000", "ebitda": "34660000", "netIncome": "-951000"}, {"fiscalDateEnding": "2017-03-31", "reportedCurrency": "USD", "grossProfit": "198210000", "totalRevenue": "280040000", "costOfRevenue": "81830000", "costofGoodsAndServicesSold": "81830000", "operatingIncome": "7513000", "sellingGeneralAndAdministrative": "36800000", "researchAndDevelopment": "57710000", "operatingExpenses": "190233000", "investmentIncomeNet": "None", "netInterestIncome": "None", "interestIncome": "None", "interestExpense": "11725000", "nonInterestIncome": "None", "otherNonOperatingIncome": "3156000", "depreciation": "None", "depreciationAndAmortization": "21229000", "incomeBeforeTax": "-1056000", "incomeTaxExpense": "48000", "interestAndDebtExpense": "None", "netIncomeFromContinuingOperations": "-1104000", "comprehensiveIncomeNetOfTax": "None", "ebit": "8613000", "ebitda": "29842000", "netIncome": "-1104000"}, {"fiscalDateEnding": "2016-12-31", "reportedCurrency": "USD", "grossProfit": "204212000", "totalRevenue": "286327000", "costOfRevenue": "82115000", "costofGoodsAndServicesSold": "82115000", "operatingIncome": "4561000", "sellingGeneralAndAdministrative": "36695000", "researchAndDevelopment": "57914000", "operatingExpenses": "193366000", "investmentIncomeNet": "None", "netInterestIncome": "None", "interestIncome": "None", "interestExpense": "10300000", "nonInterestIncome": "None", "otherNonOperatingIncome": "-11064000", "depreciation": "None", "depreciationAndAmortization": "21454000", "incomeBeforeTax": "-6503000", "incomeTaxExpense": "2638000", "interestAndDebtExpense": "None", "netIncomeFromContinuingOperations": "-9141000", "comprehensiveIncomeNetOfTax": "None", "ebit": "4561000", "ebitda": "26015000", "netIncome": "-9141000"}, {"fiscalDateEnding": "2016-09-30", "reportedCurrency": "USD", "grossProfit": "205381000", "totalRevenue": "288237000", "costOfRevenue": "82856000", "costofGoodsAndServicesSold": "82856000", "operatingIncome": "-33075000", "sellingGeneralAndAdministrative": "37647000", "researchAndDevelopment": "57934000", "operatingExpenses": "206724000", "investmentIncomeNet": "None", "netInterestIncome": "None", "interestIncome": "None", "interestExpense": "27932000", "nonInterestIncome": "None", "otherNonOperatingIncome": "19584000", "depreciation": "None", "depreciationAndAmortization": "21833000", "incomeBeforeTax": "-43373000", "incomeTaxExpense": "-14900000", "interestAndDebtExpense": "None", "netIncomeFromContinuingOperations": "-28473000", "comprehensiveIncomeNetOfTax": "None", "ebit": "-7412000", "ebitda": "14421000", "netIncome": "-28473000"}, {"fiscalDateEnding": "2016-06-30", "reportedCurrency": "USD", "grossProfit": "206182000", "totalRevenue": "288652000", "costOfRevenue": "82470000", "costofGoodsAndServicesSold": "82470000", "operatingIncome": "7596000", "sellingGeneralAndAdministrative": "35485000", "researchAndDevelopment": "57118000", "operatingExpenses": "195771000", "investmentIncomeNet": "None", "netInterestIncome": "None", "interestIncome": "None", "interestExpense": "820000", "nonInterestIncome": "None", "otherNonOperatingIncome": "-8300000", "depreciation": "None", "depreciationAndAmortization": "21817000", "incomeBeforeTax": "-704000", "incomeTaxExpense": "-3777000", "interestAndDebtExpense": "None", "netIncomeFromContinuingOperations": "3073000", "comprehensiveIncomeNetOfTax": "None", "ebit": "-14221000", "ebitda": "7596000", "netIncome": "3073000"}, {"fiscalDateEnding": "2016-03-31", "reportedCurrency": "USD", "grossProfit": "192436000", "totalRevenue": "272627000", "costOfRevenue": "80191000", "costofGoodsAndServicesSold": "80191000", "operatingIncome": "1758000", "sellingGeneralAndAdministrative": "33916000", "researchAndDevelopment": "56610000", "operatingExpenses": "186099000", "investmentIncomeNet": "None", "netInterestIncome": "None", "interestIncome": "None", "interestExpense": "4800000", "nonInterestIncome": "None", "otherNonOperatingIncome": "-5327000", "depreciation": "None", "depreciationAndAmortization": "22291000", "incomeBeforeTax": "-3569000", "incomeTaxExpense": "1604000", "interestAndDebtExpense": "None", "netIncomeFromContinuingOperations": "-5173000", "comprehensiveIncomeNetOfTax": "None", "ebit": "-20533000", "ebitda": "1758000", "netIncome": "-5173000"}, {"fiscalDateEnding": "2015-12-31", "reportedCurrency": "USD", "grossProfit": "210870000", "totalRevenue": "291017000", "costOfRevenue": "80147000", "costofGoodsAndServicesSold": "80147000", "operatingIncome": "-14892000", "sellingGeneralAndAdministrative": "40167000", "researchAndDevelopment": "57669000", "operatingExpenses": "188615000", "investmentIncomeNet": "None", "netInterestIncome": "None", "interestIncome": "None", "interestExpense": "6600000", "nonInterestIncome": "None", "otherNonOperatingIncome": "-11064000", "depreciation": "None", "depreciationAndAmortization": "20613000", "incomeBeforeTax": "-21145000", "incomeTaxExpense": "4347000", "interestAndDebtExpense": "None", "netIncomeFromContinuingOperations": "-9141000", "comprehensiveIncomeNetOfTax": "None", "ebit": "-12945000", "ebitda": "7668000", "netIncome": "-25492000"}, {"fiscalDateEnding": "2015-09-30", "reportedCurrency": "USD", "grossProfit": "236206000", "totalRevenue": "312568000", "costOfRevenue": "76362000", "costofGoodsAndServicesSold": "76362000", "operatingIncome": "-7070000", "sellingGeneralAndAdministrative": "99182000", "researchAndDevelopment": "52180000", "operatingExpenses": "242492000", "investmentIncomeNet": "None", "netInterestIncome": "None", "interestIncome": "None", "interestExpense": "3842000", "nonInterestIncome": "None", "otherNonOperatingIncome": "10144000", "depreciation": "None", "depreciationAndAmortization": "20978000", "incomeBeforeTax": "-11668000", "incomeTaxExpense": "-20655000", "interestAndDebtExpense": "None", "netIncomeFromContinuingOperations": "-5554000", "comprehensiveIncomeNetOfTax": "None", "ebit": "-22367000", "ebitda": "-1389000", "netIncome": "8987000"}, {"fiscalDateEnding": "2015-06-30", "reportedCurrency": "USD", "grossProfit": "223737000", "totalRevenue": "303113000", "costOfRevenue": "79376000", "costofGoodsAndServicesSold": "79376000", "operatingIncome": "21607000", "sellingGeneralAndAdministrative": "48100000", "researchAndDevelopment": "54078000", "operatingExpenses": "197737000", "investmentIncomeNet": "None", "netInterestIncome": "None", "interestIncome": "None", "interestExpense": "3600000", "nonInterestIncome": "None", "otherNonOperatingIncome": "-3668000", "depreciation": "None", "depreciationAndAmortization": "21250000", "incomeBeforeTax": "17939000", "incomeTaxExpense": "504000", "interestAndDebtExpense": "None", "netIncomeFromContinuingOperations": "17435000", "comprehensiveIncomeNetOfTax": "None", "ebit": "18299000", "ebitda": "39549000", "netIncome": "17435000"}, {"fiscalDateEnding": "2015-03-31", "reportedCurrency": "USD", "grossProfit": "228065000", "totalRevenue": "314119000", "costOfRevenue": "86054000", "costofGoodsAndServicesSold": "86054000", "operatingIncome": "3988000", "sellingGeneralAndAdministrative": "34235000", "researchAndDevelopment": "60158000", "operatingExpenses": "185590000", "investmentIncomeNet": "None", "netInterestIncome": "None", "interestIncome": "None", "interestExpense": "3500000", "nonInterestIncome": "None", "otherNonOperatingIncome": "-3601000", "depreciation": "None", "depreciationAndAmortization": "20968000", "incomeBeforeTax": "387000", "incomeTaxExpense": "-5005000", "interestAndDebtExpense": "None", "netIncomeFromContinuingOperations": "5392000", "comprehensiveIncomeNetOfTax": "None", "ebit": "3887000", "ebitda": "24855000", "netIncome": "5392000"}, {"fiscalDateEnding": "2014-12-31", "reportedCurrency": "USD", "grossProfit": "232500000", "totalRevenue": "325442000", "costOfRevenue": "92942000", "costofGoodsAndServicesSold": "92942000", "operatingIncome": "37631000", "sellingGeneralAndAdministrative": "37007000", "researchAndDevelopment": "61097000", "operatingExpenses": "195124000", "investmentIncomeNet": "None", "netInterestIncome": "None", "interestIncome": "None", "interestExpense": "3800000", "nonInterestIncome": "None", "otherNonOperatingIncome": "-3224000", "depreciation": "None", "depreciationAndAmortization": "21237000", "incomeBeforeTax": "34407000", "incomeTaxExpense": "4123000", "interestAndDebtExpense": "None", "netIncomeFromContinuingOperations": "30284000", "comprehensiveIncomeNetOfTax": "None", "ebit": "38207000", "ebitda": "59444000", "netIncome": "30284000"}, {"fiscalDateEnding": "2014-09-30", "reportedCurrency": "USD", "grossProfit": "270854000", "totalRevenue": "366708000", "costOfRevenue": "95854000", "costofGoodsAndServicesSold": "95854000", "operatingIncome": "36108000", "sellingGeneralAndAdministrative": "43344000", "researchAndDevelopment": "60387000", "operatingExpenses": "207921000", "investmentIncomeNet": "None", "netInterestIncome": "None", "interestIncome": "None", "interestExpense": "2755000", "nonInterestIncome": "None", "otherNonOperatingIncome": "4414000", "depreciation": "None", "depreciationAndAmortization": "20008000", "incomeBeforeTax": "32368000", "incomeTaxExpense": "-6387000", "interestAndDebtExpense": "None", "netIncomeFromContinuingOperations": "38755000", "comprehensiveIncomeNetOfTax": "None", "ebit": "35123000", "ebitda": "55131000", "netIncome": "38755000"}, {"fiscalDateEnding": "2014-06-30", "reportedCurrency": "USD", "grossProfit": "245558000", "totalRevenue": "336634000", "costOfRevenue": "91076000", "costofGoodsAndServicesSold": "91076000", "operatingIncome": "54384000", "sellingGeneralAndAdministrative": "33817000", "researchAndDevelopment": "57405000", "operatingExpenses": "190660000", "investmentIncomeNet": "None", "netInterestIncome": "None", "interestIncome": "None", "interestExpense": "2000000", "nonInterestIncome": "None", "otherNonOperatingIncome": "-2278000", "depreciation": "None", "depreciationAndAmortization": "19026000", "incomeBeforeTax": "52106000", "incomeTaxExpense": "14080000", "interestAndDebtExpense": "None", "netIncomeFromContinuingOperations": "38026000", "comprehensiveIncomeNetOfTax": "None", "ebit": "54106000", "ebitda": "73132000", "netIncome": "38026000"}, {"fiscalDateEnding": "2014-03-31", "reportedCurrency": "USD", "grossProfit": "234903000", "totalRevenue": "328700000", "costOfRevenue": "93797000", "costofGoodsAndServicesSold": "93797000", "operatingIncome": "51213000", "sellingGeneralAndAdministrative": "34140000", "researchAndDevelopment": "55631000", "operatingExpenses": "183690000", "investmentIncomeNet": "None", "netInterestIncome": "None", "interestIncome": "None", "interestExpense": "2100000", "nonInterestIncome": "None", "otherNonOperatingIncome": "-2692000", "depreciation": "None", "depreciationAndAmortization": "19173000", "incomeBeforeTax": "48521000", "incomeTaxExpense": "4765000", "interestAndDebtExpense": "None", "netIncomeFromContinuingOperations": "43756000", "comprehensiveIncomeNetOfTax": "None", "ebit": "50621000", "ebitda": "69794000", "netIncome": "43756000"}, {"fiscalDateEnding": "2013-12-31", "reportedCurrency": "USD", "grossProfit": "231969000", "totalRevenue": "324925000", "costOfRevenue": "92956000", "costofGoodsAndServicesSold": "92956000", "operatingIncome": "54871000", "sellingGeneralAndAdministrative": "30931000", "researchAndDevelopment": "53073000", "operatingExpenses": "176031000", "investmentIncomeNet": "None", "netInterestIncome": "None", "interestIncome": "None", "interestExpense": "1300000", "nonInterestIncome": "None", "otherNonOperatingIncome": "-1753000", "depreciation": "None", "depreciationAndAmortization": "19100000", "incomeBeforeTax": "53118000", "incomeTaxExpense": "13461000", "interestAndDebtExpense": "None", "netIncomeFromContinuingOperations": "39657000", "comprehensiveIncomeNetOfTax": "None", "ebit": "54418000", "ebitda": "73518000", "netIncome": "39657000"}, {"fiscalDateEnding": "2013-09-30", "reportedCurrency": "USD", "grossProfit": "253316000", "totalRevenue": "344845000", "costOfRevenue": "91529000", "costofGoodsAndServicesSold": "91529000", "operatingIncome": "49006000", "sellingGeneralAndAdministrative": "33910000", "researchAndDevelopment": "55127000", "operatingExpenses": "186462000", "investmentIncomeNet": "None", "netInterestIncome": "None", "interestIncome": "None", "interestExpense": "1476000", "nonInterestIncome": "None", "otherNonOperatingIncome": "None", "depreciation": "None", "depreciationAndAmortization": "19119000", "incomeBeforeTax": "48407000", "incomeTaxExpense": "-8059000", "interestAndDebtExpense": "None", "netIncomeFromContinuingOperations": "0", "comprehensiveIncomeNetOfTax": "None", "ebit": "49883000", "ebitda": "69002000", "netIncome": "56466000"}, {"fiscalDateEnding": "2013-06-30", "reportedCurrency": "USD", "grossProfit": "223828000", "totalRevenue": "314996000", "costOfRevenue": "91168000", "costofGoodsAndServicesSold": "91168000", "operatingIncome": "43215000", "sellingGeneralAndAdministrative": "28812000", "researchAndDevelopment": "53834000", "operatingExpenses": "177476000", "investmentIncomeNet": "None", "netInterestIncome": "None", "interestIncome": "None", "interestExpense": "1700000", "nonInterestIncome": "None", "otherNonOperatingIncome": "3181000", "depreciation": "None", "depreciationAndAmortization": "18568000", "incomeBeforeTax": "46396000", "incomeTaxExpense": "11941000", "interestAndDebtExpense": "None", "netIncomeFromContinuingOperations": "34455000", "comprehensiveIncomeNetOfTax": "None", "ebit": "48096000", "ebitda": "66664000", "netIncome": "34455000"}, {"fiscalDateEnding": "2013-03-31", "reportedCurrency": "USD", "grossProfit": "220679000", "totalRevenue": "313949000", "costOfRevenue": "93270000", "costofGoodsAndServicesSold": "93270000", "operatingIncome": "21244000", "sellingGeneralAndAdministrative": "33398000", "researchAndDevelopment": "55528000", "operatingExpenses": "183625000", "investmentIncomeNet": "None", "netInterestIncome": "None", "interestIncome": "None", "interestExpense": "1900000", "nonInterestIncome": "None", "otherNonOperatingIncome": "-1867000", "depreciation": "None", "depreciationAndAmortization": "19387000", "incomeBeforeTax": "19377000", "incomeTaxExpense": "2340000", "interestAndDebtExpense": "None", "netIncomeFromContinuingOperations": "17037000", "comprehensiveIncomeNetOfTax": "None", "ebit": "21277000", "ebitda": "40664000", "netIncome": "17037000"}, {"fiscalDateEnding": "2012-12-31", "reportedCurrency": "USD", "grossProfit": "222679000", "totalRevenue": "319751000", "costOfRevenue": "97072000", "costofGoodsAndServicesSold": "97072000", "operatingIncome": "13859000", "sellingGeneralAndAdministrative": "35817000", "researchAndDevelopment": "57429000", "operatingExpenses": "193418000", "investmentIncomeNet": "None", "netInterestIncome": "None", "interestIncome": "None", "interestExpense": "1900000", "nonInterestIncome": "None", "otherNonOperatingIncome": "-1805000", "depreciation": "None", "depreciationAndAmortization": "19477000", "incomeBeforeTax": "12054000", "incomeTaxExpense": "-23757000", "interestAndDebtExpense": "None", "netIncomeFromContinuingOperations": "35811000", "comprehensiveIncomeNetOfTax": "None", "ebit": "13954000", "ebitda": "33431000", "netIncome": "35811000"}, {"fiscalDateEnding": "2012-09-30", "reportedCurrency": "USD", "grossProfit": "237456000", "totalRevenue": "325295000", "costOfRevenue": "87839000", "costofGoodsAndServicesSold": "87839000", "operatingIncome": "57605000", "sellingGeneralAndAdministrative": "28511000", "researchAndDevelopment": "52131000", "operatingExpenses": "179851000", "investmentIncomeNet": "None", "netInterestIncome": "None", "interestIncome": "None", "interestExpense": "1346000", "nonInterestIncome": "None", "otherNonOperatingIncome": "3300000", "depreciation": "None", "depreciationAndAmortization": "16319000", "incomeBeforeTax": "56159000", "incomeTaxExpense": "140144000", "interestAndDebtExpense": "None", "netIncomeFromContinuingOperations": "-83985000", "comprehensiveIncomeNetOfTax": "None", "ebit": "57505000", "ebitda": "73824000", "netIncome": "-83985000"}, {"fiscalDateEnding": "2012-06-30", "reportedCurrency": "USD", "grossProfit": "218129000", "totalRevenue": "310983000", "costOfRevenue": "92854000", "costofGoodsAndServicesSold": "92854000", "operatingIncome": "31083000", "sellingGeneralAndAdministrative": "29851000", "researchAndDevelopment": "53260000", "operatingExpenses": "182920000", "investmentIncomeNet": "None", "netInterestIncome": "None", "interestIncome": "None", "interestExpense": "1000000", "nonInterestIncome": "None", "otherNonOperatingIncome": "-304000", "depreciation": "None", "depreciationAndAmortization": "16867000", "incomeBeforeTax": "30779000", "incomeTaxExpense": "7884000", "interestAndDebtExpense": "None", "netIncomeFromContinuingOperations": "22895000", "comprehensiveIncomeNetOfTax": "None", "ebit": "31779000", "ebitda": "48646000", "netIncome": "22895000"}, {"fiscalDateEnding": "2012-03-31", "reportedCurrency": "USD", "grossProfit": "207909000", "totalRevenue": "301125000", "costOfRevenue": "93216000", "costofGoodsAndServicesSold": "93216000", "operatingIncome": "6903000", "sellingGeneralAndAdministrative": "29534000", "researchAndDevelopment": "54576000", "operatingExpenses": "180204000", "investmentIncomeNet": "None", "netInterestIncome": "None", "interestIncome": "None", "interestExpense": "1200000", "nonInterestIncome": "None", "otherNonOperatingIncome": "-2967000", "depreciation": "None", "depreciationAndAmortization": "16259000", "incomeBeforeTax": "3936000", "incomeTaxExpense": "367000", "interestAndDebtExpense": "None", "netIncomeFromContinuingOperations": "3569000", "comprehensiveIncomeNetOfTax": "None", "ebit": "5136000", "ebitda": "21395000", "netIncome": "3569000"}, {"fiscalDateEnding": "2011-12-31", "reportedCurrency": "USD", "grossProfit": "220057000", "totalRevenue": "318276000", "costOfRevenue": "98219000", "costofGoodsAndServicesSold": "98219000", "operatingIncome": "32505000", "sellingGeneralAndAdministrative": "29572000", "researchAndDevelopment": "54993000", "operatingExpenses": "187552000", "investmentIncomeNet": "None", "netInterestIncome": "None", "interestIncome": "None", "interestExpense": "1200000", "nonInterestIncome": "None", "otherNonOperatingIncome": "-2643000", "depreciation": "None", "depreciationAndAmortization": "17026000", "incomeBeforeTax": "29862000", "incomeTaxExpense": "7739000", "interestAndDebtExpense": "None", "netIncomeFromContinuingOperations": "22123000", "comprehensiveIncomeNetOfTax": "None", "ebit": "31062000", "ebitda": "48088000", "netIncome": "22123000"}, {"fiscalDateEnding": "2011-09-30", "reportedCurrency": "USD", "grossProfit": "240898000", "totalRevenue": "339425000", "costOfRevenue": "98527000", "costofGoodsAndServicesSold": "98527000", "operatingIncome": "51248000", "sellingGeneralAndAdministrative": "30213000", "researchAndDevelopment": "55730000", "operatingExpenses": "189650000", "investmentIncomeNet": "None", "netInterestIncome": "None", "interestIncome": "None", "interestExpense": "2010000", "nonInterestIncome": "None", "otherNonOperatingIncome": "-277000", "depreciation": "None", "depreciationAndAmortization": "17847000", "incomeBeforeTax": "47661000", "incomeTaxExpense": "10040000", "interestAndDebtExpense": "None", "netIncomeFromContinuingOperations": "37621000", "comprehensiveIncomeNetOfTax": "None", "ebit": "49671000", "ebitda": "67518000", "netIncome": "37621000"}, {"fiscalDateEnding": "2011-06-30", "reportedCurrency": "USD", "grossProfit": "201374000", "totalRevenue": "291783000", "costOfRevenue": "90409000", "costofGoodsAndServicesSold": "90409000", "operatingIncome": "24530000", "sellingGeneralAndAdministrative": "31882000", "researchAndDevelopment": "51103000", "operatingExpenses": "176844000", "investmentIncomeNet": "None", "netInterestIncome": "None", "interestIncome": "None", "interestExpense": "800000", "nonInterestIncome": "None", "otherNonOperatingIncome": "-6271000", "depreciation": "None", "depreciationAndAmortization": "15827000", "incomeBeforeTax": "18259000", "incomeTaxExpense": "2733000", "interestAndDebtExpense": "None", "netIncomeFromContinuingOperations": "15526000", "comprehensiveIncomeNetOfTax": "None", "ebit": "19059000", "ebitda": "34886000", "netIncome": "15526000"}, {"fiscalDateEnding": "2011-03-31", "reportedCurrency": "USD", "grossProfit": "187418000", "totalRevenue": "269189000", "costOfRevenue": "81771000", "costofGoodsAndServicesSold": "81771000", "operatingIncome": "24226000", "sellingGeneralAndAdministrative": "24712000", "researchAndDevelopment": "53051000", "operatingExpenses": "163192000", "investmentIncomeNet": "None", "netInterestIncome": "None", "interestIncome": "None", "interestExpense": "300000", "nonInterestIncome": "None", "otherNonOperatingIncome": "-822000", "depreciation": "None", "depreciationAndAmortization": "14651000", "incomeBeforeTax": "23404000", "incomeTaxExpense": "4387000", "interestAndDebtExpense": "None", "netIncomeFromContinuingOperations": "19017000", "comprehensiveIncomeNetOfTax": "None", "ebit": "23804000", "ebitda": "38455000", "netIncome": "19017000"}, {"fiscalDateEnding": "2010-12-31", "reportedCurrency": "USD", "grossProfit": "180491000", "totalRevenue": "266552000", "costOfRevenue": "86061000", "costofGoodsAndServicesSold": "86061000", "operatingIncome": "17110000", "sellingGeneralAndAdministrative": "23484000", "researchAndDevelopment": "51522000", "operatingExpenses": "163381000", "investmentIncomeNet": "None", "netInterestIncome": "None", "interestIncome": "None", "interestExpense": "300000", "nonInterestIncome": "None", "otherNonOperatingIncome": "-1886000", "depreciation": "None", "depreciationAndAmortization": "14069000", "incomeBeforeTax": "15224000", "incomeTaxExpense": "1964000", "interestAndDebtExpense": "None", "netIncomeFromContinuingOperations": "13260000", "comprehensiveIncomeNetOfTax": "None", "ebit": "15524000", "ebitda": "29593000", "netIncome": "13260000"}, {"fiscalDateEnding": "2010-09-30", "reportedCurrency": "USD", "grossProfit": "190919000", "totalRevenue": "268066000", "costOfRevenue": "77147000", "costofGoodsAndServicesSold": "77147000", "operatingIncome": "28945000", "sellingGeneralAndAdministrative": "23242000", "researchAndDevelopment": "50320000", "operatingExpenses": "161974000", "investmentIncomeNet": "None", "netInterestIncome": "None", "interestIncome": "None", "interestExpense": "326000", "nonInterestIncome": "None", "otherNonOperatingIncome": "None", "depreciation": "None", "depreciationAndAmortization": "14644000", "incomeBeforeTax": "37755000", "incomeTaxExpense": "50970000", "interestAndDebtExpense": "None", "netIncomeFromContinuingOperations": "0", "comprehensiveIncomeNetOfTax": "None", "ebit": "38081000", "ebitda": "52725000", "netIncome": "-13215000"}, {"fiscalDateEnding": "2010-06-30", "reportedCurrency": "USD", "grossProfit": "168287000", "totalRevenue": "242998000", "costOfRevenue": "74711000", "costofGoodsAndServicesSold": "74711000", "operatingIncome": "11978000", "sellingGeneralAndAdministrative": "22755000", "researchAndDevelopment": "50597000", "operatingExpenses": "156309000", "investmentIncomeNet": "None", "netInterestIncome": "None", "interestIncome": "None", "interestExpense": "300000", "nonInterestIncome": "None", "otherNonOperatingIncome": "-320000", "depreciation": "None", "depreciationAndAmortization": "15639000", "incomeBeforeTax": "11658000", "incomeTaxExpense": "940000", "interestAndDebtExpense": "None", "netIncomeFromContinuingOperations": "10718000", "comprehensiveIncomeNetOfTax": "None", "ebit": "11958000", "ebitda": "27597000", "netIncome": "10718000"}, {"fiscalDateEnding": "2010-03-31", "reportedCurrency": "USD", "grossProfit": "163390000", "totalRevenue": "240556000", "costOfRevenue": "77166000", "costofGoodsAndServicesSold": "77166000", "operatingIncome": "11511000", "sellingGeneralAndAdministrative": "22807000", "researchAndDevelopment": "49960000", "operatingExpenses": "151879000", "investmentIncomeNet": "None", "netInterestIncome": "None", "interestIncome": "None", "interestExpense": "300000", "nonInterestIncome": "None", "otherNonOperatingIncome": "None", "depreciation": "None", "depreciationAndAmortization": "15976000", "incomeBeforeTax": "10906000", "incomeTaxExpense": "1904000", "interestAndDebtExpense": "None", "netIncomeFromContinuingOperations": "0", "comprehensiveIncomeNetOfTax": "None", "ebit": "11206000", "ebitda": "27182000", "netIncome": "9002000"}, {"fiscalDateEnding": "2009-12-31", "reportedCurrency": "USD", "grossProfit": "179758000", "totalRevenue": "258429000", "costOfRevenue": "78671000", "costofGoodsAndServicesSold": "78671000", "operatingIncome": "22341000", "sellingGeneralAndAdministrative": "24071000", "researchAndDevelopment": "50690000", "operatingExpenses": "157417000", "investmentIncomeNet": "None", "netInterestIncome": "None", "interestIncome": "None", "interestExpense": "500000", "nonInterestIncome": "None", "otherNonOperatingIncome": "None", "depreciation": "None", "depreciationAndAmortization": "15923000", "incomeBeforeTax": "21817000", "incomeTaxExpense": "3954000", "interestAndDebtExpense": "None", "netIncomeFromContinuingOperations": "0", "comprehensiveIncomeNetOfTax": "None", "ebit": "22317000", "ebitda": "38240000", "netIncome": "17863000"}, {"fiscalDateEnding": "2009-09-30", "reportedCurrency": "USD", "grossProfit": "172993000", "totalRevenue": "246343000", "costOfRevenue": "73350000", "costofGoodsAndServicesSold": "73350000", "operatingIncome": "15191000", "sellingGeneralAndAdministrative": "22295000", "researchAndDevelopment": "48826000", "operatingExpenses": "151528000", "investmentIncomeNet": "None", "netInterestIncome": "None", "interestIncome": "None", "interestExpense": "897000", "nonInterestIncome": "None", "otherNonOperatingIncome": "None", "depreciation": "None", "depreciationAndAmortization": "16052000", "incomeBeforeTax": "14879000", "incomeTaxExpense": "-1021000", "interestAndDebtExpense": "None", "netIncomeFromContinuingOperations": "0", "comprehensiveIncomeNetOfTax": "None", "ebit": "15776000", "ebitda": "31828000", "netIncome": "15900000"}, {"fiscalDateEnding": "2009-06-30", "reportedCurrency": "USD", "grossProfit": "152353000", "totalRevenue": "226159000", "costOfRevenue": "73806000", "costofGoodsAndServicesSold": "73806000", "operatingIncome": "1987000", "sellingGeneralAndAdministrative": "19245000", "researchAndDevelopment": "46562000", "operatingExpenses": "143457000", "investmentIncomeNet": "None", "netInterestIncome": "None", "interestIncome": "None", "interestExpense": "400000", "nonInterestIncome": "None", "otherNonOperatingIncome": "None", "depreciation": "None", "depreciationAndAmortization": "15601000", "incomeBeforeTax": "1496000", "incomeTaxExpense": "-2292000", "interestAndDebtExpense": "None", "netIncomeFromContinuingOperations": "0", "comprehensiveIncomeNetOfTax": "None", "ebit": "1896000", "ebitda": "17497000", "netIncome": "3788000"}, {"fiscalDateEnding": "2009-03-31", "reportedCurrency": "USD", "grossProfit": "146014000", "totalRevenue": "225292000", "costOfRevenue": "79278000", "costofGoodsAndServicesSold": "79278000", "operatingIncome": "-1421000", "sellingGeneralAndAdministrative": "17693000", "researchAndDevelopment": "44752000", "operatingExpenses": "137647000", "investmentIncomeNet": "None", "netInterestIncome": "None", "interestIncome": "None", "interestExpense": "700000", "nonInterestIncome": "None", "otherNonOperatingIncome": "None", "depreciation": "None", "depreciationAndAmortization": "15162000", "incomeBeforeTax": "-1671000", "incomeTaxExpense": "-8846000", "interestAndDebtExpense": "None", "netIncomeFromContinuingOperations": "0", "comprehensiveIncomeNetOfTax": "None", "ebit": "-971000", "ebitda": "14191000", "netIncome": "7175000"}, {"fiscalDateEnding": "2008-12-31", "reportedCurrency": "USD", "grossProfit": "157066000", "totalRevenue": "240391000", "costOfRevenue": "83325000", "costofGoodsAndServicesSold": "83325000", "operatingIncome": "3538000", "sellingGeneralAndAdministrative": "21437000000", "researchAndDevelopment": "48361000", "operatingExpenses": "153528000", "investmentIncomeNet": "None", "netInterestIncome": "None", "interestIncome": "None", "interestExpense": "1200000", "nonInterestIncome": "None", "otherNonOperatingIncome": "None", "depreciation": "None", "depreciationAndAmortization": "14795000", "incomeBeforeTax": "2467000", "incomeTaxExpense": "-2192000", "interestAndDebtExpense": "None", "netIncomeFromContinuingOperations": "0", "comprehensiveIncomeNetOfTax": "None", "ebit": "3667000", "ebitda": "18462000", "netIncome": "4659000"}, {"fiscalDateEnding": "2008-09-30", "reportedCurrency": "USD", "grossProfit": "210761000", "totalRevenue": "299547000", "costOfRevenue": "88786000", "costofGoodsAndServicesSold": "88786000", "operatingIncome": "53426000", "sellingGeneralAndAdministrative": "87829000", "researchAndDevelopment": "47366000", "operatingExpenses": "152600000", "investmentIncomeNet": "None", "netInterestIncome": "None", "interestIncome": "None", "interestExpense": "7823000", "nonInterestIncome": "None", "otherNonOperatingIncome": "None", "depreciation": "None", "depreciationAndAmortization": "16537000", "incomeBeforeTax": "46926000", "incomeTaxExpense": "10422000", "interestAndDebtExpense": "None", "netIncomeFromContinuingOperations": "0", "comprehensiveIncomeNetOfTax": "None", "ebit": "58161000", "ebitda": "74698000", "netIncome": "36504000"}, {"fiscalDateEnding": "2008-06-30", "reportedCurrency": "USD", "grossProfit": "186186000", "totalRevenue": "271748000", "costOfRevenue": "85562000", "costofGoodsAndServicesSold": "85562000", "operatingIncome": "31922000", "sellingGeneralAndAdministrative": "20294000", "researchAndDevelopment": "47374000", "operatingExpenses": "150474000", "investmentIncomeNet": "None", "netInterestIncome": "None", "interestIncome": "None", "interestExpense": "2300000", "nonInterestIncome": "None", "otherNonOperatingIncome": "None", "depreciation": "None", "depreciationAndAmortization": "16636000", "incomeBeforeTax": "24812000", "incomeTaxExpense": "10342000", "interestAndDebtExpense": "None", "netIncomeFromContinuingOperations": "0", "comprehensiveIncomeNetOfTax": "None", "ebit": "27112000", "ebitda": "43748000", "netIncome": "14470000"}, {"fiscalDateEnding": "2008-03-31", "reportedCurrency": "USD", "grossProfit": "177140000", "totalRevenue": "257793000", "costOfRevenue": "80653000", "costofGoodsAndServicesSold": "80653000", "operatingIncome": "31032000", "sellingGeneralAndAdministrative": "20808000", "researchAndDevelopment": "45734000", "operatingExpenses": "144216000", "investmentIncomeNet": "None", "netInterestIncome": "None", "interestIncome": "None", "interestExpense": "2800000", "nonInterestIncome": "None", "otherNonOperatingIncome": "None", "depreciation": "None", "depreciationAndAmortization": "14913000", "incomeBeforeTax": "30677000", "incomeTaxExpense": "11829000", "interestAndDebtExpense": "None", "netIncomeFromContinuingOperations": "0", "comprehensiveIncomeNetOfTax": "None", "ebit": "33477000", "ebitda": "48390000", "netIncome": "18848000"}, {"fiscalDateEnding": "2007-12-31", "reportedCurrency": "USD", "grossProfit": "165457000", "totalRevenue": "241242000", "costOfRevenue": "75785000", "costofGoodsAndServicesSold": "75785000", "operatingIncome": "14865000", "sellingGeneralAndAdministrative": "23551000", "researchAndDevelopment": "41548000", "operatingExpenses": "139020000", "investmentIncomeNet": "None", "netInterestIncome": "None", "interestIncome": "None", "interestExpense": "1100000", "nonInterestIncome": "None", "otherNonOperatingIncome": "None", "depreciation": "None", "depreciationAndAmortization": "11935000", "incomeBeforeTax": "16471000", "incomeTaxExpense": "6591000", "interestAndDebtExpense": "None", "netIncomeFromContinuingOperations": "0", "comprehensiveIncomeNetOfTax": "None", "ebit": "26437000", "ebitda": "38372000", "netIncome": "9880000"}, {"fiscalDateEnding": "2007-09-30", "reportedCurrency": "USD", "grossProfit": "192320000", "totalRevenue": "266420000", "costOfRevenue": "74100000", "costofGoodsAndServicesSold": "74100000", "operatingIncome": "30721000", "sellingGeneralAndAdministrative": "79777000", "researchAndDevelopment": "44416000", "operatingExpenses": "146252000", "investmentIncomeNet": "None", "netInterestIncome": "None", "interestIncome": "None", "interestExpense": "0", "nonInterestIncome": "None", "otherNonOperatingIncome": "None", "depreciation": "None", "depreciationAndAmortization": "10317000", "incomeBeforeTax": "33217000", "incomeTaxExpense": "9341000", "interestAndDebtExpense": "None", "netIncomeFromContinuingOperations": "0", "comprehensiveIncomeNetOfTax": "None", "ebit": "46068000", "ebitda": "56385000", "netIncome": "23876000"}, {"fiscalDateEnding": "2007-06-30", "reportedCurrency": "USD", "grossProfit": "153339000", "totalRevenue": "225096000", "costOfRevenue": "71757000", "costofGoodsAndServicesSold": "71757000", "operatingIncome": "19805000", "sellingGeneralAndAdministrative": "16855000", "researchAndDevelopment": "39798000", "operatingExpenses": "132990000", "investmentIncomeNet": "None", "netInterestIncome": "None", "interestIncome": "None", "interestExpense": "0", "nonInterestIncome": "None", "otherNonOperatingIncome": "None", "depreciation": "None", "depreciationAndAmortization": "9659000", "incomeBeforeTax": "22073000", "incomeTaxExpense": "-65155000", "interestAndDebtExpense": "None", "netIncomeFromContinuingOperations": "0", "comprehensiveIncomeNetOfTax": "None", "ebit": "18625000", "ebitda": "28284000", "netIncome": "87228000"}, {"fiscalDateEnding": "2007-03-31", "reportedCurrency": "USD", "grossProfit": "155271000", "totalRevenue": "228096000", "costOfRevenue": "72825000", "costofGoodsAndServicesSold": "72825000", "operatingIncome": "21259000", "sellingGeneralAndAdministrative": "20711000", "researchAndDevelopment": "40153000", "operatingExpenses": "134012000", "investmentIncomeNet": "None", "netInterestIncome": "None", "interestIncome": "None", "interestExpense": "0", "nonInterestIncome": "None", "otherNonOperatingIncome": "None", "depreciation": "None", "depreciationAndAmortization": "9687000", "incomeBeforeTax": "22607000", "incomeTaxExpense": "5208000", "interestAndDebtExpense": "None", "netIncomeFromContinuingOperations": "0", "comprehensiveIncomeNetOfTax": "None", "ebit": "19911000", "ebitda": "29598000", "netIncome": "17399000"}, {"fiscalDateEnding": "2006-12-31", "reportedCurrency": "USD", "grossProfit": "149539000", "totalRevenue": "221667000", "costOfRevenue": "72128000", "costofGoodsAndServicesSold": "72128000", "operatingIncome": "20983000", "sellingGeneralAndAdministrative": "18923000", "researchAndDevelopment": "37984000", "operatingExpenses": "128556000", "investmentIncomeNet": "None", "netInterestIncome": "None", "interestIncome": "None", "interestExpense": "0", "nonInterestIncome": "None", "otherNonOperatingIncome": "None", "depreciation": "None", "depreciationAndAmortization": "9536000", "incomeBeforeTax": "21763000", "incomeTaxExpense": "6610000", "interestAndDebtExpense": "None", "netIncomeFromContinuingOperations": "0", "comprehensiveIncomeNetOfTax": "None", "ebit": "11447000", "ebitda": "20983000", "netIncome": "15153000"}, {"fiscalDateEnding": "2006-09-30", "reportedCurrency": "USD", "grossProfit": "171998000", "totalRevenue": "245502000", "costOfRevenue": "73504000", "costofGoodsAndServicesSold": "73504000", "operatingIncome": "31899000", "sellingGeneralAndAdministrative": "22107000", "researchAndDevelopment": "39861000", "operatingExpenses": "140099000", "investmentIncomeNet": "None", "netInterestIncome": "None", "interestIncome": "None", "interestExpense": "0", "nonInterestIncome": "None", "otherNonOperatingIncome": "None", "depreciation": "None", "depreciationAndAmortization": "9078000", "incomeBeforeTax": "32855000", "incomeTaxExpense": "7132000", "interestAndDebtExpense": "None", "netIncomeFromContinuingOperations": "0", "comprehensiveIncomeNetOfTax": "None", "ebit": "31899000", "ebitda": "40977000", "netIncome": "25723000"}, {"fiscalDateEnding": "2006-06-30", "reportedCurrency": "USD", "grossProfit": "148130000", "totalRevenue": "216704000", "costOfRevenue": "68574000", "costofGoodsAndServicesSold": "68574000", "operatingIncome": "13461000", "sellingGeneralAndAdministrative": "18038000", "researchAndDevelopment": "36905000", "operatingExpenses": "126622000", "investmentIncomeNet": "None", "netInterestIncome": "None", "interestIncome": "None", "interestExpense": "0", "nonInterestIncome": "None", "otherNonOperatingIncome": "None", "depreciation": "None", "depreciationAndAmortization": "8685000", "incomeBeforeTax": "14301000", "incomeTaxExpense": "-2575000", "interestAndDebtExpense": "None", "netIncomeFromContinuingOperations": "0", "comprehensiveIncomeNetOfTax": "None", "ebit": "21508000", "ebitda": "30193000", "netIncome": "16876000"}, {"fiscalDateEnding": "2006-03-31", "reportedCurrency": "USD", "grossProfit": "134664000", "totalRevenue": "200194000", "costOfRevenue": "65530000", "costofGoodsAndServicesSold": "65530000", "operatingIncome": "15088000", "sellingGeneralAndAdministrative": "18039000", "researchAndDevelopment": "35989000", "operatingExpenses": "119576000", "investmentIncomeNet": "None", "netInterestIncome": "None", "interestIncome": "None", "interestExpense": "0", "nonInterestIncome": "None", "otherNonOperatingIncome": "None", "depreciation": "None", "depreciationAndAmortization": "8063000", "incomeBeforeTax": "15892000", "incomeTaxExpense": "5141000", "interestAndDebtExpense": "None", "netIncomeFromContinuingOperations": "0", "comprehensiveIncomeNetOfTax": "None", "ebit": "7025000", "ebitda": "15088000", "netIncome": "10751000"}, {"fiscalDateEnding": "2005-12-31", "reportedCurrency": "USD", "grossProfit": "130493000", "totalRevenue": "192518000", "costOfRevenue": "62025000", "costofGoodsAndServicesSold": "62025000", "operatingIncome": "11278000", "sellingGeneralAndAdministrative": "19629000", "researchAndDevelopment": "34583000", "operatingExpenses": "119215000", "investmentIncomeNet": "None", "netInterestIncome": "None", "interestIncome": "None", "interestExpense": "0", "nonInterestIncome": "None", "otherNonOperatingIncome": "None", "depreciation": "None", "depreciationAndAmortization": "8061000", "incomeBeforeTax": "12377000", "incomeTaxExpense": "4861000", "interestAndDebtExpense": "None", "netIncomeFromContinuingOperations": "0", "comprehensiveIncomeNetOfTax": "None", "ebit": "3217000", "ebitda": "11278000", "netIncome": "7516000"}, {"fiscalDateEnding": "2005-09-30", "reportedCurrency": "USD", "grossProfit": "136206000", "totalRevenue": "195092000", "costOfRevenue": "58886000", "costofGoodsAndServicesSold": "58886000", "operatingIncome": "11568000", "sellingGeneralAndAdministrative": "19749000", "researchAndDevelopment": "35392000", "operatingExpenses": "125215000", "investmentIncomeNet": "None", "netInterestIncome": "None", "interestIncome": "None", "interestExpense": "0", "nonInterestIncome": "None", "otherNonOperatingIncome": "None", "depreciation": "None", "depreciationAndAmortization": "7316000", "incomeBeforeTax": "12868000", "incomeTaxExpense": "-4407000", "interestAndDebtExpense": "None", "netIncomeFromContinuingOperations": "0", "comprehensiveIncomeNetOfTax": "None", "ebit": "10991000", "ebitda": "18307000", "netIncome": "17275000"}, {"fiscalDateEnding": "2005-06-30", "reportedCurrency": "USD", "grossProfit": "128208000", "totalRevenue": "180334000", "costOfRevenue": "52126000", "costofGoodsAndServicesSold": "52126000", "operatingIncome": "26514000", "sellingGeneralAndAdministrative": "13874000", "researchAndDevelopment": "28061000", "operatingExpenses": "101694000", "investmentIncomeNet": "None", "netInterestIncome": "None", "interestIncome": "None", "interestExpense": "0", "nonInterestIncome": "None", "otherNonOperatingIncome": "None", "depreciation": "None", "depreciationAndAmortization": "5966000", "incomeBeforeTax": "28990000", "incomeTaxExpense": "2336000", "interestAndDebtExpense": "None", "netIncomeFromContinuingOperations": "0", "comprehensiveIncomeNetOfTax": "None", "ebit": "20548000", "ebitda": "26514000", "netIncome": "26654000"}, {"fiscalDateEnding": "2005-03-31", "reportedCurrency": "USD", "grossProfit": "126530000", "totalRevenue": "176103000", "costOfRevenue": "49573000", "costofGoodsAndServicesSold": "49573000", "operatingIncome": "24492000", "sellingGeneralAndAdministrative": "14395000", "researchAndDevelopment": "28347000", "operatingExpenses": "102038000", "investmentIncomeNet": "None", "netInterestIncome": "None", "interestIncome": "None", "interestExpense": "0", "nonInterestIncome": "None", "otherNonOperatingIncome": "None", "depreciation": "None", "depreciationAndAmortization": "6126000", "incomeBeforeTax": "26729000", "incomeTaxExpense": "6225000", "interestAndDebtExpense": "None", "netIncomeFromContinuingOperations": "0", "comprehensiveIncomeNetOfTax": "None", "ebit": "18366000", "ebitda": "24492000", "netIncome": "20504000"}, {"fiscalDateEnding": "2004-12-31", "reportedCurrency": "USD", "grossProfit": "121533000", "totalRevenue": "169190000", "costOfRevenue": "47657000", "costofGoodsAndServicesSold": "47657000", "operatingIncome": "23212000", "sellingGeneralAndAdministrative": "15587000", "researchAndDevelopment": "26467000", "operatingExpenses": "98321000", "investmentIncomeNet": "None", "netInterestIncome": "None", "interestIncome": "None", "interestExpense": "0", "nonInterestIncome": "None", "otherNonOperatingIncome": "None", "depreciation": "None", "depreciationAndAmortization": "6473000", "incomeBeforeTax": "22725000", "incomeTaxExpense": "3566000", "interestAndDebtExpense": "None", "netIncomeFromContinuingOperations": "0", "comprehensiveIncomeNetOfTax": "None", "ebit": "23212000", "ebitda": "29685000", "netIncome": "19159000"}]}