{"symbol": "HSIC", "annualReports": [{"fiscalDateEnding": "2024-12-31", "reportedCurrency": "USD", "grossProfit": "4016000000", "totalRevenue": "12673000000", "costOfRevenue": "8657000000", "costofGoodsAndServicesSold": "8657000000", "operatingIncome": "621000000", "sellingGeneralAndAdministrative": "3034000000", "researchAndDevelopment": "None", "operatingExpenses": "3395000000", "investmentIncomeNet": "None", "netInterestIncome": "-107000000", "interestIncome": "24000000", "interestExpense": "131000000", "nonInterestIncome": "None", "otherNonOperatingIncome": "None", "depreciation": "None", "depreciationAndAmortization": "297000000", "incomeBeforeTax": "513000000", "incomeTaxExpense": "128000000", "interestAndDebtExpense": "None", "netIncomeFromContinuingOperations": "398000000", "comprehensiveIncomeNetOfTax": "None", "ebit": "644000000", "ebitda": "941000000", "netIncome": "390000000"}, {"fiscalDateEnding": "2023-12-31", "reportedCurrency": "USD", "grossProfit": "3860000000", "totalRevenue": "12339000000", "costOfRevenue": "8479000000", "costofGoodsAndServicesSold": "8479000000", "operatingIncome": "615000000", "sellingGeneralAndAdministrative": "2910000000", "researchAndDevelopment": "None", "operatingExpenses": "3245000000", "investmentIncomeNet": "None", "netInterestIncome": "-55000000", "interestIncome": "24000000", "interestExpense": "87000000", "nonInterestIncome": "None", "otherNonOperatingIncome": "None", "depreciation": "None", "depreciationAndAmortization": "248000000", "incomeBeforeTax": "542000000", "incomeTaxExpense": "120000000", "interestAndDebtExpense": "None", "netIncomeFromContinuingOperations": "470000000", "comprehensiveIncomeNetOfTax": "None", "ebit": "629000000", "ebitda": "877000000", "netIncome": "416000000"}, {"fiscalDateEnding": "2022-12-31", "reportedCurrency": "USD", "grossProfit": "3831000000", "totalRevenue": "12647000000", "costOfRevenue": "8816000000", "costofGoodsAndServicesSold": "8816000000", "operatingIncome": "747000000", "sellingGeneralAndAdministrative": "2771000000", "researchAndDevelopment": "None", "operatingExpenses": "2953000000", "investmentIncomeNet": "None", "netInterestIncome": "-27000000", "interestIncome": "17000000", "interestExpense": "44000000", "nonInterestIncome": "None", "otherNonOperatingIncome": "33000000", "depreciation": "None", "depreciationAndAmortization": "212000000", "incomeBeforeTax": "721000000", "incomeTaxExpense": "170000000", "interestAndDebtExpense": "None", "netIncomeFromContinuingOperations": "566000000", "comprehensiveIncomeNetOfTax": "None", "ebit": "878000000", "ebitda": "1090000000", "netIncome": "538000000"}, {"fiscalDateEnding": "2021-12-31", "reportedCurrency": "USD", "grossProfit": "3672251000", "totalRevenue": "12401021000", "costOfRevenue": "8728770000", "costofGoodsAndServicesSold": "8728770000", "operatingIncome": "851656000", "sellingGeneralAndAdministrative": "2812656000", "researchAndDevelopment": "None", "operatingExpenses": "2812656000", "investmentIncomeNet": "None", "netInterestIncome": "-21149000", "interestIncome": "6451000", "interestExpense": "27600000", "nonInterestIncome": "None", "otherNonOperatingIncome": "33819000", "depreciation": "None", "depreciationAndAmortization": "209528000", "incomeBeforeTax": "830548000", "incomeTaxExpense": "197349000", "interestAndDebtExpense": "None", "netIncomeFromContinuingOperations": "660526000", "comprehensiveIncomeNetOfTax": "None", "ebit": "858148000", "ebitda": "1067676000", "netIncome": "631000000"}, {"fiscalDateEnding": "2020-12-31", "reportedCurrency": "USD", "grossProfit": "2814343000", "totalRevenue": "10119141000", "costOfRevenue": "7304798000", "costofGoodsAndServicesSold": "7304798000", "operatingIncome": "535303000", "sellingGeneralAndAdministrative": "2246947000", "researchAndDevelopment": "None", "operatingExpenses": "2246947000", "investmentIncomeNet": "None", "netInterestIncome": "-31535000", "interestIncome": "9842000", "interestExpense": "41377000", "nonInterestIncome": "None", "otherNonOperatingIncome": "19885000", "depreciation": "None", "depreciationAndAmortization": "185538000", "incomeBeforeTax": "499895000", "incomeTaxExpense": "95374000", "interestAndDebtExpense": "None", "netIncomeFromContinuingOperations": "418437000", "comprehensiveIncomeNetOfTax": "None", "ebit": "541272000", "ebitda": "726810000", "netIncome": "403794000"}, {"fiscalDateEnding": "2019-12-31", "reportedCurrency": "USD", "grossProfit": "3090886000", "totalRevenue": "9985803000", "costOfRevenue": "6894917000", "costofGoodsAndServicesSold": "6894917000", "operatingIncome": "718261000", "sellingGeneralAndAdministrative": "2284120000", "researchAndDevelopment": "None", "operatingExpenses": "2357920000", "investmentIncomeNet": "None", "netInterestIncome": "-35035000", "interestIncome": "15757000", "interestExpense": "50792000", "nonInterestIncome": "None", "otherNonOperatingIncome": "217507000", "depreciation": "None", "depreciationAndAmortization": "184942000", "incomeBeforeTax": "680307000", "incomeTaxExpense": "159515000", "interestAndDebtExpense": "None", "netIncomeFromContinuingOperations": "725461000", "comprehensiveIncomeNetOfTax": "None", "ebit": "732966000", "ebitda": "917908000", "netIncome": "520792000"}, {"fiscalDateEnding": "2018-12-31", "reportedCurrency": "USD", "grossProfit": "3595084000", "totalRevenue": "13201995000", "costOfRevenue": "9606911000", "costofGoodsAndServicesSold": "9606911000", "operatingIncome": "753052000", "sellingGeneralAndAdministrative": "2631276000", "researchAndDevelopment": "0", "operatingExpenses": "2701876000", "investmentIncomeNet": "None", "netInterestIncome": "-57550000", "interestIncome": "21236000", "interestExpense": "78786000", "nonInterestIncome": "None", "otherNonOperatingIncome": "43352000", "depreciation": "None", "depreciationAndAmortization": "143630000", "incomeBeforeTax": "695348000", "incomeTaxExpense": "155492000", "interestAndDebtExpense": "None", "netIncomeFromContinuingOperations": "539856000", "comprehensiveIncomeNetOfTax": "None", "ebit": "693474000", "ebitda": "837104000", "netIncome": "535881000"}, {"fiscalDateEnding": "2017-12-31", "reportedCurrency": "USD", "grossProfit": "3399103000", "totalRevenue": "12461543000", "costOfRevenue": "9062440000", "costofGoodsAndServicesSold": "9062440000", "operatingIncome": "859369000", "sellingGeneralAndAdministrative": "2474734000", "researchAndDevelopment": "None", "operatingExpenses": "2539734000", "investmentIncomeNet": "None", "netInterestIncome": "-36101000", "interestIncome": "17553000", "interestExpense": "53654000", "nonInterestIncome": "None", "otherNonOperatingIncome": "16084000", "depreciation": "None", "depreciationAndAmortization": "193072000", "incomeBeforeTax": "822848000", "incomeTaxExpense": "362506000", "interestAndDebtExpense": "None", "netIncomeFromContinuingOperations": "460342000", "comprehensiveIncomeNetOfTax": "None", "ebit": "876502000", "ebitda": "1069574000", "netIncome": "406299000"}, {"fiscalDateEnding": "2016-12-31", "reportedCurrency": "USD", "grossProfit": "3233969000", "totalRevenue": "11571668000", "costOfRevenue": "8337699000", "costofGoodsAndServicesSold": "8337699000", "operatingIncome": "771574000", "sellingGeneralAndAdministrative": "2332504000", "researchAndDevelopment": "0", "operatingExpenses": "2416504000", "investmentIncomeNet": "None", "netInterestIncome": "-18618000", "interestIncome": "13275000", "interestExpense": "31893000", "nonInterestIncome": "None", "otherNonOperatingIncome": "34672000", "depreciation": "None", "depreciationAndAmortization": "169780000", "incomeBeforeTax": "755835000", "incomeTaxExpense": "217958000", "interestAndDebtExpense": "None", "netIncomeFromContinuingOperations": "537877000", "comprehensiveIncomeNetOfTax": "None", "ebit": "817465000", "ebitda": "987245000", "netIncome": "506778000"}, {"fiscalDateEnding": "2015-12-31", "reportedCurrency": "USD", "grossProfit": "3012259000", "totalRevenue": "10629719000", "costOfRevenue": "7617460000", "costofGoodsAndServicesSold": "7617460000", "operatingIncome": "733972000", "sellingGeneralAndAdministrative": "2164656000", "researchAndDevelopment": "0", "operatingExpenses": "2243356000", "investmentIncomeNet": "None", "netInterestIncome": "None", "interestIncome": "13073000", "interestExpense": "26008000", "nonInterestIncome": "None", "otherNonOperatingIncome": "26854000", "depreciation": "None", "depreciationAndAmortization": "159127000", "incomeBeforeTax": "720758000", "incomeTaxExpense": "211391000", "interestAndDebtExpense": "None", "netIncomeFromContinuingOperations": "523427000", "comprehensiveIncomeNetOfTax": "None", "ebit": "768903000", "ebitda": "928030000", "netIncome": "479058000"}, {"fiscalDateEnding": "2014-12-31", "reportedCurrency": "USD", "grossProfit": "2911315000", "totalRevenue": "10371390000", "costOfRevenue": "7460075000", "costofGoodsAndServicesSold": "7460075000", "operatingIncome": "715142000", "sellingGeneralAndAdministrative": "2117773000", "researchAndDevelopment": "0", "operatingExpenses": "2196173000", "investmentIncomeNet": "None", "netInterestIncome": "None", "interestIncome": "None", "interestExpense": "24057000", "nonInterestIncome": "None", "otherNonOperatingIncome": "29961000", "depreciation": "None", "depreciationAndAmortization": "152238000", "incomeBeforeTax": "709312000", "incomeTaxExpense": "215610000", "interestAndDebtExpense": "None", "netIncomeFromContinuingOperations": "505436000", "comprehensiveIncomeNetOfTax": "None", "ebit": "733369000", "ebitda": "885607000", "netIncome": "466077000"}, {"fiscalDateEnding": "2013-12-31", "reportedCurrency": "USD", "grossProfit": "2656014000", "totalRevenue": "9560647000", "costOfRevenue": "6904633000", "costofGoodsAndServicesSold": "6904633000", "operatingIncome": "677054000", "sellingGeneralAndAdministrative": "1979000000", "researchAndDevelopment": "0", "operatingExpenses": "1978960000", "investmentIncomeNet": "None", "netInterestIncome": "None", "interestIncome": "None", "interestExpense": "27538000", "nonInterestIncome": "None", "otherNonOperatingIncome": "12837000", "depreciation": "None", "depreciationAndAmortization": "128035000", "incomeBeforeTax": "664694000", "incomeTaxExpense": "190891000", "interestAndDebtExpense": "None", "netIncomeFromContinuingOperations": "473803000", "comprehensiveIncomeNetOfTax": "None", "ebit": "692232000", "ebitda": "820267000", "netIncome": "431554000"}, {"fiscalDateEnding": "2012-12-31", "reportedCurrency": "USD", "grossProfit": "2507513000", "totalRevenue": "8939967000", "costOfRevenue": "6432454000", "costofGoodsAndServicesSold": "6432454000", "operatingIncome": "618961000", "sellingGeneralAndAdministrative": "1808860000", "researchAndDevelopment": "0", "operatingExpenses": "1873360000", "investmentIncomeNet": "None", "netInterestIncome": "None", "interestIncome": "None", "interestExpense": "30902000", "nonInterestIncome": "None", "otherNonOperatingIncome": "23187000", "depreciation": "None", "depreciationAndAmortization": "125322000", "incomeBeforeTax": "604188000", "incomeTaxExpense": "187858000", "interestAndDebtExpense": "None", "netIncomeFromContinuingOperations": "416330000", "comprehensiveIncomeNetOfTax": "None", "ebit": "635090000", "ebitda": "760412000", "netIncome": "388076000"}, {"fiscalDateEnding": "2011-12-31", "reportedCurrency": "USD", "grossProfit": "2418055000", "totalRevenue": "8530242000", "costOfRevenue": "6112187000", "costofGoodsAndServicesSold": "6112187000", "operatingIncome": "582149000", "sellingGeneralAndAdministrative": "1835906000", "researchAndDevelopment": "0", "operatingExpenses": "1835906000", "investmentIncomeNet": "None", "netInterestIncome": "None", "interestIncome": "None", "interestExpense": "30377000", "nonInterestIncome": "None", "otherNonOperatingIncome": "33096000", "depreciation": "None", "depreciationAndAmortization": "115896000", "incomeBeforeTax": "569307000", "incomeTaxExpense": "180212000", "interestAndDebtExpense": "None", "netIncomeFromContinuingOperations": "404656000", "comprehensiveIncomeNetOfTax": "None", "ebit": "599684000", "ebitda": "715580000", "netIncome": "367661000"}, {"fiscalDateEnding": "2010-12-31", "reportedCurrency": "USD", "grossProfit": "2170876000", "totalRevenue": "7526790000", "costOfRevenue": "5355914000", "costofGoodsAndServicesSold": "5355914000", "operatingIncome": "521131000", "sellingGeneralAndAdministrative": "1637000000", "researchAndDevelopment": "0", "operatingExpenses": "1637460000", "investmentIncomeNet": "None", "netInterestIncome": "None", "interestIncome": "None", "interestExpense": "33641000", "nonInterestIncome": "None", "otherNonOperatingIncome": "24710000", "depreciation": "None", "depreciationAndAmortization": "101214000", "incomeBeforeTax": "502035000", "incomeTaxExpense": "160069000", "interestAndDebtExpense": "None", "netIncomeFromContinuingOperations": "352131000", "comprehensiveIncomeNetOfTax": "None", "ebit": "535991000", "ebitda": "637205000", "netIncome": "325789000"}, {"fiscalDateEnding": "2009-12-31", "reportedCurrency": "USD", "grossProfit": "1916820000", "totalRevenue": "6538336000", "costOfRevenue": "4621516000", "costofGoodsAndServicesSold": "4621516000", "operatingIncome": "464085000", "sellingGeneralAndAdministrative": "1450000000", "researchAndDevelopment": "None", "operatingExpenses": "1449715000", "investmentIncomeNet": "None", "netInterestIncome": "None", "interestIncome": "None", "interestExpense": "23370000", "nonInterestIncome": "None", "otherNonOperatingIncome": "None", "depreciation": "None", "depreciationAndAmortization": "81493000", "incomeBeforeTax": "452720000", "incomeTaxExpense": "127521000", "interestAndDebtExpense": "None", "netIncomeFromContinuingOperations": "None", "comprehensiveIncomeNetOfTax": "None", "ebit": "476290000", "ebitda": "557783000", "netIncome": "311153000"}, {"fiscalDateEnding": "2008-12-31", "reportedCurrency": "USD", "grossProfit": "1884538000", "totalRevenue": "6394874000", "costOfRevenue": "4510336000", "costofGoodsAndServicesSold": "4510336000", "operatingIncome": "419603000", "sellingGeneralAndAdministrative": "1432000000", "researchAndDevelopment": "None", "operatingExpenses": "1441695000", "investmentIncomeNet": "None", "netInterestIncome": "None", "interestIncome": "None", "interestExpense": "29439000", "nonInterestIncome": "None", "otherNonOperatingIncome": "None", "depreciation": "None", "depreciationAndAmortization": "78127000", "incomeBeforeTax": "400815000", "incomeTaxExpense": "132924000", "interestAndDebtExpense": "None", "netIncomeFromContinuingOperations": "None", "comprehensiveIncomeNetOfTax": "None", "ebit": "430054000", "ebitda": "508181000", "netIncome": "243143000"}, {"fiscalDateEnding": "2007-12-31", "reportedCurrency": "USD", "grossProfit": "1718284000", "totalRevenue": "5920190000", "costOfRevenue": "4201906000", "costofGoodsAndServicesSold": "4201906000", "operatingIncome": "386259000", "sellingGeneralAndAdministrative": "1319000000", "researchAndDevelopment": "None", "operatingExpenses": "1332025000", "investmentIncomeNet": "None", "netInterestIncome": "None", "interestIncome": "None", "interestExpense": "36694000", "nonInterestIncome": "None", "otherNonOperatingIncome": "None", "depreciation": "None", "depreciationAndAmortization": "73936000", "incomeBeforeTax": "382243000", "incomeTaxExpense": "129762000", "interestAndDebtExpense": "None", "netIncomeFromContinuingOperations": "None", "comprehensiveIncomeNetOfTax": "None", "ebit": "407420000", "ebitda": "481356000", "netIncome": "215173000"}, {"fiscalDateEnding": "2006-12-31", "reportedCurrency": "USD", "grossProfit": "1480055000", "totalRevenue": "5153097000", "costOfRevenue": "3673042000", "costofGoodsAndServicesSold": "3673042000", "operatingIncome": "304897000", "sellingGeneralAndAdministrative": "1155000000", "researchAndDevelopment": "None", "operatingExpenses": "1175158000", "investmentIncomeNet": "None", "netInterestIncome": "None", "interestIncome": "None", "interestExpense": "33853000", "nonInterestIncome": "None", "otherNonOperatingIncome": "None", "depreciation": "None", "depreciationAndAmortization": "64930000", "incomeBeforeTax": "295602000", "incomeTaxExpense": "105220000", "interestAndDebtExpense": "None", "netIncomeFromContinuingOperations": "None", "comprehensiveIncomeNetOfTax": "None", "ebit": "304135000", "ebitda": "369065000", "netIncome": "163759000"}, {"fiscalDateEnding": "2005-12-31", "reportedCurrency": "USD", "grossProfit": "1316936000", "totalRevenue": "4635929000", "costOfRevenue": "3318993000", "costofGoodsAndServicesSold": "3318993000", "operatingIncome": "281088000", "sellingGeneralAndAdministrative": "1035848000", "researchAndDevelopment": "None", "operatingExpenses": "1035848000", "investmentIncomeNet": "None", "netInterestIncome": "None", "interestIncome": "None", "interestExpense": "31101000", "nonInterestIncome": "None", "otherNonOperatingIncome": "None", "depreciation": "None", "depreciationAndAmortization": "60345000", "incomeBeforeTax": "264554000", "incomeTaxExpense": "97002000", "interestAndDebtExpense": "None", "netIncomeFromContinuingOperations": "None", "comprehensiveIncomeNetOfTax": "None", "ebit": "262405000", "ebitda": "322750000", "netIncome": "151326000"}], "quarterlyReports": [{"fiscalDateEnding": "2024-12-31", "reportedCurrency": "USD", "grossProfit": "993000000", "totalRevenue": "3191000000", "costOfRevenue": "2198000000", "costofGoodsAndServicesSold": "2198000000", "operatingIncome": "155000000", "sellingGeneralAndAdministrative": "738000000", "researchAndDevelopment": "None", "operatingExpenses": "838000000", "investmentIncomeNet": "None", "netInterestIncome": "-29000000", "interestIncome": "6000000", "interestExpense": "35000000", "nonInterestIncome": "None", "otherNonOperatingIncome": "None", "depreciation": "None", "depreciationAndAmortization": "76000000", "incomeBeforeTax": "126000000", "incomeTaxExpense": "31000000", "interestAndDebtExpense": "None", "netIncomeFromContinuingOperations": "96000000", "comprehensiveIncomeNetOfTax": "None", "ebit": "161000000", "ebitda": "237000000", "netIncome": "94000000"}, {"fiscalDateEnding": "2024-09-30", "reportedCurrency": "USD", "grossProfit": "993000000", "totalRevenue": "3174000000", "costOfRevenue": "2181000000", "costofGoodsAndServicesSold": "2181000000", "operatingIncome": "157000000", "sellingGeneralAndAdministrative": "724000000", "researchAndDevelopment": "None", "operatingExpenses": "836000000", "investmentIncomeNet": "None", "netInterestIncome": "-27000000", "interestIncome": "7000000", "interestExpense": "34000000", "nonInterestIncome": "None", "otherNonOperatingIncome": "None", "depreciation": "None", "depreciationAndAmortization": "74000000", "incomeBeforeTax": "128000000", "incomeTaxExpense": "32000000", "interestAndDebtExpense": "None", "netIncomeFromContinuingOperations": "99000000", "comprehensiveIncomeNetOfTax": "None", "ebit": "162000000", "ebitda": "236000000", "netIncome": "99000000"}, {"fiscalDateEnding": "2024-06-30", "reportedCurrency": "USD", "grossProfit": "955000000", "totalRevenue": "3136000000", "costOfRevenue": "2181000000", "costofGoodsAndServicesSold": "2181000000", "operatingIncome": "174000000", "sellingGeneralAndAdministrative": "781000000", "researchAndDevelopment": "None", "operatingExpenses": "781000000", "investmentIncomeNet": "None", "netInterestIncome": "-26000000", "interestIncome": "6000000", "interestExpense": "32000000", "nonInterestIncome": "None", "otherNonOperatingIncome": "None", "depreciation": "None", "depreciationAndAmortization": "74000000", "incomeBeforeTax": "132000000", "incomeTaxExpense": "33000000", "interestAndDebtExpense": "None", "netIncomeFromContinuingOperations": "105000000", "comprehensiveIncomeNetOfTax": "None", "ebit": "178000000", "ebitda": "252000000", "netIncome": "104000000"}, {"fiscalDateEnding": "2024-03-31", "reportedCurrency": "USD", "grossProfit": "951000000", "totalRevenue": "3172000000", "costOfRevenue": "2221000000", "costofGoodsAndServicesSold": "2221000000", "operatingIncome": "160000000", "sellingGeneralAndAdministrative": "791000000", "researchAndDevelopment": "None", "operatingExpenses": "791000000", "investmentIncomeNet": "None", "netInterestIncome": "-25000000", "interestIncome": "5000000", "interestExpense": "30000000", "nonInterestIncome": "None", "otherNonOperatingIncome": "None", "depreciation": "None", "depreciationAndAmortization": "73000000", "incomeBeforeTax": "127000000", "incomeTaxExpense": "32000000", "interestAndDebtExpense": "None", "netIncomeFromContinuingOperations": "98000000", "comprehensiveIncomeNetOfTax": "None", "ebit": "182000000", "ebitda": "255000000", "netIncome": "93000000"}, {"fiscalDateEnding": "2023-12-31", "reportedCurrency": "USD", "grossProfit": "867000000", "totalRevenue": "3017000000", "costOfRevenue": "2150000000", "costofGoodsAndServicesSold": "2150000000", "operatingIncome": "60000000", "sellingGeneralAndAdministrative": "807000000", "researchAndDevelopment": "None", "operatingExpenses": "807000000", "investmentIncomeNet": "None", "netInterestIncome": "-24000000", "interestIncome": "5000000", "interestExpense": "29000000", "nonInterestIncome": "None", "otherNonOperatingIncome": "None", "depreciation": "None", "depreciationAndAmortization": "68000000", "incomeBeforeTax": "14000000", "incomeTaxExpense": "1000000", "interestAndDebtExpense": "None", "netIncomeFromContinuingOperations": "17000000", "comprehensiveIncomeNetOfTax": "None", "ebit": "42000000", "ebitda": "110000000", "netIncome": "18000000"}, {"fiscalDateEnding": "2023-09-30", "reportedCurrency": "USD", "grossProfit": "995000000", "totalRevenue": "3162000000", "costOfRevenue": "2167000000", "costofGoodsAndServicesSold": "2167000000", "operatingIncome": "200000000", "sellingGeneralAndAdministrative": "725000000", "researchAndDevelopment": "None", "operatingExpenses": "784000000", "investmentIncomeNet": "None", "netInterestIncome": "-19000000", "interestIncome": "6000000", "interestExpense": "25000000", "nonInterestIncome": "None", "otherNonOperatingIncome": "None", "depreciation": "None", "depreciationAndAmortization": "69000000", "incomeBeforeTax": "179000000", "incomeTaxExpense": "39000000", "interestAndDebtExpense": "None", "netIncomeFromContinuingOperations": "143000000", "comprehensiveIncomeNetOfTax": "None", "ebit": "211000000", "ebitda": "280000000", "netIncome": "137000000"}, {"fiscalDateEnding": "2023-06-30", "reportedCurrency": "USD", "grossProfit": "975000000", "totalRevenue": "3100000000", "costOfRevenue": "2125000000", "costofGoodsAndServicesSold": "2125000000", "operatingIncome": "201000000", "sellingGeneralAndAdministrative": "707000000", "researchAndDevelopment": "None", "operatingExpenses": "756000000", "investmentIncomeNet": "None", "netInterestIncome": "-16000000", "interestIncome": "3000000", "interestExpense": "19000000", "nonInterestIncome": "None", "otherNonOperatingIncome": "7000000", "depreciation": "None", "depreciationAndAmortization": "59000000", "incomeBeforeTax": "186000000", "incomeTaxExpense": "41000000", "interestAndDebtExpense": "None", "netIncomeFromContinuingOperations": "145000000", "comprehensiveIncomeNetOfTax": "None", "ebit": "225000000", "ebitda": "284000000", "netIncome": "140000000"}, {"fiscalDateEnding": "2023-03-31", "reportedCurrency": "USD", "grossProfit": "966000000", "totalRevenue": "3060000000", "costOfRevenue": "2094000000", "costofGoodsAndServicesSold": "2094000000", "operatingIncome": "175000000", "sellingGeneralAndAdministrative": "717000000", "researchAndDevelopment": "None", "operatingExpenses": "761000000", "investmentIncomeNet": "None", "netInterestIncome": "-11000000", "interestIncome": "3000000", "interestExpense": "14000000", "nonInterestIncome": "None", "otherNonOperatingIncome": "6000000", "depreciation": "None", "depreciationAndAmortization": "52000000", "incomeBeforeTax": "163000000", "incomeTaxExpense": "39000000", "interestAndDebtExpense": "None", "netIncomeFromContinuingOperations": "124000000", "comprehensiveIncomeNetOfTax": "None", "ebit": "212000000", "ebitda": "264000000", "netIncome": "121000000"}, {"fiscalDateEnding": "2022-12-31", "reportedCurrency": "USD", "grossProfit": "999000000", "totalRevenue": "3371000000", "costOfRevenue": "2372000000", "costofGoodsAndServicesSold": "2372000000", "operatingIncome": "72000000", "sellingGeneralAndAdministrative": "761000000", "researchAndDevelopment": "None", "operatingExpenses": "927000000", "investmentIncomeNet": "None", "netInterestIncome": "-9000000", "interestIncome": "8000000", "interestExpense": "17000000", "nonInterestIncome": "None", "otherNonOperatingIncome": "11000000", "depreciation": "None", "depreciationAndAmortization": "52000000", "incomeBeforeTax": "63000000", "incomeTaxExpense": "15000000", "interestAndDebtExpense": "None", "netIncomeFromContinuingOperations": "63000000", "comprehensiveIncomeNetOfTax": "None", "ebit": "80000000", "ebitda": "132000000", "netIncome": "47000000"}, {"fiscalDateEnding": "2022-09-30", "reportedCurrency": "USD", "grossProfit": "869000000", "totalRevenue": "3067000000", "costOfRevenue": "2198000000", "costofGoodsAndServicesSold": "2198000000", "operatingIncome": "221000000", "sellingGeneralAndAdministrative": "648000000", "researchAndDevelopment": "None", "operatingExpenses": "648000000", "investmentIncomeNet": "None", "netInterestIncome": "-7000000", "interestIncome": "4000000", "interestExpense": "8000000", "nonInterestIncome": "None", "otherNonOperatingIncome": "8000000", "depreciation": "None", "depreciationAndAmortization": "52000000", "incomeBeforeTax": "205000000", "incomeTaxExpense": "46000000", "interestAndDebtExpense": "None", "netIncomeFromContinuingOperations": "159000000", "comprehensiveIncomeNetOfTax": "None", "ebit": "221000000", "ebitda": "273000000", "netIncome": "150000000"}, {"fiscalDateEnding": "2022-06-30", "reportedCurrency": "USD", "grossProfit": "900000000", "totalRevenue": "3030000000", "costOfRevenue": "2130000000", "costofGoodsAndServicesSold": "2130000000", "operatingIncome": "220000000", "sellingGeneralAndAdministrative": "680000000", "researchAndDevelopment": "None", "operatingExpenses": "680000000", "investmentIncomeNet": "None", "netInterestIncome": "-6000000", "interestIncome": "3000000", "interestExpense": "8000000", "nonInterestIncome": "None", "otherNonOperatingIncome": "8000000", "depreciation": "None", "depreciationAndAmortization": "53000000", "incomeBeforeTax": "214000000", "incomeTaxExpense": "52000000", "interestAndDebtExpense": "None", "netIncomeFromContinuingOperations": "162000000", "comprehensiveIncomeNetOfTax": "None", "ebit": "220000000", "ebitda": "273000000", "netIncome": "160000000"}, {"fiscalDateEnding": "2022-03-31", "reportedCurrency": "USD", "grossProfit": "973000000", "totalRevenue": "3179000000", "costOfRevenue": "2206000000", "costofGoodsAndServicesSold": "2206000000", "operatingIncome": "244000000", "sellingGeneralAndAdministrative": "682000000", "researchAndDevelopment": "None", "operatingExpenses": "729000000", "investmentIncomeNet": "None", "netInterestIncome": "-5000000", "interestIncome": "2000000", "interestExpense": "7000000", "nonInterestIncome": "None", "otherNonOperatingIncome": "6000000", "depreciation": "None", "depreciationAndAmortization": "55000000", "incomeBeforeTax": "239000000", "incomeTaxExpense": "57000000", "interestAndDebtExpense": "None", "netIncomeFromContinuingOperations": "182000000", "comprehensiveIncomeNetOfTax": "None", "ebit": "246000000", "ebitda": "301000000", "netIncome": "181000000"}, {"fiscalDateEnding": "2021-12-31", "reportedCurrency": "USD", "grossProfit": "979504000", "totalRevenue": "3330522000", "costOfRevenue": "2351018000", "costofGoodsAndServicesSold": "2351018000", "operatingIncome": "200561000", "sellingGeneralAndAdministrative": "774364000", "researchAndDevelopment": "None", "operatingExpenses": "774364000", "investmentIncomeNet": "None", "netInterestIncome": "-6487000", "interestIncome": "1702000", "interestExpense": "8189000", "nonInterestIncome": "None", "otherNonOperatingIncome": "3136000", "depreciation": "None", "depreciationAndAmortization": "58695000", "incomeBeforeTax": "193049000", "incomeTaxExpense": "43361000", "interestAndDebtExpense": "None", "netIncomeFromContinuingOperations": "152147000", "comprehensiveIncomeNetOfTax": "None", "ebit": "201238000", "ebitda": "259933000", "netIncome": "147233000"}, {"fiscalDateEnding": "2021-09-30", "reportedCurrency": "USD", "grossProfit": "912145000", "totalRevenue": "3178315000", "costOfRevenue": "2266170000", "costofGoodsAndServicesSold": "2266170000", "operatingIncome": "210821000", "sellingGeneralAndAdministrative": "701499000", "researchAndDevelopment": "None", "operatingExpenses": "701499000", "investmentIncomeNet": "None", "netInterestIncome": "-5141000", "interestIncome": "1409000", "interestExpense": "6550000", "nonInterestIncome": "None", "otherNonOperatingIncome": "14479000", "depreciation": "None", "depreciationAndAmortization": "51555000", "incomeBeforeTax": "206083000", "incomeTaxExpense": "49276000", "interestAndDebtExpense": "None", "netIncomeFromContinuingOperations": "169474000", "comprehensiveIncomeNetOfTax": "None", "ebit": "212633000", "ebitda": "264188000", "netIncome": "162000000"}, {"fiscalDateEnding": "2021-06-30", "reportedCurrency": "USD", "grossProfit": "889751000", "totalRevenue": "2967223000", "costOfRevenue": "2077472000", "costofGoodsAndServicesSold": "2077472000", "operatingIncome": "210346000", "sellingGeneralAndAdministrative": "678801000", "researchAndDevelopment": "None", "operatingExpenses": "678801000", "investmentIncomeNet": "None", "netInterestIncome": "-5019000", "interestIncome": "1357000", "interestExpense": "6376000", "nonInterestIncome": "None", "otherNonOperatingIncome": "8034000", "depreciation": "None", "depreciationAndAmortization": "49915000", "incomeBeforeTax": "205681000", "incomeTaxExpense": "48027000", "interestAndDebtExpense": "None", "netIncomeFromContinuingOperations": "163977000", "comprehensiveIncomeNetOfTax": "None", "ebit": "212057000", "ebitda": "261972000", "netIncome": "156000000"}, {"fiscalDateEnding": "2021-03-31", "reportedCurrency": "USD", "grossProfit": "890851000", "totalRevenue": "2924961000", "costOfRevenue": "2034110000", "costofGoodsAndServicesSold": "2034110000", "operatingIncome": "229928000", "sellingGeneralAndAdministrative": "657992000", "researchAndDevelopment": "None", "operatingExpenses": "657992000", "investmentIncomeNet": "None", "netInterestIncome": "-4502000", "interestIncome": "1983000", "interestExpense": "6485000", "nonInterestIncome": "None", "otherNonOperatingIncome": "8170000", "depreciation": "None", "depreciationAndAmortization": "49363000", "incomeBeforeTax": "225735000", "incomeTaxExpense": "56685000", "interestAndDebtExpense": "None", "netIncomeFromContinuingOperations": "174928000", "comprehensiveIncomeNetOfTax": "None", "ebit": "232220000", "ebitda": "281583000", "netIncome": "166000000"}, {"fiscalDateEnding": "2020-12-31", "reportedCurrency": "USD", "grossProfit": "859711000", "totalRevenue": "3165725000", "costOfRevenue": "2306014000", "costofGoodsAndServicesSold": "2306014000", "operatingIncome": "181200000", "sellingGeneralAndAdministrative": "594931000", "researchAndDevelopment": "None", "operatingExpenses": "674131000", "investmentIncomeNet": "None", "netInterestIncome": "-9607000", "interestIncome": "2361000", "interestExpense": "11968000", "nonInterestIncome": "None", "otherNonOperatingIncome": "6806000", "depreciation": "None", "depreciationAndAmortization": "44874000", "incomeBeforeTax": "169930000", "incomeTaxExpense": "29409000", "interestAndDebtExpense": "None", "netIncomeFromContinuingOperations": "146629000", "comprehensiveIncomeNetOfTax": "None", "ebit": "184047000", "ebitda": "228921000", "netIncome": "142633000"}, {"fiscalDateEnding": "2020-09-30", "reportedCurrency": "USD", "grossProfit": "754299000", "totalRevenue": "2840146000", "costOfRevenue": "2085847000", "costofGoodsAndServicesSold": "2085847000", "operatingIncome": "187671000", "sellingGeneralAndAdministrative": "559636000", "researchAndDevelopment": "None", "operatingExpenses": "559636000", "investmentIncomeNet": "None", "netInterestIncome": "-8817000", "interestIncome": "2294000", "interestExpense": "11111000", "nonInterestIncome": "None", "otherNonOperatingIncome": "4258000", "depreciation": "None", "depreciationAndAmortization": "44569000", "incomeBeforeTax": "177155000", "incomeTaxExpense": "29005000", "interestAndDebtExpense": "None", "netIncomeFromContinuingOperations": "151813000", "comprehensiveIncomeNetOfTax": "None", "ebit": "194663000", "ebitda": "239232000", "netIncome": "141697000"}, {"fiscalDateEnding": "2020-06-30", "reportedCurrency": "USD", "grossProfit": "454294000", "totalRevenue": "1684399000", "costOfRevenue": "1230105000", "costofGoodsAndServicesSold": "1230105000", "operatingIncome": "-7433000", "sellingGeneralAndAdministrative": "445793000", "researchAndDevelopment": "None", "operatingExpenses": "445793000", "investmentIncomeNet": "None", "netInterestIncome": "-8489000", "interestIncome": "1997000", "interestExpense": "10486000", "nonInterestIncome": "None", "otherNonOperatingIncome": "3117000", "depreciation": "None", "depreciationAndAmortization": "46963000", "incomeBeforeTax": "-16213000", "incomeTaxExpense": "-950000", "interestAndDebtExpense": "None", "netIncomeFromContinuingOperations": "-13852000", "comprehensiveIncomeNetOfTax": "None", "ebit": "-5578000", "ebitda": "41385000", "netIncome": "-10797000"}, {"fiscalDateEnding": "2020-03-31", "reportedCurrency": "USD", "grossProfit": "746039000", "totalRevenue": "2428871000", "costOfRevenue": "1682832000", "costofGoodsAndServicesSold": "1682832000", "operatingIncome": "173865000", "sellingGeneralAndAdministrative": "567387000", "researchAndDevelopment": "None", "operatingExpenses": "567387000", "investmentIncomeNet": "None", "netInterestIncome": "-4622000", "interestIncome": "3190000", "interestExpense": "7812000", "nonInterestIncome": "None", "otherNonOperatingIncome": "5704000", "depreciation": "None", "depreciationAndAmortization": "46983000", "incomeBeforeTax": "169023000", "incomeTaxExpense": "37910000", "interestAndDebtExpense": "None", "netIncomeFromContinuingOperations": "133847000", "comprehensiveIncomeNetOfTax": "None", "ebit": "178652000", "ebitda": "225635000", "netIncome": "130261000"}, {"fiscalDateEnding": "2019-12-31", "reportedCurrency": "USD", "grossProfit": "810598000", "totalRevenue": "2668941000", "costOfRevenue": "1858343000", "costofGoodsAndServicesSold": "1858343000", "operatingIncome": "196334000", "sellingGeneralAndAdministrative": "541523000", "researchAndDevelopment": "None", "operatingExpenses": "615323000", "investmentIncomeNet": "None", "netInterestIncome": "-5944000", "interestIncome": "3389000", "interestExpense": "9333000", "nonInterestIncome": "None", "otherNonOperatingIncome": "192380000", "depreciation": "None", "depreciationAndAmortization": "48732000", "incomeBeforeTax": "189483000", "incomeTaxExpense": "42189000", "interestAndDebtExpense": "None", "netIncomeFromContinuingOperations": "337192000", "comprehensiveIncomeNetOfTax": "None", "ebit": "195275000", "ebitda": "244007000", "netIncome": "329862000"}, {"fiscalDateEnding": "2019-09-30", "reportedCurrency": "USD", "grossProfit": "761167000", "totalRevenue": "2508767000", "costOfRevenue": "1747600000", "costofGoodsAndServicesSold": "1747600000", "operatingIncome": "187198000", "sellingGeneralAndAdministrative": "574771000", "researchAndDevelopment": "None", "operatingExpenses": "574771000", "investmentIncomeNet": "None", "netInterestIncome": "-8430000", "interestIncome": "3943000", "interestExpense": "12373000", "nonInterestIncome": "None", "otherNonOperatingIncome": "10351000", "depreciation": "None", "depreciationAndAmortization": "46855000", "incomeBeforeTax": "178591000", "incomeTaxExpense": "41964000", "interestAndDebtExpense": "None", "netIncomeFromContinuingOperations": "143212000", "comprehensiveIncomeNetOfTax": "None", "ebit": "186396000", "ebitda": "233251000", "netIncome": "140557000"}, {"fiscalDateEnding": "2019-06-30", "reportedCurrency": "USD", "grossProfit": "767431000", "totalRevenue": "2447827000", "costOfRevenue": "1680396000", "costofGoodsAndServicesSold": "1680396000", "operatingIncome": "162288000", "sellingGeneralAndAdministrative": "593218000", "researchAndDevelopment": "None", "operatingExpenses": "593218000", "investmentIncomeNet": "None", "netInterestIncome": "-9131000", "interestIncome": "3654000", "interestExpense": "12785000", "nonInterestIncome": "None", "otherNonOperatingIncome": "7794000", "depreciation": "None", "depreciationAndAmortization": "49055000", "incomeBeforeTax": "151741000", "incomeTaxExpense": "35880000", "interestAndDebtExpense": "None", "netIncomeFromContinuingOperations": "121417000", "comprehensiveIncomeNetOfTax": "None", "ebit": "174213000", "ebitda": "223268000", "netIncome": "114532000"}, {"fiscalDateEnding": "2019-03-31", "reportedCurrency": "USD", "grossProfit": "751690000", "totalRevenue": "2360268000", "costOfRevenue": "1608578000", "costofGoodsAndServicesSold": "1608578000", "operatingIncome": "172441000", "sellingGeneralAndAdministrative": "574608000", "researchAndDevelopment": "None", "operatingExpenses": "574608000", "investmentIncomeNet": "None", "netInterestIncome": "-11530000", "interestIncome": "4771000", "interestExpense": "16301000", "nonInterestIncome": "None", "otherNonOperatingIncome": "6982000", "depreciation": "None", "depreciationAndAmortization": "40300000", "incomeBeforeTax": "160492000", "incomeTaxExpense": "39482000", "interestAndDebtExpense": "None", "netIncomeFromContinuingOperations": "123640000", "comprehensiveIncomeNetOfTax": "None", "ebit": "177082000", "ebitda": "217382000", "netIncome": "109783000"}, {"fiscalDateEnding": "2018-12-31", "reportedCurrency": "USD", "grossProfit": "909860000", "totalRevenue": "3375202000", "costOfRevenue": "2465342000", "costofGoodsAndServicesSold": "2465342000", "operatingIncome": "179635000", "sellingGeneralAndAdministrative": "604138000", "researchAndDevelopment": "0", "operatingExpenses": "674738000", "investmentIncomeNet": "None", "netInterestIncome": "None", "interestIncome": "None", "interestExpense": "22320000", "nonInterestIncome": "None", "otherNonOperatingIncome": "13103000", "depreciation": "None", "depreciationAndAmortization": "52471000", "incomeBeforeTax": "163770000", "incomeTaxExpense": "31408000", "interestAndDebtExpense": "None", "netIncomeFromContinuingOperations": "132362000", "comprehensiveIncomeNetOfTax": "None", "ebit": "186090000", "ebitda": "238561000", "netIncome": "132973000"}, {"fiscalDateEnding": "2018-09-30", "reportedCurrency": "USD", "grossProfit": "888560000", "totalRevenue": "3279678000", "costOfRevenue": "2391118000", "costofGoodsAndServicesSold": "2391118000", "operatingIncome": "165926000", "sellingGeneralAndAdministrative": "673439000", "researchAndDevelopment": "0", "operatingExpenses": "668011000", "investmentIncomeNet": "None", "netInterestIncome": "None", "interestIncome": "None", "interestExpense": "21045000", "nonInterestIncome": "None", "otherNonOperatingIncome": "11496000", "depreciation": "None", "depreciationAndAmortization": "51511000", "incomeBeforeTax": "149698000", "incomeTaxExpense": "29401000", "interestAndDebtExpense": "None", "netIncomeFromContinuingOperations": "120297000", "comprehensiveIncomeNetOfTax": "None", "ebit": "170743000", "ebitda": "222254000", "netIncome": "121478000"}, {"fiscalDateEnding": "2018-06-30", "reportedCurrency": "USD", "grossProfit": "901072000", "totalRevenue": "3326676000", "costOfRevenue": "2425604000", "costofGoodsAndServicesSold": "2425604000", "operatingIncome": "201349000", "sellingGeneralAndAdministrative": "685688000", "researchAndDevelopment": "0", "operatingExpenses": "677216000", "investmentIncomeNet": "None", "netInterestIncome": "None", "interestIncome": "None", "interestExpense": "17883000", "nonInterestIncome": "None", "otherNonOperatingIncome": "10962000", "depreciation": "None", "depreciationAndAmortization": "51493000", "incomeBeforeTax": "188456000", "incomeTaxExpense": "46919000", "interestAndDebtExpense": "None", "netIncomeFromContinuingOperations": "141537000", "comprehensiveIncomeNetOfTax": "None", "ebit": "206339000", "ebitda": "257832000", "netIncome": "141212000"}, {"fiscalDateEnding": "2018-03-31", "reportedCurrency": "USD", "grossProfit": "901072000", "totalRevenue": "3326676000", "costOfRevenue": "2425604000", "costofGoodsAndServicesSold": "2425604000", "operatingIncome": "201349000", "sellingGeneralAndAdministrative": "659765000", "researchAndDevelopment": "None", "operatingExpenses": "677216000", "investmentIncomeNet": "None", "netInterestIncome": "None", "interestIncome": "None", "interestExpense": "17883000", "nonInterestIncome": "None", "otherNonOperatingIncome": "7791000", "depreciation": "None", "depreciationAndAmortization": "51493000", "incomeBeforeTax": "188456000", "incomeTaxExpense": "46919000", "interestAndDebtExpense": "None", "netIncomeFromContinuingOperations": "145660000", "comprehensiveIncomeNetOfTax": "None", "ebit": "228846000", "ebitda": "280339000", "netIncome": "141212000"}, {"fiscalDateEnding": "2017-12-31", "reportedCurrency": "USD", "grossProfit": "895592000", "totalRevenue": "3220439000", "costOfRevenue": "2324847000", "costofGoodsAndServicesSold": "2324847000", "operatingIncome": "206142000", "sellingGeneralAndAdministrative": "566465000", "researchAndDevelopment": "0", "operatingExpenses": "685688000", "investmentIncomeNet": "None", "netInterestIncome": "None", "interestIncome": "None", "interestExpense": "17538000", "nonInterestIncome": "None", "otherNonOperatingIncome": "-9853000", "depreciation": "None", "depreciationAndAmortization": "52085000", "incomeBeforeTax": "193424000", "incomeTaxExpense": "47764000", "interestAndDebtExpense": "None", "netIncomeFromContinuingOperations": "21803000", "comprehensiveIncomeNetOfTax": "None", "ebit": "210962000", "ebitda": "263047000", "netIncome": "140218000"}, {"fiscalDateEnding": "2017-09-30", "reportedCurrency": "USD", "grossProfit": "836054000", "totalRevenue": "3161083000", "costOfRevenue": "2325029000", "costofGoodsAndServicesSold": "2325029000", "operatingIncome": "213548000", "sellingGeneralAndAdministrative": "628511000", "researchAndDevelopment": "0", "operatingExpenses": "622506000", "investmentIncomeNet": "None", "netInterestIncome": "None", "interestIncome": "None", "interestExpense": "13428000", "nonInterestIncome": "None", "otherNonOperatingIncome": "10168000", "depreciation": "None", "depreciationAndAmortization": "48740000", "incomeBeforeTax": "204719000", "incomeTaxExpense": "59340000", "interestAndDebtExpense": "None", "netIncomeFromContinuingOperations": "145379000", "comprehensiveIncomeNetOfTax": "None", "ebit": "218147000", "ebitda": "266887000", "netIncome": "138031000"}, {"fiscalDateEnding": "2017-06-30", "reportedCurrency": "USD", "grossProfit": "839173000", "totalRevenue": "3059458000", "costOfRevenue": "2220285000", "costofGoodsAndServicesSold": "2220285000", "operatingIncome": "210662000", "sellingGeneralAndAdministrative": "628952000", "researchAndDevelopment": "None", "operatingExpenses": "628511000", "investmentIncomeNet": "None", "netInterestIncome": "None", "interestIncome": "None", "interestExpense": "12198000", "nonInterestIncome": "None", "otherNonOperatingIncome": "9424000", "depreciation": "None", "depreciationAndAmortization": "47789000", "incomeBeforeTax": "203299000", "incomeTaxExpense": "58306000", "interestAndDebtExpense": "None", "netIncomeFromContinuingOperations": "144993000", "comprehensiveIncomeNetOfTax": "None", "ebit": "215497000", "ebitda": "263286000", "netIncome": "136055000"}, {"fiscalDateEnding": "2017-03-31", "reportedCurrency": "USD", "grossProfit": "822920000", "totalRevenue": "2922948000", "costOfRevenue": "2100028000", "costofGoodsAndServicesSold": "2100028000", "operatingIncome": "193968000", "sellingGeneralAndAdministrative": "629000000", "researchAndDevelopment": "None", "operatingExpenses": "628952000", "investmentIncomeNet": "None", "netInterestIncome": "None", "interestIncome": "None", "interestExpense": "11430000", "nonInterestIncome": "None", "otherNonOperatingIncome": "6345000", "depreciation": "None", "depreciationAndAmortization": "44749000", "incomeBeforeTax": "186797000", "incomeTaxExpense": "38630000", "interestAndDebtExpense": "None", "netIncomeFromContinuingOperations": "148167000", "comprehensiveIncomeNetOfTax": "None", "ebit": "198227000", "ebitda": "242976000", "netIncome": "140748000"}, {"fiscalDateEnding": "2016-12-31", "reportedCurrency": "USD", "grossProfit": "861857000", "totalRevenue": "3120934000", "costOfRevenue": "2259077000", "costofGoodsAndServicesSold": "2259077000", "operatingIncome": "213982000", "sellingGeneralAndAdministrative": "547695000", "researchAndDevelopment": "0", "operatingExpenses": "631795000", "investmentIncomeNet": "None", "netInterestIncome": "None", "interestIncome": "None", "interestExpense": "9911000", "nonInterestIncome": "None", "otherNonOperatingIncome": "8261000", "depreciation": "None", "depreciationAndAmortization": "43951000", "incomeBeforeTax": "206974000", "incomeTaxExpense": "58859000", "interestAndDebtExpense": "None", "netIncomeFromContinuingOperations": "148115000", "comprehensiveIncomeNetOfTax": "None", "ebit": "230062000", "ebitda": "274013000", "netIncome": "139216000"}, {"fiscalDateEnding": "2016-09-30", "reportedCurrency": "USD", "grossProfit": "789491000", "totalRevenue": "2865148000", "costOfRevenue": "2075657000", "costofGoodsAndServicesSold": "2075657000", "operatingIncome": "200721000", "sellingGeneralAndAdministrative": "599053000", "researchAndDevelopment": "0", "operatingExpenses": "583400000", "investmentIncomeNet": "None", "netInterestIncome": "None", "interestIncome": "None", "interestExpense": "7488000", "nonInterestIncome": "None", "otherNonOperatingIncome": "8659000", "depreciation": "None", "depreciationAndAmortization": "42431000", "incomeBeforeTax": "196175000", "incomeTaxExpense": "56601000", "interestAndDebtExpense": "None", "netIncomeFromContinuingOperations": "139574000", "comprehensiveIncomeNetOfTax": "None", "ebit": "206091000", "ebitda": "248522000", "netIncome": "133713000"}, {"fiscalDateEnding": "2016-06-30", "reportedCurrency": "USD", "grossProfit": "803316000", "totalRevenue": "2872630000", "costOfRevenue": "2069314000", "costofGoodsAndServicesSold": "2069314000", "operatingIncome": "180677000", "sellingGeneralAndAdministrative": "600400000", "researchAndDevelopment": "None", "operatingExpenses": "602256000", "investmentIncomeNet": "None", "netInterestIncome": "None", "interestIncome": "None", "interestExpense": "7367000", "nonInterestIncome": "None", "otherNonOperatingIncome": "8753000", "depreciation": "None", "depreciationAndAmortization": "42431000", "incomeBeforeTax": "177134000", "incomeTaxExpense": "48965000", "interestAndDebtExpense": "None", "netIncomeFromContinuingOperations": "128169000", "comprehensiveIncomeNetOfTax": "None", "ebit": "201060000", "ebitda": "243491000", "netIncome": "120097000"}, {"fiscalDateEnding": "2016-03-31", "reportedCurrency": "USD", "grossProfit": "779305000", "totalRevenue": "2712956000", "costOfRevenue": "1933651000", "costofGoodsAndServicesSold": "1933651000", "operatingIncome": "176194000", "sellingGeneralAndAdministrative": "597600000", "researchAndDevelopment": "0", "operatingExpenses": "599053000", "investmentIncomeNet": "None", "netInterestIncome": "None", "interestIncome": "None", "interestExpense": "7127000", "nonInterestIncome": "None", "otherNonOperatingIncome": "8999000", "depreciation": "None", "depreciationAndAmortization": "40967000", "incomeBeforeTax": "175552000", "incomeTaxExpense": "53533000", "interestAndDebtExpense": "None", "netIncomeFromContinuingOperations": "122019000", "comprehensiveIncomeNetOfTax": "None", "ebit": "180252000", "ebitda": "221219000", "netIncome": "113752000"}, {"fiscalDateEnding": "2015-12-31", "reportedCurrency": "USD", "grossProfit": "799278000", "totalRevenue": "2850918000", "costOfRevenue": "2051640000", "costofGoodsAndServicesSold": "2051640000", "operatingIncome": "200693000", "sellingGeneralAndAdministrative": "507476000", "researchAndDevelopment": "0", "operatingExpenses": "586176000", "investmentIncomeNet": "None", "netInterestIncome": "None", "interestIncome": "None", "interestExpense": "7158000", "nonInterestIncome": "None", "otherNonOperatingIncome": "6556000", "depreciation": "None", "depreciationAndAmortization": "40236000", "incomeBeforeTax": "196822000", "incomeTaxExpense": "59248000", "interestAndDebtExpense": "None", "netIncomeFromContinuingOperations": "137574000", "comprehensiveIncomeNetOfTax": "None", "ebit": "213102000", "ebitda": "253338000", "netIncome": "129948000"}, {"fiscalDateEnding": "2015-09-30", "reportedCurrency": "USD", "grossProfit": "748908000", "totalRevenue": "2685835000", "costOfRevenue": "1936927000", "costofGoodsAndServicesSold": "1936927000", "operatingIncome": "188882000", "sellingGeneralAndAdministrative": "551600000", "researchAndDevelopment": "0", "operatingExpenses": "551588000", "investmentIncomeNet": "None", "netInterestIncome": "None", "interestIncome": "None", "interestExpense": "6297000", "nonInterestIncome": "None", "otherNonOperatingIncome": "8043000", "depreciation": "None", "depreciationAndAmortization": "42716000", "incomeBeforeTax": "185437000", "incomeTaxExpense": "49232000", "interestAndDebtExpense": "None", "netIncomeFromContinuingOperations": "136205000", "comprehensiveIncomeNetOfTax": "None", "ebit": "197320000", "ebitda": "240036000", "netIncome": "127735000"}, {"fiscalDateEnding": "2015-06-30", "reportedCurrency": "USD", "grossProfit": "750678000", "totalRevenue": "2629320000", "costOfRevenue": "1878642000", "costofGoodsAndServicesSold": "1878642000", "operatingIncome": "183030000", "sellingGeneralAndAdministrative": "560400000", "researchAndDevelopment": "0", "operatingExpenses": "560426000", "investmentIncomeNet": "None", "netInterestIncome": "None", "interestIncome": "None", "interestExpense": "6290000", "nonInterestIncome": "None", "otherNonOperatingIncome": "6652000", "depreciation": "None", "depreciationAndAmortization": "39026000", "incomeBeforeTax": "179820000", "incomeTaxExpense": "53784000", "interestAndDebtExpense": "None", "netIncomeFromContinuingOperations": "126036000", "comprehensiveIncomeNetOfTax": "None", "ebit": "190252000", "ebitda": "229278000", "netIncome": "117928000"}, {"fiscalDateEnding": "2015-03-31", "reportedCurrency": "USD", "grossProfit": "713395000", "totalRevenue": "2463646000", "costOfRevenue": "1750251000", "costofGoodsAndServicesSold": "1750251000", "operatingIncome": "161367000", "sellingGeneralAndAdministrative": "545200000", "researchAndDevelopment": "0", "operatingExpenses": "545166000", "investmentIncomeNet": "None", "netInterestIncome": "None", "interestIncome": "None", "interestExpense": "6263000", "nonInterestIncome": "None", "otherNonOperatingIncome": "5603000", "depreciation": "None", "depreciationAndAmortization": "37149000", "incomeBeforeTax": "158679000", "incomeTaxExpense": "49127000", "interestAndDebtExpense": "None", "netIncomeFromContinuingOperations": "109552000", "comprehensiveIncomeNetOfTax": "None", "ebit": "168229000", "ebitda": "205378000", "netIncome": "103447000"}, {"fiscalDateEnding": "2014-12-31", "reportedCurrency": "USD", "grossProfit": "764464000", "totalRevenue": "2702096000", "costOfRevenue": "1937632000", "costofGoodsAndServicesSold": "1937632000", "operatingIncome": "202942000", "sellingGeneralAndAdministrative": "561500000", "researchAndDevelopment": "0", "operatingExpenses": "561522000", "investmentIncomeNet": "None", "netInterestIncome": "None", "interestIncome": "None", "interestExpense": "6849000", "nonInterestIncome": "None", "otherNonOperatingIncome": "7225000", "depreciation": "None", "depreciationAndAmortization": "39570000", "incomeBeforeTax": "199869000", "incomeTaxExpense": "59363000", "interestAndDebtExpense": "None", "netIncomeFromContinuingOperations": "140506000", "comprehensiveIncomeNetOfTax": "None", "ebit": "202942000", "ebitda": "242512000", "netIncome": "132966000"}, {"fiscalDateEnding": "2014-09-30", "reportedCurrency": "USD", "grossProfit": "721666000", "totalRevenue": "2623729000", "costOfRevenue": "1902063000", "costofGoodsAndServicesSold": "1902063000", "operatingIncome": "174088000", "sellingGeneralAndAdministrative": "547600000", "researchAndDevelopment": "0", "operatingExpenses": "547578000", "investmentIncomeNet": "None", "netInterestIncome": "None", "interestIncome": "None", "interestExpense": "6280000", "nonInterestIncome": "None", "otherNonOperatingIncome": "7730000", "depreciation": "None", "depreciationAndAmortization": "39179000", "incomeBeforeTax": "170776000", "incomeTaxExpense": "51302000", "interestAndDebtExpense": "None", "netIncomeFromContinuingOperations": "119474000", "comprehensiveIncomeNetOfTax": "None", "ebit": "174088000", "ebitda": "213267000", "netIncome": "114776000"}, {"fiscalDateEnding": "2014-06-30", "reportedCurrency": "USD", "grossProfit": "728472000", "totalRevenue": "2615406000", "costOfRevenue": "1886934000", "costofGoodsAndServicesSold": "1886934000", "operatingIncome": "180844000", "sellingGeneralAndAdministrative": "547600000", "researchAndDevelopment": "0", "operatingExpenses": "547628000", "investmentIncomeNet": "None", "netInterestIncome": "None", "interestIncome": "None", "interestExpense": "5670000", "nonInterestIncome": "None", "otherNonOperatingIncome": "7265000", "depreciation": "None", "depreciationAndAmortization": "37353000", "incomeBeforeTax": "179622000", "incomeTaxExpense": "55322000", "interestAndDebtExpense": "None", "netIncomeFromContinuingOperations": "124300000", "comprehensiveIncomeNetOfTax": "None", "ebit": "180844000", "ebitda": "218197000", "netIncome": "116236000"}, {"fiscalDateEnding": "2014-03-31", "reportedCurrency": "USD", "grossProfit": "696713000", "totalRevenue": "2430159000", "costOfRevenue": "1733446000", "costofGoodsAndServicesSold": "1733446000", "operatingIncome": "157268000", "sellingGeneralAndAdministrative": "539400000", "researchAndDevelopment": "0", "operatingExpenses": "539445000", "investmentIncomeNet": "None", "netInterestIncome": "None", "interestIncome": "None", "interestExpense": "5258000", "nonInterestIncome": "None", "otherNonOperatingIncome": "7741000", "depreciation": "None", "depreciationAndAmortization": "36136000", "incomeBeforeTax": "159045000", "incomeTaxExpense": "49623000", "interestAndDebtExpense": "None", "netIncomeFromContinuingOperations": "109422000", "comprehensiveIncomeNetOfTax": "None", "ebit": "157268000", "ebitda": "193404000", "netIncome": "102099000"}, {"fiscalDateEnding": "2013-12-31", "reportedCurrency": "USD", "grossProfit": "699520000", "totalRevenue": "2526370000", "costOfRevenue": "1826850000", "costofGoodsAndServicesSold": "1826850000", "operatingIncome": "186883000", "sellingGeneralAndAdministrative": "443537000", "researchAndDevelopment": "0", "operatingExpenses": "512637000", "investmentIncomeNet": "None", "netInterestIncome": "None", "interestIncome": "None", "interestExpense": "4870000", "nonInterestIncome": "None", "otherNonOperatingIncome": "8560000", "depreciation": "None", "depreciationAndAmortization": "31954000", "incomeBeforeTax": "186588000", "incomeTaxExpense": "55604000", "interestAndDebtExpense": "None", "netIncomeFromContinuingOperations": "130984000", "comprehensiveIncomeNetOfTax": "None", "ebit": "186883000", "ebitda": "218837000", "netIncome": "124268000"}, {"fiscalDateEnding": "2013-09-30", "reportedCurrency": "USD", "grossProfit": "639647000", "totalRevenue": "2348956000", "costOfRevenue": "1709309000", "costofGoodsAndServicesSold": "1709309000", "operatingIncome": "160477000", "sellingGeneralAndAdministrative": "479200000", "researchAndDevelopment": "0", "operatingExpenses": "479170000", "investmentIncomeNet": "None", "netInterestIncome": "None", "interestIncome": "None", "interestExpense": "5051000", "nonInterestIncome": "None", "otherNonOperatingIncome": "-4394000", "depreciation": "None", "depreciationAndAmortization": "31845000", "incomeBeforeTax": "159925000", "incomeTaxExpense": "34660000", "interestAndDebtExpense": "None", "netIncomeFromContinuingOperations": "125265000", "comprehensiveIncomeNetOfTax": "None", "ebit": "160477000", "ebitda": "192322000", "netIncome": "107378000"}, {"fiscalDateEnding": "2013-06-30", "reportedCurrency": "USD", "grossProfit": "669856000", "totalRevenue": "2391810000", "costOfRevenue": "1721954000", "costofGoodsAndServicesSold": "1721954000", "operatingIncome": "176065000", "sellingGeneralAndAdministrative": "493800000", "researchAndDevelopment": "0", "operatingExpenses": "493791000", "investmentIncomeNet": "None", "netInterestIncome": "None", "interestIncome": "None", "interestExpense": "4890000", "nonInterestIncome": "None", "otherNonOperatingIncome": "5035000", "depreciation": "None", "depreciationAndAmortization": "31843000", "incomeBeforeTax": "174444000", "incomeTaxExpense": "54775000", "interestAndDebtExpense": "None", "netIncomeFromContinuingOperations": "119669000", "comprehensiveIncomeNetOfTax": "None", "ebit": "179334000", "ebitda": "211177000", "netIncome": "108430000"}, {"fiscalDateEnding": "2013-03-31", "reportedCurrency": "USD", "grossProfit": "646991000", "totalRevenue": "2293511000", "costOfRevenue": "1646520000", "costofGoodsAndServicesSold": "1646520000", "operatingIncome": "153629000", "sellingGeneralAndAdministrative": "493400000", "researchAndDevelopment": "0", "operatingExpenses": "493362000", "investmentIncomeNet": "None", "netInterestIncome": "None", "interestIncome": "None", "interestExpense": "12727000", "nonInterestIncome": "None", "otherNonOperatingIncome": "3636000", "depreciation": "None", "depreciationAndAmortization": "32393000", "incomeBeforeTax": "143737000", "incomeTaxExpense": "45852000", "interestAndDebtExpense": "None", "netIncomeFromContinuingOperations": "97885000", "comprehensiveIncomeNetOfTax": "None", "ebit": "156464000", "ebitda": "188857000", "netIncome": "91478000"}, {"fiscalDateEnding": "2012-12-31", "reportedCurrency": "USD", "grossProfit": "663495000", "totalRevenue": "2408438000", "costOfRevenue": "1744943000", "costofGoodsAndServicesSold": "1744943000", "operatingIncome": "181342000", "sellingGeneralAndAdministrative": "482200000", "researchAndDevelopment": "0", "operatingExpenses": "482153000", "investmentIncomeNet": "None", "netInterestIncome": "None", "interestIncome": "None", "interestExpense": "8243000", "nonInterestIncome": "None", "otherNonOperatingIncome": "2724000", "depreciation": "None", "depreciationAndAmortization": "33333000", "incomeBeforeTax": "176663000", "incomeTaxExpense": "54108000", "interestAndDebtExpense": "None", "netIncomeFromContinuingOperations": "122555000", "comprehensiveIncomeNetOfTax": "None", "ebit": "184906000", "ebitda": "218239000", "netIncome": "112467000"}, {"fiscalDateEnding": "2012-09-30", "reportedCurrency": "USD", "grossProfit": "609044000", "totalRevenue": "2231058000", "costOfRevenue": "1622014000", "costofGoodsAndServicesSold": "1622014000", "operatingIncome": "149622000", "sellingGeneralAndAdministrative": "459400000", "researchAndDevelopment": "0", "operatingExpenses": "459422000", "investmentIncomeNet": "None", "netInterestIncome": "None", "interestIncome": "None", "interestExpense": "7308000", "nonInterestIncome": "None", "otherNonOperatingIncome": "7705000", "depreciation": "None", "depreciationAndAmortization": "30600000", "incomeBeforeTax": "146585000", "incomeTaxExpense": "44709000", "interestAndDebtExpense": "None", "netIncomeFromContinuingOperations": "101876000", "comprehensiveIncomeNetOfTax": "None", "ebit": "153893000", "ebitda": "184493000", "netIncome": "96771000"}, {"fiscalDateEnding": "2012-06-30", "reportedCurrency": "USD", "grossProfit": "624395000", "totalRevenue": "2201452000", "costOfRevenue": "1577057000", "costofGoodsAndServicesSold": "1577057000", "operatingIncome": "154702000", "sellingGeneralAndAdministrative": "466333000", "researchAndDevelopment": "0", "operatingExpenses": "466333000", "investmentIncomeNet": "None", "netInterestIncome": "None", "interestIncome": "None", "interestExpense": "7711000", "nonInterestIncome": "None", "otherNonOperatingIncome": "7512000", "depreciation": "None", "depreciationAndAmortization": "30969000", "incomeBeforeTax": "151430000", "incomeTaxExpense": "47201000", "interestAndDebtExpense": "None", "netIncomeFromContinuingOperations": "104229000", "comprehensiveIncomeNetOfTax": "None", "ebit": "159141000", "ebitda": "190110000", "netIncome": "98086000"}, {"fiscalDateEnding": "2012-03-31", "reportedCurrency": "USD", "grossProfit": "610579000", "totalRevenue": "2099019000", "costOfRevenue": "1488440000", "costofGoodsAndServicesSold": "1488440000", "operatingIncome": "133295000", "sellingGeneralAndAdministrative": "465452000", "researchAndDevelopment": "0", "operatingExpenses": "465452000", "investmentIncomeNet": "None", "netInterestIncome": "None", "interestIncome": "None", "interestExpense": "7640000", "nonInterestIncome": "None", "otherNonOperatingIncome": "5246000", "depreciation": "None", "depreciationAndAmortization": "30420000", "incomeBeforeTax": "129510000", "incomeTaxExpense": "41840000", "interestAndDebtExpense": "None", "netIncomeFromContinuingOperations": "87670000", "comprehensiveIncomeNetOfTax": "None", "ebit": "137150000", "ebitda": "167570000", "netIncome": "80752000"}, {"fiscalDateEnding": "2011-12-31", "reportedCurrency": "USD", "grossProfit": "652589000", "totalRevenue": "2340148000", "costOfRevenue": "1687559000", "costofGoodsAndServicesSold": "1687559000", "operatingIncome": "163373000", "sellingGeneralAndAdministrative": "489216000", "researchAndDevelopment": "0", "operatingExpenses": "489216000", "investmentIncomeNet": "None", "netInterestIncome": "None", "interestIncome": "None", "interestExpense": "7577000", "nonInterestIncome": "None", "otherNonOperatingIncome": "9483000", "depreciation": "None", "depreciationAndAmortization": "29856000", "incomeBeforeTax": "160063000", "incomeTaxExpense": "49458000", "interestAndDebtExpense": "None", "netIncomeFromContinuingOperations": "126166000", "comprehensiveIncomeNetOfTax": "None", "ebit": "167640000", "ebitda": "197496000", "netIncome": "104730000"}, {"fiscalDateEnding": "2011-09-30", "reportedCurrency": "USD", "grossProfit": "587420000", "totalRevenue": "2111693000", "costOfRevenue": "1524273000", "costofGoodsAndServicesSold": "1524273000", "operatingIncome": "143261000", "sellingGeneralAndAdministrative": "444200000", "researchAndDevelopment": "0", "operatingExpenses": "444159000", "investmentIncomeNet": "None", "netInterestIncome": "None", "interestIncome": "None", "interestExpense": "6813000", "nonInterestIncome": "None", "otherNonOperatingIncome": "8621000", "depreciation": "None", "depreciationAndAmortization": "28571000", "incomeBeforeTax": "140510000", "incomeTaxExpense": "44261000", "interestAndDebtExpense": "None", "netIncomeFromContinuingOperations": "96249000", "comprehensiveIncomeNetOfTax": "None", "ebit": "147323000", "ebitda": "175894000", "netIncome": "91961000"}, {"fiscalDateEnding": "2011-06-30", "reportedCurrency": "USD", "grossProfit": "612224000", "totalRevenue": "2130640000", "costOfRevenue": "1518416000", "costofGoodsAndServicesSold": "1518416000", "operatingIncome": "151215000", "sellingGeneralAndAdministrative": "461000000", "researchAndDevelopment": "0", "operatingExpenses": "461009000", "investmentIncomeNet": "None", "netInterestIncome": "None", "interestIncome": "None", "interestExpense": "7902000", "nonInterestIncome": "None", "otherNonOperatingIncome": "9083000", "depreciation": "None", "depreciationAndAmortization": "29121000", "incomeBeforeTax": "148263000", "incomeTaxExpense": "47340000", "interestAndDebtExpense": "None", "netIncomeFromContinuingOperations": "100923000", "comprehensiveIncomeNetOfTax": "None", "ebit": "156165000", "ebitda": "185286000", "netIncome": "94475000"}, {"fiscalDateEnding": "2011-03-31", "reportedCurrency": "USD", "grossProfit": "565822000", "totalRevenue": "1947761000", "costOfRevenue": "1381939000", "costofGoodsAndServicesSold": "1381939000", "operatingIncome": "124300000", "sellingGeneralAndAdministrative": "441500000", "researchAndDevelopment": "0", "operatingExpenses": "441522000", "investmentIncomeNet": "None", "netInterestIncome": "None", "interestIncome": "None", "interestExpense": "8085000", "nonInterestIncome": "None", "otherNonOperatingIncome": "5909000", "depreciation": "None", "depreciationAndAmortization": "28348000", "incomeBeforeTax": "120471000", "incomeTaxExpense": "39153000", "interestAndDebtExpense": "None", "netIncomeFromContinuingOperations": "81318000", "comprehensiveIncomeNetOfTax": "None", "ebit": "128556000", "ebitda": "156904000", "netIncome": "76495000"}, {"fiscalDateEnding": "2010-12-31", "reportedCurrency": "USD", "grossProfit": "574743000", "totalRevenue": "2023568000", "costOfRevenue": "1448825000", "costofGoodsAndServicesSold": "1448825000", "operatingIncome": "141998000", "sellingGeneralAndAdministrative": "432700000", "researchAndDevelopment": "0", "operatingExpenses": "432745000", "investmentIncomeNet": "None", "netInterestIncome": "None", "interestIncome": "None", "interestExpense": "7545000", "nonInterestIncome": "None", "otherNonOperatingIncome": "None", "depreciation": "None", "depreciationAndAmortization": "25704000", "incomeBeforeTax": "138292000", "incomeTaxExpense": "44184000", "interestAndDebtExpense": "None", "netIncomeFromContinuingOperations": "0", "comprehensiveIncomeNetOfTax": "None", "ebit": "145837000", "ebitda": "171541000", "netIncome": "92995000"}, {"fiscalDateEnding": "2010-09-30", "reportedCurrency": "USD", "grossProfit": "537456000", "totalRevenue": "1893511000", "costOfRevenue": "1356055000", "costofGoodsAndServicesSold": "1356055000", "operatingIncome": "137368000", "sellingGeneralAndAdministrative": "400100000", "researchAndDevelopment": "0", "operatingExpenses": "400088000", "investmentIncomeNet": "None", "netInterestIncome": "None", "interestIncome": "None", "interestExpense": "7824000", "nonInterestIncome": "None", "otherNonOperatingIncome": "7172000", "depreciation": "None", "depreciationAndAmortization": "25166000", "incomeBeforeTax": "132995000", "incomeTaxExpense": "42226000", "interestAndDebtExpense": "None", "netIncomeFromContinuingOperations": "94490000", "comprehensiveIncomeNetOfTax": "None", "ebit": "140819000", "ebitda": "165985000", "netIncome": "87893000"}, {"fiscalDateEnding": "2010-06-30", "reportedCurrency": "USD", "grossProfit": "545644000", "totalRevenue": "1849401000", "costOfRevenue": "1303757000", "costofGoodsAndServicesSold": "1303757000", "operatingIncome": "138006000", "sellingGeneralAndAdministrative": "407600000", "researchAndDevelopment": "0", "operatingExpenses": "407638000", "investmentIncomeNet": "None", "netInterestIncome": "None", "interestIncome": "None", "interestExpense": "9185000", "nonInterestIncome": "None", "otherNonOperatingIncome": "5777000", "depreciation": "None", "depreciationAndAmortization": "25772000", "incomeBeforeTax": "132803000", "incomeTaxExpense": "41435000", "interestAndDebtExpense": "None", "netIncomeFromContinuingOperations": "93163000", "comprehensiveIncomeNetOfTax": "None", "ebit": "141988000", "ebitda": "167760000", "netIncome": "84001000"}, {"fiscalDateEnding": "2010-03-31", "reportedCurrency": "USD", "grossProfit": "513033000", "totalRevenue": "1760310000", "costOfRevenue": "1247277000", "costofGoodsAndServicesSold": "1247277000", "operatingIncome": "103759000", "sellingGeneralAndAdministrative": "397000000", "researchAndDevelopment": "0", "operatingExpenses": "396989000", "investmentIncomeNet": "None", "netInterestIncome": "None", "interestIncome": "None", "interestExpense": "9087000", "nonInterestIncome": "None", "otherNonOperatingIncome": "None", "depreciation": "None", "depreciationAndAmortization": "24572000", "incomeBeforeTax": "97945000", "incomeTaxExpense": "32224000", "interestAndDebtExpense": "None", "netIncomeFromContinuingOperations": "0", "comprehensiveIncomeNetOfTax": "None", "ebit": "107032000", "ebitda": "131604000", "netIncome": "60900000"}, {"fiscalDateEnding": "2009-12-31", "reportedCurrency": "USD", "grossProfit": "526272000", "totalRevenue": "1786081000", "costOfRevenue": "1259809000", "costofGoodsAndServicesSold": "1259809000", "operatingIncome": "137642000", "sellingGeneralAndAdministrative": "389700000", "researchAndDevelopment": "0", "operatingExpenses": "389653000", "investmentIncomeNet": "None", "netInterestIncome": "None", "interestIncome": "None", "interestExpense": "5041000", "nonInterestIncome": "None", "otherNonOperatingIncome": "None", "depreciation": "None", "depreciationAndAmortization": "20563000", "incomeBeforeTax": "135337000", "incomeTaxExpense": "44119000", "interestAndDebtExpense": "None", "netIncomeFromContinuingOperations": "0", "comprehensiveIncomeNetOfTax": "None", "ebit": "140378000", "ebitda": "160941000", "netIncome": "86408000"}, {"fiscalDateEnding": "2009-09-30", "reportedCurrency": "USD", "grossProfit": "476267000", "totalRevenue": "1659433000", "costOfRevenue": "1183166000", "costofGoodsAndServicesSold": "1183166000", "operatingIncome": "113885000", "sellingGeneralAndAdministrative": "362400000", "researchAndDevelopment": "0", "operatingExpenses": "362382000", "investmentIncomeNet": "None", "netInterestIncome": "None", "interestIncome": "None", "interestExpense": "5171000", "nonInterestIncome": "None", "otherNonOperatingIncome": "None", "depreciation": "None", "depreciationAndAmortization": "20196000", "incomeBeforeTax": "113039000", "incomeTaxExpense": "15864000", "interestAndDebtExpense": "None", "netIncomeFromContinuingOperations": "0", "comprehensiveIncomeNetOfTax": "None", "ebit": "118210000", "ebitda": "138406000", "netIncome": "96421000"}, {"fiscalDateEnding": "2009-06-30", "reportedCurrency": "USD", "grossProfit": "478512000", "totalRevenue": "1611006000", "costOfRevenue": "1132494000", "costofGoodsAndServicesSold": "1132494000", "operatingIncome": "122310000", "sellingGeneralAndAdministrative": "353900000", "researchAndDevelopment": "0", "operatingExpenses": "356202000", "investmentIncomeNet": "None", "netInterestIncome": "None", "interestIncome": "None", "interestExpense": "6467000", "nonInterestIncome": "None", "otherNonOperatingIncome": "None", "depreciation": "None", "depreciationAndAmortization": "20813000", "incomeBeforeTax": "118057000", "incomeTaxExpense": "38841000", "interestAndDebtExpense": "None", "netIncomeFromContinuingOperations": "0", "comprehensiveIncomeNetOfTax": "None", "ebit": "124083000", "ebitda": "144896000", "netIncome": "73473000"}, {"fiscalDateEnding": "2009-03-31", "reportedCurrency": "USD", "grossProfit": "441010000", "totalRevenue": "1488605000", "costOfRevenue": "1047595000", "costofGoodsAndServicesSold": "1047595000", "operatingIncome": "90887000", "sellingGeneralAndAdministrative": "343700000", "researchAndDevelopment": "0", "operatingExpenses": "346080000", "investmentIncomeNet": "None", "netInterestIncome": "None", "interestIncome": "None", "interestExpense": "6814000", "nonInterestIncome": "None", "otherNonOperatingIncome": "None", "depreciation": "None", "depreciationAndAmortization": "19921000", "incomeBeforeTax": "86857000", "incomeTaxExpense": "28922000", "interestAndDebtExpense": "None", "netIncomeFromContinuingOperations": "0", "comprehensiveIncomeNetOfTax": "None", "ebit": "93419000", "ebitda": "113340000", "netIncome": "54851000"}, {"fiscalDateEnding": "2008-12-31", "reportedCurrency": "USD", "grossProfit": "466309000", "totalRevenue": "1573507000", "costOfRevenue": "1107198000", "costofGoodsAndServicesSold": "1107198000", "operatingIncome": "105741000", "sellingGeneralAndAdministrative": "337300000", "researchAndDevelopment": "0", "operatingExpenses": "337328000", "investmentIncomeNet": "None", "netInterestIncome": "None", "interestIncome": "None", "interestExpense": "49739000", "nonInterestIncome": "None", "otherNonOperatingIncome": "None", "depreciation": "None", "depreciationAndAmortization": "18944000", "incomeBeforeTax": "103241000", "incomeTaxExpense": "33221000", "interestAndDebtExpense": "None", "netIncomeFromContinuingOperations": "0", "comprehensiveIncomeNetOfTax": "None", "ebit": "116392000", "ebitda": "135336000", "netIncome": "56911000"}, {"fiscalDateEnding": "2008-09-30", "reportedCurrency": "USD", "grossProfit": "478581000", "totalRevenue": "1650771000", "costOfRevenue": "1172190000", "costofGoodsAndServicesSold": "1172190000", "operatingIncome": "115278000", "sellingGeneralAndAdministrative": "360200000", "researchAndDevelopment": "0", "operatingExpenses": "363303000", "investmentIncomeNet": "None", "netInterestIncome": "None", "interestIncome": "None", "interestExpense": "16931000", "nonInterestIncome": "None", "otherNonOperatingIncome": "None", "depreciation": "None", "depreciationAndAmortization": "19475000", "incomeBeforeTax": "106814000", "incomeTaxExpense": "34713000", "interestAndDebtExpense": "None", "netIncomeFromContinuingOperations": "0", "comprehensiveIncomeNetOfTax": "None", "ebit": "114811000", "ebitda": "134286000", "netIncome": "67488000"}, {"fiscalDateEnding": "2008-06-30", "reportedCurrency": "USD", "grossProfit": "488415000", "totalRevenue": "1644977000", "costOfRevenue": "1156562000", "costofGoodsAndServicesSold": "1156562000", "operatingIncome": "113357000", "sellingGeneralAndAdministrative": "369000000", "researchAndDevelopment": "0", "operatingExpenses": "375058000", "investmentIncomeNet": "None", "netInterestIncome": "None", "interestIncome": "None", "interestExpense": "11036000", "nonInterestIncome": "None", "otherNonOperatingIncome": "None", "depreciation": "None", "depreciationAndAmortization": "20270000", "incomeBeforeTax": "108835000", "incomeTaxExpense": "37135000", "interestAndDebtExpense": "None", "netIncomeFromContinuingOperations": "0", "comprehensiveIncomeNetOfTax": "None", "ebit": "117675000", "ebitda": "137945000", "netIncome": "64570000"}, {"fiscalDateEnding": "2008-03-31", "reportedCurrency": "USD", "grossProfit": "451233000", "totalRevenue": "1525619000", "costOfRevenue": "1074386000", "costofGoodsAndServicesSold": "1074386000", "operatingIncome": "85227000", "sellingGeneralAndAdministrative": "365400000", "researchAndDevelopment": "0", "operatingExpenses": "366006000", "investmentIncomeNet": "None", "netInterestIncome": "None", "interestIncome": "None", "interestExpense": "5425000", "nonInterestIncome": "None", "otherNonOperatingIncome": "None", "depreciation": "None", "depreciationAndAmortization": "19438000", "incomeBeforeTax": "81925000", "incomeTaxExpense": "27855000", "interestAndDebtExpense": "None", "netIncomeFromContinuingOperations": "0", "comprehensiveIncomeNetOfTax": "None", "ebit": "88875000", "ebitda": "108313000", "netIncome": "51440000"}, {"fiscalDateEnding": "2007-12-31", "reportedCurrency": "USD", "grossProfit": "484131000", "totalRevenue": "1717470000", "costOfRevenue": "1233339000", "costofGoodsAndServicesSold": "1233339000", "operatingIncome": "124986000", "sellingGeneralAndAdministrative": "358300000", "researchAndDevelopment": "0", "operatingExpenses": "359145000", "investmentIncomeNet": "None", "netInterestIncome": "None", "interestIncome": "None", "interestExpense": "6455000", "nonInterestIncome": "None", "otherNonOperatingIncome": "None", "depreciation": "None", "depreciationAndAmortization": "20915000", "incomeBeforeTax": "223722000", "incomeTaxExpense": "39974000", "interestAndDebtExpense": "None", "netIncomeFromContinuingOperations": "0", "comprehensiveIncomeNetOfTax": "None", "ebit": "124986000", "ebitda": "145901000", "netIncome": "78269000"}, {"fiscalDateEnding": "2007-09-30", "reportedCurrency": "USD", "grossProfit": "429330000", "totalRevenue": "1505575000", "costOfRevenue": "1076245000", "costofGoodsAndServicesSold": "1076245000", "operatingIncome": "96700000", "sellingGeneralAndAdministrative": "330100000", "researchAndDevelopment": "0", "operatingExpenses": "332630000", "investmentIncomeNet": "None", "netInterestIncome": "None", "interestIncome": "None", "interestExpense": "472000", "nonInterestIncome": "None", "otherNonOperatingIncome": "None", "depreciation": "None", "depreciationAndAmortization": "17794000", "incomeBeforeTax": "98779000", "incomeTaxExpense": "33682000", "interestAndDebtExpense": "None", "netIncomeFromContinuingOperations": "0", "comprehensiveIncomeNetOfTax": "None", "ebit": "78906000", "ebitda": "96700000", "netIncome": "59573000"}, {"fiscalDateEnding": "2007-06-30", "reportedCurrency": "USD", "grossProfit": "413777000", "totalRevenue": "1387017000", "costOfRevenue": "973240000", "costofGoodsAndServicesSold": "973240000", "operatingIncome": "90852000", "sellingGeneralAndAdministrative": "322925000", "researchAndDevelopment": "0", "operatingExpenses": "322925000", "investmentIncomeNet": "None", "netInterestIncome": "None", "interestIncome": "None", "interestExpense": "25832000", "nonInterestIncome": "None", "otherNonOperatingIncome": "None", "depreciation": "None", "depreciationAndAmortization": "17670000", "incomeBeforeTax": "89445000", "incomeTaxExpense": "30636000", "interestAndDebtExpense": "None", "netIncomeFromContinuingOperations": "0", "comprehensiveIncomeNetOfTax": "None", "ebit": "73182000", "ebitda": "90852000", "netIncome": "33837000"}, {"fiscalDateEnding": "2007-03-31", "reportedCurrency": "USD", "grossProfit": "392973000", "totalRevenue": "1334143000", "costOfRevenue": "941170000", "costofGoodsAndServicesSold": "941170000", "operatingIncome": "73899000", "sellingGeneralAndAdministrative": "319074000", "researchAndDevelopment": "0", "operatingExpenses": "319074000", "investmentIncomeNet": "None", "netInterestIncome": "None", "interestIncome": "None", "interestExpense": "4992000", "nonInterestIncome": "None", "otherNonOperatingIncome": "None", "depreciation": "None", "depreciationAndAmortization": "17557000", "incomeBeforeTax": "71916000", "incomeTaxExpense": "25530000", "interestAndDebtExpense": "None", "netIncomeFromContinuingOperations": "0", "comprehensiveIncomeNetOfTax": "None", "ebit": "73721000", "ebitda": "91278000", "netIncome": "43414000"}, {"fiscalDateEnding": "2006-12-31", "reportedCurrency": "USD", "grossProfit": "421987000", "totalRevenue": "1498936000", "costOfRevenue": "1076949000", "costofGoodsAndServicesSold": "1076949000", "operatingIncome": "104556000", "sellingGeneralAndAdministrative": "315600000", "researchAndDevelopment": "0", "operatingExpenses": "317431000", "investmentIncomeNet": "None", "netInterestIncome": "None", "interestIncome": "None", "interestExpense": "5770000", "nonInterestIncome": "None", "otherNonOperatingIncome": "None", "depreciation": "None", "depreciationAndAmortization": "18039000", "incomeBeforeTax": "102290000", "incomeTaxExpense": "35904000", "interestAndDebtExpense": "None", "netIncomeFromContinuingOperations": "0", "comprehensiveIncomeNetOfTax": "None", "ebit": "104556000", "ebitda": "122595000", "netIncome": "62997000"}, {"fiscalDateEnding": "2006-09-30", "reportedCurrency": "USD", "grossProfit": "361006000", "totalRevenue": "1272020000", "costOfRevenue": "911014000", "costofGoodsAndServicesSold": "911014000", "operatingIncome": "62675000", "sellingGeneralAndAdministrative": "298331000", "researchAndDevelopment": "0", "operatingExpenses": "298331000", "investmentIncomeNet": "None", "netInterestIncome": "None", "interestIncome": "None", "interestExpense": "623000", "nonInterestIncome": "None", "otherNonOperatingIncome": "None", "depreciation": "None", "depreciationAndAmortization": "16733000", "incomeBeforeTax": "61935000", "incomeTaxExpense": "21715000", "interestAndDebtExpense": "None", "netIncomeFromContinuingOperations": "0", "comprehensiveIncomeNetOfTax": "None", "ebit": "62601000", "ebitda": "79334000", "netIncome": "39285000"}, {"fiscalDateEnding": "2006-06-30", "reportedCurrency": "USD", "grossProfit": "359460000", "totalRevenue": "1220360000", "costOfRevenue": "860900000", "costofGoodsAndServicesSold": "860900000", "operatingIncome": "76748000", "sellingGeneralAndAdministrative": "280900000", "researchAndDevelopment": "0", "operatingExpenses": "282712000", "investmentIncomeNet": "None", "netInterestIncome": "None", "interestIncome": "None", "interestExpense": "5490000", "nonInterestIncome": "None", "otherNonOperatingIncome": "None", "depreciation": "None", "depreciationAndAmortization": "15806000", "incomeBeforeTax": "73076000", "incomeTaxExpense": "26379000", "interestAndDebtExpense": "None", "netIncomeFromContinuingOperations": "0", "comprehensiveIncomeNetOfTax": "None", "ebit": "76358000", "ebitda": "92164000", "netIncome": "45218000"}, {"fiscalDateEnding": "2006-03-31", "reportedCurrency": "USD", "grossProfit": "337602000", "totalRevenue": "1161781000", "costOfRevenue": "824179000", "costofGoodsAndServicesSold": "824179000", "operatingIncome": "60918000", "sellingGeneralAndAdministrative": "274900000", "researchAndDevelopment": "0", "operatingExpenses": "276684000", "investmentIncomeNet": "None", "netInterestIncome": "None", "interestIncome": "None", "interestExpense": "23216000", "nonInterestIncome": "None", "otherNonOperatingIncome": "None", "depreciation": "None", "depreciationAndAmortization": "14352000", "incomeBeforeTax": "58301000", "incomeTaxExpense": "21222000", "interestAndDebtExpense": "None", "netIncomeFromContinuingOperations": "0", "comprehensiveIncomeNetOfTax": "None", "ebit": "46566000", "ebitda": "60918000", "netIncome": "16259000"}, {"fiscalDateEnding": "2005-12-31", "reportedCurrency": "USD", "grossProfit": "377475000", "totalRevenue": "1343141000", "costOfRevenue": "965666000", "costofGoodsAndServicesSold": "965666000", "operatingIncome": "89235000", "sellingGeneralAndAdministrative": "288240000", "researchAndDevelopment": "0", "operatingExpenses": "288240000", "investmentIncomeNet": "None", "netInterestIncome": "None", "interestIncome": "None", "interestExpense": "5544000", "nonInterestIncome": "None", "otherNonOperatingIncome": "None", "depreciation": "None", "depreciationAndAmortization": "17798000", "incomeBeforeTax": "85603000", "incomeTaxExpense": "31247000", "interestAndDebtExpense": "None", "netIncomeFromContinuingOperations": "0", "comprehensiveIncomeNetOfTax": "None", "ebit": "89235000", "ebitda": "107033000", "netIncome": "51700000"}, {"fiscalDateEnding": "2005-09-30", "reportedCurrency": "USD", "grossProfit": "316731000", "totalRevenue": "1125363000", "costOfRevenue": "808632000", "costofGoodsAndServicesSold": "808632000", "operatingIncome": "63138000", "sellingGeneralAndAdministrative": "258400000", "researchAndDevelopment": "0", "operatingExpenses": "253593000", "investmentIncomeNet": "None", "netInterestIncome": "None", "interestIncome": "None", "interestExpense": "14103000", "nonInterestIncome": "None", "otherNonOperatingIncome": "None", "depreciation": "None", "depreciationAndAmortization": "14199000", "incomeBeforeTax": "59130000", "incomeTaxExpense": "21580000", "interestAndDebtExpense": "None", "netIncomeFromContinuingOperations": "0", "comprehensiveIncomeNetOfTax": "None", "ebit": "58379000", "ebitda": "72578000", "netIncome": "23301000"}, {"fiscalDateEnding": "2005-06-30", "reportedCurrency": "USD", "grossProfit": "324412000", "totalRevenue": "1141620000", "costOfRevenue": "817208000", "costofGoodsAndServicesSold": "817208000", "operatingIncome": "70464000", "sellingGeneralAndAdministrative": "254300000", "researchAndDevelopment": "0", "operatingExpenses": "253948000", "investmentIncomeNet": "None", "netInterestIncome": "None", "interestIncome": "None", "interestExpense": "5931000", "nonInterestIncome": "None", "otherNonOperatingIncome": "None", "depreciation": "None", "depreciationAndAmortization": "15111000", "incomeBeforeTax": "66989000", "incomeTaxExpense": "24787000", "interestAndDebtExpense": "None", "netIncomeFromContinuingOperations": "0", "comprehensiveIncomeNetOfTax": "None", "ebit": "67058000", "ebitda": "82169000", "netIncome": "37770000"}, {"fiscalDateEnding": "2005-03-31", "reportedCurrency": "USD", "grossProfit": "306187000", "totalRevenue": "1101410000", "costOfRevenue": "795223000", "costofGoodsAndServicesSold": "795223000", "operatingIncome": "57205000", "sellingGeneralAndAdministrative": "248100000", "researchAndDevelopment": "0", "operatingExpenses": "248982000", "investmentIncomeNet": "None", "netInterestIncome": "None", "interestIncome": "None", "interestExpense": "4889000", "nonInterestIncome": "None", "otherNonOperatingIncome": "None", "depreciation": "None", "depreciationAndAmortization": "13237000", "incomeBeforeTax": "52521000", "incomeTaxExpense": "19432000", "interestAndDebtExpense": "None", "netIncomeFromContinuingOperations": "0", "comprehensiveIncomeNetOfTax": "None", "ebit": "53262000", "ebitda": "66499000", "netIncome": "30873000"}, {"fiscalDateEnding": "2004-12-31", "reportedCurrency": "USD", "grossProfit": "319836000", "totalRevenue": "1194320000", "costOfRevenue": "874484000", "costofGoodsAndServicesSold": "874484000", "operatingIncome": "50047000", "sellingGeneralAndAdministrative": "281600000", "researchAndDevelopment": "0", "operatingExpenses": "269789000", "investmentIncomeNet": "None", "netInterestIncome": "None", "interestIncome": "None", "interestExpense": "3642000", "nonInterestIncome": "None", "otherNonOperatingIncome": "None", "depreciation": "None", "depreciationAndAmortization": "18095000", "incomeBeforeTax": "45899000", "incomeTaxExpense": "16938000", "interestAndDebtExpense": "None", "netIncomeFromContinuingOperations": "0", "comprehensiveIncomeNetOfTax": "None", "ebit": "50047000", "ebitda": "68142000", "netIncome": "29550000"}]}