{"symbol": "COST", "annualReports": [{"fiscalDateEnding": "2024-08-31", "reportedCurrency": "USD", "grossProfit": "32095000000", "totalRevenue": "254453000000", "costOfRevenue": "222358000000", "costofGoodsAndServicesSold": "222358000000", "operatingIncome": "9285000000", "sellingGeneralAndAdministrative": "22810000000", "researchAndDevelopment": "None", "operatingExpenses": "22810000000", "investmentIncomeNet": "None", "netInterestIncome": "429000000", "interestIncome": "598000000", "interestExpense": "169000000", "nonInterestIncome": "None", "otherNonOperatingIncome": "None", "depreciation": "None", "depreciationAndAmortization": "2237000000", "incomeBeforeTax": "9740000000", "incomeTaxExpense": "2373000000", "interestAndDebtExpense": "None", "netIncomeFromContinuingOperations": "7367000000", "comprehensiveIncomeNetOfTax": "None", "ebit": "9909000000", "ebitda": "12146000000", "netIncome": "7367000000"}, {"fiscalDateEnding": "2023-08-31", "reportedCurrency": "USD", "grossProfit": "29704000000", "totalRevenue": "242290000000", "costOfRevenue": "212586000000", "costofGoodsAndServicesSold": "212586000000", "operatingIncome": "8114000000", "sellingGeneralAndAdministrative": "21590000000", "researchAndDevelopment": "None", "operatingExpenses": "21590000000", "investmentIncomeNet": "None", "netInterestIncome": "373000000", "interestIncome": "339000000", "interestExpense": "160000000", "nonInterestIncome": "None", "otherNonOperatingIncome": "None", "depreciation": "None", "depreciationAndAmortization": "2489000000", "incomeBeforeTax": "8487000000", "incomeTaxExpense": "2195000000", "interestAndDebtExpense": "None", "netIncomeFromContinuingOperations": "6292000000", "comprehensiveIncomeNetOfTax": "None", "ebit": "8647000000", "ebitda": "11136000000", "netIncome": "6292000000"}, {"fiscalDateEnding": "2022-08-31", "reportedCurrency": "USD", "grossProfit": "27572000000", "totalRevenue": "226954000000", "costOfRevenue": "199382000000", "costofGoodsAndServicesSold": "199382000000", "operatingIncome": "7793000000", "sellingGeneralAndAdministrative": "19779000000", "researchAndDevelopment": "None", "operatingExpenses": "19779000000", "investmentIncomeNet": "None", "netInterestIncome": "47000000", "interestIncome": "205000000", "interestExpense": "158000000", "nonInterestIncome": "None", "otherNonOperatingIncome": "205000000", "depreciation": "None", "depreciationAndAmortization": "2277000000", "incomeBeforeTax": "7840000000", "incomeTaxExpense": "1925000000", "interestAndDebtExpense": "None", "netIncomeFromContinuingOperations": "5915000000", "comprehensiveIncomeNetOfTax": "None", "ebit": "7998000000", "ebitda": "10275000000", "netIncome": "5844000000"}, {"fiscalDateEnding": "2021-08-31", "reportedCurrency": "USD", "grossProfit": "25245000000", "totalRevenue": "195929000000", "costOfRevenue": "170684000000", "costofGoodsAndServicesSold": "170684000000", "operatingIncome": "6708000000", "sellingGeneralAndAdministrative": "17938000000", "researchAndDevelopment": "None", "operatingExpenses": "18537000000", "investmentIncomeNet": "None", "netInterestIncome": "-130000000", "interestIncome": "74000000", "interestExpense": "171000000", "nonInterestIncome": "None", "otherNonOperatingIncome": "None", "depreciation": "None", "depreciationAndAmortization": "2067000000", "incomeBeforeTax": "6680000000", "incomeTaxExpense": "1601000000", "interestAndDebtExpense": "None", "netIncomeFromContinuingOperations": "5079000000", "comprehensiveIncomeNetOfTax": "None", "ebit": "6851000000", "ebitda": "8918000000", "netIncome": "5007000000"}, {"fiscalDateEnding": "2020-08-31", "reportedCurrency": "USD", "grossProfit": "21822000000", "totalRevenue": "166761000000", "costOfRevenue": "144939000000", "costofGoodsAndServicesSold": "144939000000", "operatingIncome": "5435000000", "sellingGeneralAndAdministrative": "15792000000", "researchAndDevelopment": "None", "operatingExpenses": "16387000000", "investmentIncomeNet": "None", "netInterestIncome": "-71000000", "interestIncome": "64000000", "interestExpense": "160000000", "nonInterestIncome": "None", "otherNonOperatingIncome": "None", "depreciation": "None", "depreciationAndAmortization": "1839000000", "incomeBeforeTax": "5367000000", "incomeTaxExpense": "1308000000", "interestAndDebtExpense": "None", "netIncomeFromContinuingOperations": "4059000000", "comprehensiveIncomeNetOfTax": "None", "ebit": "5527000000", "ebitda": "7366000000", "netIncome": "4002000000"}, {"fiscalDateEnding": "2019-08-31", "reportedCurrency": "USD", "grossProfit": "19817000000", "totalRevenue": "152703000000", "costOfRevenue": "132886000000", "costofGoodsAndServicesSold": "132886000000", "operatingIncome": "4737000000", "sellingGeneralAndAdministrative": "15080000000", "researchAndDevelopment": "None", "operatingExpenses": "15080000000", "investmentIncomeNet": "None", "netInterestIncome": "-24000000", "interestIncome": "3000000", "interestExpense": "150000000", "nonInterestIncome": "None", "otherNonOperatingIncome": "None", "depreciation": "None", "depreciationAndAmortization": "1492000000", "incomeBeforeTax": "4765000000", "incomeTaxExpense": "1061000000", "interestAndDebtExpense": "None", "netIncomeFromContinuingOperations": "3704000000", "comprehensiveIncomeNetOfTax": "None", "ebit": "4915000000", "ebitda": "6407000000", "netIncome": "3659000000"}, {"fiscalDateEnding": "2018-08-31", "reportedCurrency": "USD", "grossProfit": "18424000000", "totalRevenue": "141576000000", "costOfRevenue": "123152000000", "costofGoodsAndServicesSold": "123152000000", "operatingIncome": "4480000000", "sellingGeneralAndAdministrative": "13944000000", "researchAndDevelopment": "None", "operatingExpenses": "13944000000", "investmentIncomeNet": "None", "netInterestIncome": "-84000000", "interestIncome": "61000000", "interestExpense": "159000000", "nonInterestIncome": "None", "otherNonOperatingIncome": "None", "depreciation": "None", "depreciationAndAmortization": "1437000000", "incomeBeforeTax": "4442000000", "incomeTaxExpense": "1263000000", "interestAndDebtExpense": "None", "netIncomeFromContinuingOperations": "3179000000", "comprehensiveIncomeNetOfTax": "None", "ebit": "4601000000", "ebitda": "6038000000", "netIncome": "3134000000"}, {"fiscalDateEnding": "2017-08-31", "reportedCurrency": "USD", "grossProfit": "17143000000", "totalRevenue": "129025000000", "costOfRevenue": "111882000000", "costofGoodsAndServicesSold": "111882000000", "operatingIncome": "4111000000", "sellingGeneralAndAdministrative": "13032000000", "researchAndDevelopment": "None", "operatingExpenses": "13032000000", "investmentIncomeNet": "None", "netInterestIncome": "None", "interestIncome": "89000000", "interestExpense": "134000000", "nonInterestIncome": "None", "otherNonOperatingIncome": "None", "depreciation": "None", "depreciationAndAmortization": "1370000000", "incomeBeforeTax": "4039000000", "incomeTaxExpense": "1325000000", "interestAndDebtExpense": "None", "netIncomeFromContinuingOperations": "None", "comprehensiveIncomeNetOfTax": "None", "ebit": "4173000000", "ebitda": "5543000000", "netIncome": "2679000000"}, {"fiscalDateEnding": "2016-08-31", "reportedCurrency": "USD", "grossProfit": "15818000000", "totalRevenue": "118719000000", "costOfRevenue": "102901000000", "costofGoodsAndServicesSold": "102901000000", "operatingIncome": "3672000000", "sellingGeneralAndAdministrative": "None", "researchAndDevelopment": "None", "operatingExpenses": "12146000000", "investmentIncomeNet": "None", "netInterestIncome": "None", "interestIncome": "None", "interestExpense": "133000000", "nonInterestIncome": "None", "otherNonOperatingIncome": "None", "depreciation": "None", "depreciationAndAmortization": "1255000000", "incomeBeforeTax": "3619000000", "incomeTaxExpense": "1243000000", "interestAndDebtExpense": "None", "netIncomeFromContinuingOperations": "None", "comprehensiveIncomeNetOfTax": "None", "ebit": "3752000000", "ebitda": "5007000000", "netIncome": "2350000000"}, {"fiscalDateEnding": "2015-08-31", "reportedCurrency": "USD", "grossProfit": "15134000000", "totalRevenue": "116199000000", "costOfRevenue": "101065000000", "costofGoodsAndServicesSold": "101065000000", "operatingIncome": "3624000000", "sellingGeneralAndAdministrative": "None", "researchAndDevelopment": "None", "operatingExpenses": "11510000000", "investmentIncomeNet": "None", "netInterestIncome": "None", "interestIncome": "None", "interestExpense": "124000000", "nonInterestIncome": "None", "otherNonOperatingIncome": "None", "depreciation": "None", "depreciationAndAmortization": "1127000000", "incomeBeforeTax": "3604000000", "incomeTaxExpense": "1195000000", "interestAndDebtExpense": "None", "netIncomeFromContinuingOperations": "None", "comprehensiveIncomeNetOfTax": "None", "ebit": "3728000000", "ebitda": "4855000000", "netIncome": "2377000000"}, {"fiscalDateEnding": "2014-08-31", "reportedCurrency": "USD", "grossProfit": "14182000000", "totalRevenue": "112640000000", "costOfRevenue": "98458000000", "costofGoodsAndServicesSold": "98458000000", "operatingIncome": "3220000000", "sellingGeneralAndAdministrative": "None", "researchAndDevelopment": "None", "operatingExpenses": "10962000000", "investmentIncomeNet": "None", "netInterestIncome": "None", "interestIncome": "None", "interestExpense": "113000000", "nonInterestIncome": "None", "otherNonOperatingIncome": "None", "depreciation": "None", "depreciationAndAmortization": "1029000000", "incomeBeforeTax": "3197000000", "incomeTaxExpense": "1109000000", "interestAndDebtExpense": "None", "netIncomeFromContinuingOperations": "None", "comprehensiveIncomeNetOfTax": "None", "ebit": "3310000000", "ebitda": "4339000000", "netIncome": "2058000000"}, {"fiscalDateEnding": "2013-08-31", "reportedCurrency": "USD", "grossProfit": "13208000000", "totalRevenue": "105156000000", "costOfRevenue": "91948000000", "costofGoodsAndServicesSold": "91948000000", "operatingIncome": "3053000000", "sellingGeneralAndAdministrative": "None", "researchAndDevelopment": "None", "operatingExpenses": "10155000000", "investmentIncomeNet": "None", "netInterestIncome": "None", "interestIncome": "None", "interestExpense": "99000000", "nonInterestIncome": "None", "otherNonOperatingIncome": "None", "depreciation": "None", "depreciationAndAmortization": "946000000", "incomeBeforeTax": "3051000000", "incomeTaxExpense": "990000000", "interestAndDebtExpense": "None", "netIncomeFromContinuingOperations": "None", "comprehensiveIncomeNetOfTax": "None", "ebit": "3150000000", "ebitda": "4096000000", "netIncome": "2039000000"}, {"fiscalDateEnding": "2012-08-31", "reportedCurrency": "USD", "grossProfit": "12314000000", "totalRevenue": "99137000000", "costOfRevenue": "86823000000", "costofGoodsAndServicesSold": "86823000000", "operatingIncome": "2759000000", "sellingGeneralAndAdministrative": "None", "researchAndDevelopment": "None", "operatingExpenses": "9555000000", "investmentIncomeNet": "None", "netInterestIncome": "None", "interestIncome": "None", "interestExpense": "95000000", "nonInterestIncome": "None", "otherNonOperatingIncome": "None", "depreciation": "None", "depreciationAndAmortization": "908000000", "incomeBeforeTax": "2767000000", "incomeTaxExpense": "1000000000", "interestAndDebtExpense": "None", "netIncomeFromContinuingOperations": "None", "comprehensiveIncomeNetOfTax": "None", "ebit": "2848000000", "ebitda": "3756000000", "netIncome": "1709000000"}, {"fiscalDateEnding": "2011-08-31", "reportedCurrency": "USD", "grossProfit": "11176000000", "totalRevenue": "88915000000", "costOfRevenue": "77739000000", "costofGoodsAndServicesSold": "77739000000", "operatingIncome": "2439000000", "sellingGeneralAndAdministrative": "None", "researchAndDevelopment": "None", "operatingExpenses": "8737000000", "investmentIncomeNet": "None", "netInterestIncome": "None", "interestIncome": "None", "interestExpense": "116000000", "nonInterestIncome": "None", "otherNonOperatingIncome": "None", "depreciation": "None", "depreciationAndAmortization": "855000000", "incomeBeforeTax": "2383000000", "incomeTaxExpense": "841000000", "interestAndDebtExpense": "None", "netIncomeFromContinuingOperations": "None", "comprehensiveIncomeNetOfTax": "None", "ebit": "2480000000", "ebitda": "3335000000", "netIncome": "1462000000"}, {"fiscalDateEnding": "2010-08-31", "reportedCurrency": "USD", "grossProfit": "9951000000", "totalRevenue": "77946000000", "costOfRevenue": "67995000000", "costofGoodsAndServicesSold": "67995000000", "operatingIncome": "2077000000", "sellingGeneralAndAdministrative": "None", "researchAndDevelopment": "None", "operatingExpenses": "7874000000", "investmentIncomeNet": "None", "netInterestIncome": "None", "interestIncome": "None", "interestExpense": "111000000", "nonInterestIncome": "None", "otherNonOperatingIncome": "None", "depreciation": "None", "depreciationAndAmortization": "795000000", "incomeBeforeTax": "2054000000", "incomeTaxExpense": "731000000", "interestAndDebtExpense": "None", "netIncomeFromContinuingOperations": "None", "comprehensiveIncomeNetOfTax": "None", "ebit": "2100000000", "ebitda": "2895000000", "netIncome": "1303000000"}, {"fiscalDateEnding": "2009-08-31", "reportedCurrency": "USD", "grossProfit": "9087000000", "totalRevenue": "71422000000", "costOfRevenue": "62335000000", "costofGoodsAndServicesSold": "62335000000", "operatingIncome": "1777000000", "sellingGeneralAndAdministrative": "None", "researchAndDevelopment": "None", "operatingExpenses": "7293000000", "investmentIncomeNet": "None", "netInterestIncome": "None", "interestIncome": "None", "interestExpense": "108000000", "nonInterestIncome": "None", "otherNonOperatingIncome": "None", "depreciation": "None", "depreciationAndAmortization": "728000000", "incomeBeforeTax": "1714000000", "incomeTaxExpense": "628000000", "interestAndDebtExpense": "None", "netIncomeFromContinuingOperations": "None", "comprehensiveIncomeNetOfTax": "None", "ebit": "1777000000", "ebitda": "2505000000", "netIncome": "1086000000"}, {"fiscalDateEnding": "2008-08-31", "reportedCurrency": "USD", "grossProfit": "8980270000", "totalRevenue": "72483020000", "costOfRevenue": "63502750000", "costofGoodsAndServicesSold": "63502750000", "operatingIncome": "1968835000", "sellingGeneralAndAdministrative": "None", "researchAndDevelopment": "None", "operatingExpenses": "7011435000", "investmentIncomeNet": "None", "netInterestIncome": "None", "interestIncome": "None", "interestExpense": "103000000", "nonInterestIncome": "None", "otherNonOperatingIncome": "None", "depreciation": "None", "depreciationAndAmortization": "653082000", "incomeBeforeTax": "1998974000", "incomeTaxExpense": "716249000", "interestAndDebtExpense": "None", "netIncomeFromContinuingOperations": "None", "comprehensiveIncomeNetOfTax": "None", "ebit": "2059540000", "ebitda": "2712622000", "netIncome": "1283000000"}, {"fiscalDateEnding": "2007-08-31", "reportedCurrency": "USD", "grossProfit": "7950453000", "totalRevenue": "64400155000", "costOfRevenue": "56449702000", "costofGoodsAndServicesSold": "56449702000", "operatingIncome": "1608586000", "sellingGeneralAndAdministrative": "None", "researchAndDevelopment": "None", "operatingExpenses": "6341867000", "investmentIncomeNet": "None", "netInterestIncome": "None", "interestIncome": "None", "interestExpense": "0", "nonInterestIncome": "None", "otherNonOperatingIncome": "None", "depreciation": "None", "depreciationAndAmortization": "566385000", "incomeBeforeTax": "1709991000", "incomeTaxExpense": "627219000", "interestAndDebtExpense": "None", "netIncomeFromContinuingOperations": "None", "comprehensiveIncomeNetOfTax": "None", "ebit": "1608586000", "ebitda": "2174971000", "netIncome": "1082772000"}, {"fiscalDateEnding": "2006-08-31", "reportedCurrency": "USD", "grossProfit": "7405730000", "totalRevenue": "60151227000", "costOfRevenue": "52745497000", "costofGoodsAndServicesSold": "52745497000", "operatingIncome": "1625632000", "sellingGeneralAndAdministrative": "None", "researchAndDevelopment": "None", "operatingExpenses": "5774645000", "investmentIncomeNet": "None", "netInterestIncome": "None", "interestIncome": "None", "interestExpense": "0", "nonInterestIncome": "None", "otherNonOperatingIncome": "None", "depreciation": "None", "depreciationAndAmortization": "515285000", "incomeBeforeTax": "1751417000", "incomeTaxExpense": "648202000", "interestAndDebtExpense": "None", "netIncomeFromContinuingOperations": "None", "comprehensiveIncomeNetOfTax": "None", "ebit": "1763987000", "ebitda": "2279272000", "netIncome": "1103215000"}, {"fiscalDateEnding": "2005-08-31", "reportedCurrency": "USD", "grossProfit": "6588267000", "totalRevenue": "52935228000", "costOfRevenue": "46346961000", "costofGoodsAndServicesSold": "46346961000", "operatingIncome": "1474303000", "sellingGeneralAndAdministrative": "None", "researchAndDevelopment": "None", "operatingExpenses": "5113964000", "investmentIncomeNet": "None", "netInterestIncome": "None", "interestIncome": "None", "interestExpense": "0", "nonInterestIncome": "None", "otherNonOperatingIncome": "None", "depreciation": "None", "depreciationAndAmortization": "477868000", "incomeBeforeTax": "1548962000", "incomeTaxExpense": "485870000", "interestAndDebtExpense": "None", "netIncomeFromContinuingOperations": "None", "comprehensiveIncomeNetOfTax": "None", "ebit": "1474303000", "ebitda": "1952171000", "netIncome": "1063092000"}], "quarterlyReports": [{"fiscalDateEnding": "2025-02-28", "reportedCurrency": "USD", "grossProfit": "9614000000", "totalRevenue": "63723000000", "costOfRevenue": "54109000000", "costofGoodsAndServicesSold": "54109000000", "operatingIncome": "2316000000", "sellingGeneralAndAdministrative": "5663000000", "researchAndDevelopment": "None", "operatingExpenses": "5663000000", "investmentIncomeNet": "None", "netInterestIncome": "83000000", "interestIncome": "119000000", "interestExpense": "73000000", "nonInterestIncome": "None", "otherNonOperatingIncome": "None", "depreciation": "None", "depreciationAndAmortization": "-548000000", "incomeBeforeTax": "2422000000", "incomeTaxExpense": "634000000", "interestAndDebtExpense": "None", "netIncomeFromContinuingOperations": "1788000000", "comprehensiveIncomeNetOfTax": "None", "ebit": "2349000000", "ebitda": "1801000000", "netIncome": "1788000000"}, {"fiscalDateEnding": "2024-11-30", "reportedCurrency": "USD", "grossProfit": "8042000000", "totalRevenue": "62151000000", "costOfRevenue": "54109000000", "costofGoodsAndServicesSold": "54109000000", "operatingIncome": "2196000000", "sellingGeneralAndAdministrative": "5846000000", "researchAndDevelopment": "None", "operatingExpenses": "5846000000", "investmentIncomeNet": "None", "netInterestIncome": "67000000", "interestIncome": "104000000", "interestExpense": "37000000", "nonInterestIncome": "None", "otherNonOperatingIncome": "None", "depreciation": "None", "depreciationAndAmortization": "548000000", "incomeBeforeTax": "2306000000", "incomeTaxExpense": "508000000", "interestAndDebtExpense": "None", "netIncomeFromContinuingOperations": "1798000000", "comprehensiveIncomeNetOfTax": "None", "ebit": "2196000000", "ebitda": "2744000000", "netIncome": "1798000000"}, {"fiscalDateEnding": "2024-08-31", "reportedCurrency": "USD", "grossProfit": "10109000000", "totalRevenue": "79697000000", "costOfRevenue": "69588000000", "costofGoodsAndServicesSold": "69588000000", "operatingIncome": "3042000000", "sellingGeneralAndAdministrative": "7067000000", "researchAndDevelopment": "None", "operatingExpenses": "7067000000", "investmentIncomeNet": "None", "netInterestIncome": "99000000", "interestIncome": "148000000", "interestExpense": "49000000", "nonInterestIncome": "None", "otherNonOperatingIncome": "None", "depreciation": "None", "depreciationAndAmortization": "706000000", "incomeBeforeTax": "3113000000", "incomeTaxExpense": "759000000", "interestAndDebtExpense": "None", "netIncomeFromContinuingOperations": "2354000000", "comprehensiveIncomeNetOfTax": "None", "ebit": "3162000000", "ebitda": "3868000000", "netIncome": "2354000000"}, {"fiscalDateEnding": "2024-05-31", "reportedCurrency": "USD", "grossProfit": "7342000000", "totalRevenue": "58515000000", "costOfRevenue": "51173000000", "costofGoodsAndServicesSold": "51173000000", "operatingIncome": "2197000000", "sellingGeneralAndAdministrative": "5145000000", "researchAndDevelopment": "None", "operatingExpenses": "5145000000", "investmentIncomeNet": "None", "netInterestIncome": "67000000", "interestIncome": "108000000", "interestExpense": "41000000", "nonInterestIncome": "None", "otherNonOperatingIncome": "None", "depreciation": "None", "depreciationAndAmortization": "516000000", "incomeBeforeTax": "2284000000", "incomeTaxExpense": "603000000", "interestAndDebtExpense": "None", "netIncomeFromContinuingOperations": "1681000000", "comprehensiveIncomeNetOfTax": "None", "ebit": "2325000000", "ebitda": "2841000000", "netIncome": "1681000000"}, {"fiscalDateEnding": "2024-02-29", "reportedCurrency": "USD", "grossProfit": "7302000000", "totalRevenue": "58442000000", "costOfRevenue": "51140000000", "costofGoodsAndServicesSold": "51140000000", "operatingIncome": "2062000000", "sellingGeneralAndAdministrative": "5240000000", "researchAndDevelopment": "None", "operatingExpenses": "5240000000", "investmentIncomeNet": "None", "netInterestIncome": "144000000", "interestIncome": "185000000", "interestExpense": "41000000", "nonInterestIncome": "None", "otherNonOperatingIncome": "None", "depreciation": "None", "depreciationAndAmortization": "514000000", "incomeBeforeTax": "2237000000", "incomeTaxExpense": "494000000", "interestAndDebtExpense": "None", "netIncomeFromContinuingOperations": "1743000000", "comprehensiveIncomeNetOfTax": "None", "ebit": "2278000000", "ebitda": "2792000000", "netIncome": "1743000000"}, {"fiscalDateEnding": "2023-11-30", "reportedCurrency": "USD", "grossProfit": "7342000000", "totalRevenue": "57799000000", "costOfRevenue": "50457000000", "costofGoodsAndServicesSold": "50457000000", "operatingIncome": "1984000000", "sellingGeneralAndAdministrative": "5358000000", "researchAndDevelopment": "None", "operatingExpenses": "5358000000", "investmentIncomeNet": "None", "netInterestIncome": "122000000", "interestIncome": "160000000", "interestExpense": "38000000", "nonInterestIncome": "None", "otherNonOperatingIncome": "None", "depreciation": "None", "depreciationAndAmortization": "501000000", "incomeBeforeTax": "2106000000", "incomeTaxExpense": "517000000", "interestAndDebtExpense": "None", "netIncomeFromContinuingOperations": "1589000000", "comprehensiveIncomeNetOfTax": "None", "ebit": "2144000000", "ebitda": "2645000000", "netIncome": "1589000000"}, {"fiscalDateEnding": "2023-08-31", "reportedCurrency": "USD", "grossProfit": "9720000000", "totalRevenue": "78939000000", "costOfRevenue": "69219000000", "costofGoodsAndServicesSold": "69219000000", "operatingIncome": "2781000000", "sellingGeneralAndAdministrative": "6939000000", "researchAndDevelopment": "None", "operatingExpenses": "6939000000", "investmentIncomeNet": "None", "netInterestIncome": "185000000", "interestIncome": "264000000", "interestExpense": "56000000", "nonInterestIncome": "None", "otherNonOperatingIncome": "None", "depreciation": "None", "depreciationAndAmortization": "800000000", "incomeBeforeTax": "2963000000", "incomeTaxExpense": "803000000", "interestAndDebtExpense": "None", "netIncomeFromContinuingOperations": "2160000000", "comprehensiveIncomeNetOfTax": "None", "ebit": "3019000000", "ebitda": "3819000000", "netIncome": "2160000000"}, {"fiscalDateEnding": "2023-05-31", "reportedCurrency": "USD", "grossProfit": "6473000000", "totalRevenue": "53648000000", "costOfRevenue": "47175000000", "costofGoodsAndServicesSold": "47175000000", "operatingIncome": "1679000000", "sellingGeneralAndAdministrative": "4794000000", "researchAndDevelopment": "None", "operatingExpenses": "4794000000", "investmentIncomeNet": "None", "netInterestIncome": "92000000", "interestIncome": "128000000", "interestExpense": "36000000", "nonInterestIncome": "None", "otherNonOperatingIncome": "128000000", "depreciation": "None", "depreciationAndAmortization": "556000000", "incomeBeforeTax": "1771000000", "incomeTaxExpense": "469000000", "interestAndDebtExpense": "None", "netIncomeFromContinuingOperations": "1302000000", "comprehensiveIncomeNetOfTax": "None", "ebit": "1807000000", "ebitda": "2363000000", "netIncome": "1302000000"}, {"fiscalDateEnding": "2023-02-28", "reportedCurrency": "USD", "grossProfit": "6843000000", "totalRevenue": "55266000000", "costOfRevenue": "48423000000", "costofGoodsAndServicesSold": "48423000000", "operatingIncome": "1903000000", "sellingGeneralAndAdministrative": "4940000000", "researchAndDevelopment": "None", "operatingExpenses": "4940000000", "investmentIncomeNet": "None", "netInterestIncome": "80000000", "interestIncome": "80000000", "interestExpense": "34000000", "nonInterestIncome": "None", "otherNonOperatingIncome": "114000000", "depreciation": "None", "depreciationAndAmortization": "470000000", "incomeBeforeTax": "1983000000", "incomeTaxExpense": "517000000", "interestAndDebtExpense": "None", "netIncomeFromContinuingOperations": "1466000000", "comprehensiveIncomeNetOfTax": "None", "ebit": "2017000000", "ebitda": "2487000000", "netIncome": "1466000000"}, {"fiscalDateEnding": "2022-11-30", "reportedCurrency": "USD", "grossProfit": "6668000000", "totalRevenue": "54437000000", "costOfRevenue": "47769000000", "costofGoodsAndServicesSold": "47769000000", "operatingIncome": "1751000000", "sellingGeneralAndAdministrative": "4917000000", "researchAndDevelopment": "None", "operatingExpenses": "4917000000", "investmentIncomeNet": "None", "netInterestIncome": "19000000", "interestIncome": "19000000", "interestExpense": "34000000", "nonInterestIncome": "None", "otherNonOperatingIncome": "53000000", "depreciation": "None", "depreciationAndAmortization": "447000000", "incomeBeforeTax": "1770000000", "incomeTaxExpense": "406000000", "interestAndDebtExpense": "None", "netIncomeFromContinuingOperations": "1364000000", "comprehensiveIncomeNetOfTax": "None", "ebit": "1804000000", "ebitda": "2251000000", "netIncome": "1364000000"}, {"fiscalDateEnding": "2022-08-31", "reportedCurrency": "USD", "grossProfit": "8533000000", "totalRevenue": "72091000000", "costOfRevenue": "63558000000", "costofGoodsAndServicesSold": "63558000000", "operatingIncome": "2497000000", "sellingGeneralAndAdministrative": "6036000000", "researchAndDevelopment": "None", "operatingExpenses": "6036000000", "investmentIncomeNet": "None", "netInterestIncome": "19000000", "interestIncome": "67000000", "interestExpense": "48000000", "nonInterestIncome": "None", "otherNonOperatingIncome": "None", "depreciation": "None", "depreciationAndAmortization": "594000000", "incomeBeforeTax": "2516000000", "incomeTaxExpense": "638000000", "interestAndDebtExpense": "None", "netIncomeFromContinuingOperations": "1878000000", "comprehensiveIncomeNetOfTax": "None", "ebit": "2701000000", "ebitda": "3295000000", "netIncome": "1868000000"}, {"fiscalDateEnding": "2022-05-31", "reportedCurrency": "USD", "grossProfit": "6241000000", "totalRevenue": "52596000000", "costOfRevenue": "46355000000", "costofGoodsAndServicesSold": "46355000000", "operatingIncome": "1791000000", "sellingGeneralAndAdministrative": "4450000000", "researchAndDevelopment": "None", "operatingExpenses": "4450000000", "investmentIncomeNet": "None", "netInterestIncome": "-29000000", "interestIncome": "6000000", "interestExpense": "35000000", "nonInterestIncome": "None", "otherNonOperatingIncome": "71000000", "depreciation": "None", "depreciationAndAmortization": "533000000", "incomeBeforeTax": "1827000000", "incomeTaxExpense": "455000000", "interestAndDebtExpense": "None", "netIncomeFromContinuingOperations": "1372000000", "comprehensiveIncomeNetOfTax": "None", "ebit": "1862000000", "ebitda": "2395000000", "netIncome": "1353000000"}, {"fiscalDateEnding": "2022-02-28", "reportedCurrency": "USD", "grossProfit": "6387000000", "totalRevenue": "51904000000", "costOfRevenue": "45517000000", "costofGoodsAndServicesSold": "45517000000", "operatingIncome": "1812000000", "sellingGeneralAndAdministrative": "4575000000", "researchAndDevelopment": "None", "operatingExpenses": "4575000000", "investmentIncomeNet": "None", "netInterestIncome": "-30000000", "interestIncome": "11000000", "interestExpense": "36000000", "nonInterestIncome": "None", "otherNonOperatingIncome": "25000000", "depreciation": "None", "depreciationAndAmortization": "509000000", "incomeBeforeTax": "1801000000", "incomeTaxExpense": "481000000", "interestAndDebtExpense": "None", "netIncomeFromContinuingOperations": "1320000000", "comprehensiveIncomeNetOfTax": "None", "ebit": "1837000000", "ebitda": "2346000000", "netIncome": "1299000000"}, {"fiscalDateEnding": "2021-11-30", "reportedCurrency": "USD", "grossProfit": "6411000000", "totalRevenue": "50363000000", "costOfRevenue": "43952000000", "costofGoodsAndServicesSold": "43952000000", "operatingIncome": "1693000000", "sellingGeneralAndAdministrative": "4718000000", "researchAndDevelopment": "None", "operatingExpenses": "4718000000", "investmentIncomeNet": "None", "netInterestIncome": "-23000000", "interestIncome": "5000000", "interestExpense": "39000000", "nonInterestIncome": "None", "otherNonOperatingIncome": "None", "depreciation": "None", "depreciationAndAmortization": "504000000", "incomeBeforeTax": "1696000000", "incomeTaxExpense": "351000000", "interestAndDebtExpense": "None", "netIncomeFromContinuingOperations": "1345000000", "comprehensiveIncomeNetOfTax": "None", "ebit": "1735000000", "ebitda": "2239000000", "netIncome": "1324000000"}, {"fiscalDateEnding": "2021-08-31", "reportedCurrency": "USD", "grossProfit": "7942000000", "totalRevenue": "62675000000", "costOfRevenue": "54733000000", "costofGoodsAndServicesSold": "54733000000", "operatingIncome": "2275000000", "sellingGeneralAndAdministrative": "5583000000", "researchAndDevelopment": "None", "operatingExpenses": "5667000000", "investmentIncomeNet": "None", "netInterestIncome": "-40000000", "interestIncome": "3000000", "interestExpense": "52000000", "nonInterestIncome": "None", "otherNonOperatingIncome": "None", "depreciation": "None", "depreciationAndAmortization": "656000000", "incomeBeforeTax": "2291000000", "incomeTaxExpense": "597000000", "interestAndDebtExpense": "None", "netIncomeFromContinuingOperations": "1694000000", "comprehensiveIncomeNetOfTax": "None", "ebit": "2343000000", "ebitda": "2999000000", "netIncome": "1670000000"}, {"fiscalDateEnding": "2021-05-31", "reportedCurrency": "USD", "grossProfit": "5862000000", "totalRevenue": "45277000000", "costOfRevenue": "39415000000", "costofGoodsAndServicesSold": "39415000000", "operatingIncome": "1663000000", "sellingGeneralAndAdministrative": "4142000000", "researchAndDevelopment": "None", "operatingExpenses": "4199000000", "investmentIncomeNet": "None", "netInterestIncome": "-32000000", "interestIncome": "26000000", "interestExpense": "40000000", "nonInterestIncome": "None", "otherNonOperatingIncome": "None", "depreciation": "None", "depreciationAndAmortization": "467000000", "incomeBeforeTax": "1650000000", "incomeTaxExpense": "417000000", "interestAndDebtExpense": "None", "netIncomeFromContinuingOperations": "1233000000", "comprehensiveIncomeNetOfTax": "None", "ebit": "1690000000", "ebitda": "2157000000", "netIncome": "1220000000"}, {"fiscalDateEnding": "2021-02-28", "reportedCurrency": "USD", "grossProfit": "5691000000", "totalRevenue": "44769000000", "costOfRevenue": "39078000000", "costofGoodsAndServicesSold": "39078000000", "operatingIncome": "1340000000", "sellingGeneralAndAdministrative": "4105000000", "researchAndDevelopment": "None", "operatingExpenses": "4351000000", "investmentIncomeNet": "None", "netInterestIncome": "-29000000", "interestIncome": "30000000", "interestExpense": "40000000", "nonInterestIncome": "None", "otherNonOperatingIncome": "None", "depreciation": "None", "depreciationAndAmortization": "416000000", "incomeBeforeTax": "1319000000", "incomeTaxExpense": "348000000", "interestAndDebtExpense": "None", "netIncomeFromContinuingOperations": "971000000", "comprehensiveIncomeNetOfTax": "None", "ebit": "1359000000", "ebitda": "1775000000", "netIncome": "951000000"}, {"fiscalDateEnding": "2020-11-30", "reportedCurrency": "USD", "grossProfit": "5750000000", "totalRevenue": "43208000000", "costOfRevenue": "37458000000", "costofGoodsAndServicesSold": "37458000000", "operatingIncome": "1430000000", "sellingGeneralAndAdministrative": "None", "researchAndDevelopment": "None", "operatingExpenses": "4320000000", "investmentIncomeNet": "None", "netInterestIncome": "None", "interestIncome": "None", "interestExpense": "39000000", "nonInterestIncome": "None", "otherNonOperatingIncome": "None", "depreciation": "None", "depreciationAndAmortization": "404000000", "incomeBeforeTax": "1420000000", "incomeTaxExpense": "239000000", "interestAndDebtExpense": "None", "netIncomeFromContinuingOperations": "None", "comprehensiveIncomeNetOfTax": "None", "ebit": "1459000000", "ebitda": "1863000000", "netIncome": "1166000000"}, {"fiscalDateEnding": "2020-08-31", "reportedCurrency": "USD", "grossProfit": "6982000000", "totalRevenue": "53383000000", "costOfRevenue": "46401000000", "costofGoodsAndServicesSold": "46401000000", "operatingIncome": "1929000000", "sellingGeneralAndAdministrative": "None", "researchAndDevelopment": "None", "operatingExpenses": "5053000000", "investmentIncomeNet": "None", "netInterestIncome": "None", "interestIncome": "None", "interestExpense": "60000000", "nonInterestIncome": "None", "otherNonOperatingIncome": "None", "depreciation": "None", "depreciationAndAmortization": "505000000", "incomeBeforeTax": "1869000000", "incomeTaxExpense": "465000000", "interestAndDebtExpense": "None", "netIncomeFromContinuingOperations": "None", "comprehensiveIncomeNetOfTax": "None", "ebit": "1924000000", "ebitda": "2429000000", "netIncome": "1389000000"}, {"fiscalDateEnding": "2020-05-31", "reportedCurrency": "USD", "grossProfit": "5017000000", "totalRevenue": "37266000000", "costOfRevenue": "32249000000", "costofGoodsAndServicesSold": "32249000000", "operatingIncome": "1179000000", "sellingGeneralAndAdministrative": "None", "researchAndDevelopment": "None", "operatingExpenses": "3838000000", "investmentIncomeNet": "None", "netInterestIncome": "None", "interestIncome": "None", "interestExpense": "37000000", "nonInterestIncome": "None", "otherNonOperatingIncome": "None", "depreciation": "None", "depreciationAndAmortization": "382000000", "incomeBeforeTax": "1163000000", "incomeTaxExpense": "311000000", "interestAndDebtExpense": "None", "netIncomeFromContinuingOperations": "None", "comprehensiveIncomeNetOfTax": "None", "ebit": "1200000000", "ebitda": "1582000000", "netIncome": "838000000"}, {"fiscalDateEnding": "2020-02-29", "reportedCurrency": "USD", "grossProfit": "5016000000", "totalRevenue": "39072000000", "costOfRevenue": "34056000000", "costofGoodsAndServicesSold": "34056000000", "operatingIncome": "1266000000", "sellingGeneralAndAdministrative": "None", "researchAndDevelopment": "None", "operatingExpenses": "3750000000", "investmentIncomeNet": "None", "netInterestIncome": "None", "interestIncome": "None", "interestExpense": "34000000", "nonInterestIncome": "None", "otherNonOperatingIncome": "None", "depreciation": "None", "depreciationAndAmortization": "389000000", "incomeBeforeTax": "1277000000", "incomeTaxExpense": "330000000", "interestAndDebtExpense": "None", "netIncomeFromContinuingOperations": "None", "comprehensiveIncomeNetOfTax": "None", "ebit": "1311000000", "ebitda": "1700000000", "netIncome": "931000000"}, {"fiscalDateEnding": "2019-11-30", "reportedCurrency": "USD", "grossProfit": "4807000000", "totalRevenue": "37040000000", "costOfRevenue": "32233000000", "costofGoodsAndServicesSold": "32233000000", "operatingIncome": "1061000000", "sellingGeneralAndAdministrative": "None", "researchAndDevelopment": "None", "operatingExpenses": "3746000000", "investmentIncomeNet": "None", "netInterestIncome": "None", "interestIncome": "None", "interestExpense": "38000000", "nonInterestIncome": "None", "otherNonOperatingIncome": "None", "depreciation": "None", "depreciationAndAmortization": "369000000", "incomeBeforeTax": "1058000000", "incomeTaxExpense": "202000000", "interestAndDebtExpense": "None", "netIncomeFromContinuingOperations": "None", "comprehensiveIncomeNetOfTax": "None", "ebit": "1096000000", "ebitda": "1465000000", "netIncome": "844000000"}, {"fiscalDateEnding": "2019-08-31", "reportedCurrency": "USD", "grossProfit": "6188000000", "totalRevenue": "47498000000", "costOfRevenue": "41310000000", "costofGoodsAndServicesSold": "41310000000", "operatingIncome": "1463000000", "sellingGeneralAndAdministrative": "None", "researchAndDevelopment": "None", "operatingExpenses": "4725000000", "investmentIncomeNet": "None", "netInterestIncome": "None", "interestIncome": "None", "interestExpense": "45000000", "nonInterestIncome": "None", "otherNonOperatingIncome": "None", "depreciation": "None", "depreciationAndAmortization": "473000000", "incomeBeforeTax": "1492000000", "incomeTaxExpense": "382000000", "interestAndDebtExpense": "None", "netIncomeFromContinuingOperations": "None", "comprehensiveIncomeNetOfTax": "None", "ebit": "1537000000", "ebitda": "2010000000", "netIncome": "1097000000"}, {"fiscalDateEnding": "2019-05-31", "reportedCurrency": "USD", "grossProfit": "4507000000", "totalRevenue": "34740000000", "costOfRevenue": "30233000000", "costofGoodsAndServicesSold": "30233000000", "operatingIncome": "1122000000", "sellingGeneralAndAdministrative": "None", "researchAndDevelopment": "None", "operatingExpenses": "3385000000", "investmentIncomeNet": "None", "netInterestIncome": "None", "interestIncome": "None", "interestExpense": "35000000", "nonInterestIncome": "None", "otherNonOperatingIncome": "None", "depreciation": "None", "depreciationAndAmortization": "336000000", "incomeBeforeTax": "1123000000", "incomeTaxExpense": "207000000", "interestAndDebtExpense": "None", "netIncomeFromContinuingOperations": "None", "comprehensiveIncomeNetOfTax": "None", "ebit": "1158000000", "ebitda": "1494000000", "netIncome": "906000000"}, {"fiscalDateEnding": "2019-02-28", "reportedCurrency": "USD", "grossProfit": "4676000000", "totalRevenue": "35396000000", "costOfRevenue": "30720000000", "costofGoodsAndServicesSold": "30720000000", "operatingIncome": "1203000000", "sellingGeneralAndAdministrative": "None", "researchAndDevelopment": "None", "operatingExpenses": "3473000000", "investmentIncomeNet": "None", "netInterestIncome": "None", "interestIncome": "None", "interestExpense": "34000000", "nonInterestIncome": "None", "otherNonOperatingIncome": "None", "depreciation": "None", "depreciationAndAmortization": "352000000", "incomeBeforeTax": "1215000000", "incomeTaxExpense": "314000000", "interestAndDebtExpense": "None", "netIncomeFromContinuingOperations": "None", "comprehensiveIncomeNetOfTax": "None", "ebit": "1249000000", "ebitda": "1601000000", "netIncome": "889000000"}, {"fiscalDateEnding": "2018-11-30", "reportedCurrency": "USD", "grossProfit": "4446000000", "totalRevenue": "35069000000", "costOfRevenue": "30623000000", "costofGoodsAndServicesSold": "30623000000", "operatingIncome": "949000000", "sellingGeneralAndAdministrative": "None", "researchAndDevelopment": "None", "operatingExpenses": "3497000000", "investmentIncomeNet": "None", "netInterestIncome": "None", "interestIncome": "None", "interestExpense": "36000000", "nonInterestIncome": "None", "otherNonOperatingIncome": "None", "depreciation": "None", "depreciationAndAmortization": "331000000", "incomeBeforeTax": "935000000", "incomeTaxExpense": "158000000", "interestAndDebtExpense": "None", "netIncomeFromContinuingOperations": "None", "comprehensiveIncomeNetOfTax": "None", "ebit": "949000000", "ebitda": "1280000000", "netIncome": "767000000"}, {"fiscalDateEnding": "2018-08-31", "reportedCurrency": "USD", "grossProfit": "5740000000", "totalRevenue": "44411000000", "costOfRevenue": "38671000000", "costofGoodsAndServicesSold": "38671000000", "operatingIncome": "1446000000", "sellingGeneralAndAdministrative": "None", "researchAndDevelopment": "None", "operatingExpenses": "4294000000", "investmentIncomeNet": "None", "netInterestIncome": "None", "interestIncome": "None", "interestExpense": "48000000", "nonInterestIncome": "None", "otherNonOperatingIncome": "None", "depreciation": "None", "depreciationAndAmortization": "431000000", "incomeBeforeTax": "1449000000", "incomeTaxExpense": "396000000", "interestAndDebtExpense": "None", "netIncomeFromContinuingOperations": "None", "comprehensiveIncomeNetOfTax": "None", "ebit": "1497000000", "ebitda": "1928000000", "netIncome": "1043000000"}, {"fiscalDateEnding": "2018-05-31", "reportedCurrency": "USD", "grossProfit": "4230000000", "totalRevenue": "32361000000", "costOfRevenue": "28131000000", "costofGoodsAndServicesSold": "28131000000", "operatingIncome": "1067000000", "sellingGeneralAndAdministrative": "None", "researchAndDevelopment": "None", "operatingExpenses": "3163000000", "investmentIncomeNet": "None", "netInterestIncome": "None", "interestIncome": "None", "interestExpense": "37000000", "nonInterestIncome": "None", "otherNonOperatingIncome": "None", "depreciation": "None", "depreciationAndAmortization": "327000000", "incomeBeforeTax": "1071000000", "incomeTaxExpense": "309000000", "interestAndDebtExpense": "None", "netIncomeFromContinuingOperations": "None", "comprehensiveIncomeNetOfTax": "None", "ebit": "1108000000", "ebitda": "1435000000", "netIncome": "750000000"}, {"fiscalDateEnding": "2018-02-28", "reportedCurrency": "USD", "grossProfit": "4262000000", "totalRevenue": "32995000000", "costOfRevenue": "28733000000", "costofGoodsAndServicesSold": "28733000000", "operatingIncome": "1016000000", "sellingGeneralAndAdministrative": "None", "researchAndDevelopment": "None", "operatingExpenses": "3246000000", "investmentIncomeNet": "None", "netInterestIncome": "None", "interestIncome": "None", "interestExpense": "37000000", "nonInterestIncome": "None", "otherNonOperatingIncome": "None", "depreciation": "None", "depreciationAndAmortization": "344000000", "incomeBeforeTax": "986000000", "incomeTaxExpense": "273000000", "interestAndDebtExpense": "None", "netIncomeFromContinuingOperations": "None", "comprehensiveIncomeNetOfTax": "None", "ebit": "1023000000", "ebitda": "1367000000", "netIncome": "701000000"}, {"fiscalDateEnding": "2017-11-30", "reportedCurrency": "USD", "grossProfit": "4192000000", "totalRevenue": "31809000000", "costOfRevenue": "27617000000", "costofGoodsAndServicesSold": "27617000000", "operatingIncome": "951000000", "sellingGeneralAndAdministrative": "None", "researchAndDevelopment": "None", "operatingExpenses": "3241000000", "investmentIncomeNet": "None", "netInterestIncome": "None", "interestIncome": "None", "interestExpense": "37000000", "nonInterestIncome": "None", "otherNonOperatingIncome": "None", "depreciation": "None", "depreciationAndAmortization": "335000000", "incomeBeforeTax": "936000000", "incomeTaxExpense": "285000000", "interestAndDebtExpense": "None", "netIncomeFromContinuingOperations": "None", "comprehensiveIncomeNetOfTax": "None", "ebit": "973000000", "ebitda": "1308000000", "netIncome": "640000000"}, {"fiscalDateEnding": "2017-08-31", "reportedCurrency": "USD", "grossProfit": "5603000000", "totalRevenue": "42300000000", "costOfRevenue": "36697000000", "costofGoodsAndServicesSold": "36697000000", "operatingIncome": "1450000000", "sellingGeneralAndAdministrative": "None", "researchAndDevelopment": "None", "operatingExpenses": "4153000000", "investmentIncomeNet": "None", "netInterestIncome": "None", "interestIncome": "None", "interestExpense": "53000000", "nonInterestIncome": "None", "otherNonOperatingIncome": "None", "depreciation": "None", "depreciationAndAmortization": "441000000", "incomeBeforeTax": "1419000000", "incomeTaxExpense": "487000000", "interestAndDebtExpense": "None", "netIncomeFromContinuingOperations": "None", "comprehensiveIncomeNetOfTax": "None", "ebit": "1472000000", "ebitda": "1913000000", "netIncome": "919000000"}, {"fiscalDateEnding": "2017-05-31", "reportedCurrency": "USD", "grossProfit": "3890000000", "totalRevenue": "28860000000", "costOfRevenue": "24970000000", "costofGoodsAndServicesSold": "24970000000", "operatingIncome": "968000000", "sellingGeneralAndAdministrative": "None", "researchAndDevelopment": "None", "operatingExpenses": "2922000000", "investmentIncomeNet": "None", "netInterestIncome": "None", "interestIncome": "None", "interestExpense": "21000000", "nonInterestIncome": "None", "otherNonOperatingIncome": "None", "depreciation": "None", "depreciationAndAmortization": "320000000", "incomeBeforeTax": "965000000", "incomeTaxExpense": "259000000", "interestAndDebtExpense": "None", "netIncomeFromContinuingOperations": "None", "comprehensiveIncomeNetOfTax": "None", "ebit": "986000000", "ebitda": "1306000000", "netIncome": "700000000"}, {"fiscalDateEnding": "2017-02-28", "reportedCurrency": "USD", "grossProfit": "3839000000", "totalRevenue": "29766000000", "costOfRevenue": "25927000000", "costofGoodsAndServicesSold": "25927000000", "operatingIncome": "844000000", "sellingGeneralAndAdministrative": "None", "researchAndDevelopment": "None", "operatingExpenses": "2995000000", "investmentIncomeNet": "None", "netInterestIncome": "None", "interestIncome": "None", "interestExpense": "35000000", "nonInterestIncome": "None", "otherNonOperatingIncome": "None", "depreciation": "None", "depreciationAndAmortization": "312000000", "incomeBeforeTax": "809000000", "incomeTaxExpense": "288000000", "interestAndDebtExpense": "None", "netIncomeFromContinuingOperations": "None", "comprehensiveIncomeNetOfTax": "None", "ebit": "840000000", "ebitda": "1152000000", "netIncome": "515000000"}, {"fiscalDateEnding": "2016-11-30", "reportedCurrency": "USD", "grossProfit": "3811000000", "totalRevenue": "28099000000", "costOfRevenue": "24288000000", "costofGoodsAndServicesSold": "24288000000", "operatingIncome": "849000000", "sellingGeneralAndAdministrative": "None", "researchAndDevelopment": "None", "operatingExpenses": "2962000000", "investmentIncomeNet": "None", "netInterestIncome": "None", "interestIncome": "None", "interestExpense": "29000000", "nonInterestIncome": "None", "otherNonOperatingIncome": "None", "depreciation": "None", "depreciationAndAmortization": "297000000", "incomeBeforeTax": "846000000", "incomeTaxExpense": "291000000", "interestAndDebtExpense": "None", "netIncomeFromContinuingOperations": "None", "comprehensiveIncomeNetOfTax": "None", "ebit": "875000000", "ebitda": "1172000000", "netIncome": "545000000"}, {"fiscalDateEnding": "2016-08-31", "reportedCurrency": "USD", "grossProfit": "4911000000", "totalRevenue": "36560000000", "costOfRevenue": "31649000000", "costofGoodsAndServicesSold": "31649000000", "operatingIncome": "1191000000", "sellingGeneralAndAdministrative": "None", "researchAndDevelopment": "None", "operatingExpenses": "3720000000", "investmentIncomeNet": "None", "netInterestIncome": "None", "interestIncome": "None", "interestExpense": "39000000", "nonInterestIncome": "None", "otherNonOperatingIncome": "None", "depreciation": "None", "depreciationAndAmortization": "408000000", "incomeBeforeTax": "1181000000", "incomeTaxExpense": "396000000", "interestAndDebtExpense": "None", "netIncomeFromContinuingOperations": "None", "comprehensiveIncomeNetOfTax": "None", "ebit": "1220000000", "ebitda": "1628000000", "netIncome": "779000000"}, {"fiscalDateEnding": "2016-05-31", "reportedCurrency": "USD", "grossProfit": "3607000000", "totalRevenue": "26769000000", "costOfRevenue": "23162000000", "costofGoodsAndServicesSold": "23162000000", "operatingIncome": "858000000", "sellingGeneralAndAdministrative": "None", "researchAndDevelopment": "None", "operatingExpenses": "2749000000", "investmentIncomeNet": "None", "netInterestIncome": "None", "interestIncome": "None", "interestExpense": "30000000", "nonInterestIncome": "None", "otherNonOperatingIncome": "None", "depreciation": "None", "depreciationAndAmortization": "291000000", "incomeBeforeTax": "835000000", "incomeTaxExpense": "286000000", "interestAndDebtExpense": "None", "netIncomeFromContinuingOperations": "None", "comprehensiveIncomeNetOfTax": "None", "ebit": "865000000", "ebitda": "1156000000", "netIncome": "545000000"}, {"fiscalDateEnding": "2016-02-29", "reportedCurrency": "USD", "grossProfit": "3701000000", "totalRevenue": "28170000000", "costOfRevenue": "24469000000", "costofGoodsAndServicesSold": "24469000000", "operatingIncome": "856000000", "sellingGeneralAndAdministrative": "None", "researchAndDevelopment": "None", "operatingExpenses": "2845000000", "investmentIncomeNet": "None", "netInterestIncome": "None", "interestIncome": "None", "interestExpense": "31000000", "nonInterestIncome": "None", "otherNonOperatingIncome": "None", "depreciation": "None", "depreciationAndAmortization": "285000000", "incomeBeforeTax": "841000000", "incomeTaxExpense": "286000000", "interestAndDebtExpense": "None", "netIncomeFromContinuingOperations": "None", "comprehensiveIncomeNetOfTax": "None", "ebit": "872000000", "ebitda": "1157000000", "netIncome": "546000000"}, {"fiscalDateEnding": "2015-11-30", "reportedCurrency": "USD", "grossProfit": "3599000000", "totalRevenue": "27220000000", "costOfRevenue": "23621000000", "costofGoodsAndServicesSold": "23621000000", "operatingIncome": "767000000", "sellingGeneralAndAdministrative": "None", "researchAndDevelopment": "None", "operatingExpenses": "2832000000", "investmentIncomeNet": "None", "netInterestIncome": "None", "interestIncome": "None", "interestExpense": "33000000", "nonInterestIncome": "None", "otherNonOperatingIncome": "None", "depreciation": "None", "depreciationAndAmortization": "271000000", "incomeBeforeTax": "762000000", "incomeTaxExpense": "275000000", "interestAndDebtExpense": "None", "netIncomeFromContinuingOperations": "None", "comprehensiveIncomeNetOfTax": "None", "ebit": "795000000", "ebitda": "1066000000", "netIncome": "480000000"}, {"fiscalDateEnding": "2015-08-31", "reportedCurrency": "USD", "grossProfit": "4682000000", "totalRevenue": "35778000000", "costOfRevenue": "31096000000", "costofGoodsAndServicesSold": "31096000000", "operatingIncome": "1156000000", "sellingGeneralAndAdministrative": "None", "researchAndDevelopment": "None", "operatingExpenses": "3526000000", "investmentIncomeNet": "None", "netInterestIncome": "None", "interestIncome": "None", "interestExpense": "40000000", "nonInterestIncome": "None", "otherNonOperatingIncome": "None", "depreciation": "None", "depreciationAndAmortization": "351000000", "incomeBeforeTax": "1156000000", "incomeTaxExpense": "378000000", "interestAndDebtExpense": "None", "netIncomeFromContinuingOperations": "None", "comprehensiveIncomeNetOfTax": "None", "ebit": "1196000000", "ebitda": "1547000000", "netIncome": "767000000"}, {"fiscalDateEnding": "2015-05-31", "reportedCurrency": "USD", "grossProfit": "3414000000", "totalRevenue": "26101000000", "costOfRevenue": "22687000000", "costofGoodsAndServicesSold": "22687000000", "operatingIncome": "821000000", "sellingGeneralAndAdministrative": "None", "researchAndDevelopment": "None", "operatingExpenses": "2593000000", "investmentIncomeNet": "None", "netInterestIncome": "None", "interestIncome": "None", "interestExpense": "31000000", "nonInterestIncome": "None", "otherNonOperatingIncome": "None", "depreciation": "None", "depreciationAndAmortization": "776000000", "incomeBeforeTax": "799000000", "incomeTaxExpense": "280000000", "interestAndDebtExpense": "None", "netIncomeFromContinuingOperations": "None", "comprehensiveIncomeNetOfTax": "None", "ebit": "830000000", "ebitda": "1606000000", "netIncome": "516000000"}, {"fiscalDateEnding": "2015-02-28", "reportedCurrency": "USD", "grossProfit": "3557000000", "totalRevenue": "27454000000", "costOfRevenue": "23897000000", "costofGoodsAndServicesSold": "23897000000", "operatingIncome": "877000000", "sellingGeneralAndAdministrative": "None", "researchAndDevelopment": "None", "operatingExpenses": "2680000000", "investmentIncomeNet": "None", "netInterestIncome": "None", "interestIncome": "None", "interestExpense": "27000000", "nonInterestIncome": "None", "otherNonOperatingIncome": "None", "depreciation": "None", "depreciationAndAmortization": "260000000", "incomeBeforeTax": "870000000", "incomeTaxExpense": "263000000", "interestAndDebtExpense": "None", "netIncomeFromContinuingOperations": "None", "comprehensiveIncomeNetOfTax": "None", "ebit": "897000000", "ebitda": "1157000000", "netIncome": "598000000"}, {"fiscalDateEnding": "2014-11-30", "reportedCurrency": "USD", "grossProfit": "3481000000", "totalRevenue": "26866000000", "costOfRevenue": "23385000000", "costofGoodsAndServicesSold": "23385000000", "operatingIncome": "770000000", "sellingGeneralAndAdministrative": "None", "researchAndDevelopment": "None", "operatingExpenses": "2711000000", "investmentIncomeNet": "None", "netInterestIncome": "None", "interestIncome": "None", "interestExpense": "26000000", "nonInterestIncome": "None", "otherNonOperatingIncome": "None", "depreciation": "None", "depreciationAndAmortization": "254000000", "incomeBeforeTax": "779000000", "incomeTaxExpense": "274000000", "interestAndDebtExpense": "None", "netIncomeFromContinuingOperations": "None", "comprehensiveIncomeNetOfTax": "None", "ebit": "805000000", "ebitda": "1059000000", "netIncome": "496000000"}, {"fiscalDateEnding": "2014-08-31", "reportedCurrency": "USD", "grossProfit": "4486000000", "totalRevenue": "35523000000", "costOfRevenue": "31037000000", "costofGoodsAndServicesSold": "31037000000", "operatingIncome": "1091000000", "sellingGeneralAndAdministrative": "None", "researchAndDevelopment": "None", "operatingExpenses": "3395000000", "investmentIncomeNet": "None", "netInterestIncome": "None", "interestIncome": "None", "interestExpense": "35000000", "nonInterestIncome": "None", "otherNonOperatingIncome": "None", "depreciation": "None", "depreciationAndAmortization": "-150000000", "incomeBeforeTax": "1086000000", "incomeTaxExpense": "381000000", "interestAndDebtExpense": "None", "netIncomeFromContinuingOperations": "None", "comprehensiveIncomeNetOfTax": "None", "ebit": "1271000000", "ebitda": "1121000000", "netIncome": "697000000"}, {"fiscalDateEnding": "2014-05-31", "reportedCurrency": "USD", "grossProfit": "3240000000", "totalRevenue": "25794000000", "costOfRevenue": "22554000000", "costofGoodsAndServicesSold": "22554000000", "operatingIncome": "737000000", "sellingGeneralAndAdministrative": "None", "researchAndDevelopment": "None", "operatingExpenses": "2503000000", "investmentIncomeNet": "None", "netInterestIncome": "None", "interestIncome": "None", "interestExpense": "25000000", "nonInterestIncome": "None", "otherNonOperatingIncome": "None", "depreciation": "None", "depreciationAndAmortization": "708000000", "incomeBeforeTax": "724000000", "incomeTaxExpense": "245000000", "interestAndDebtExpense": "None", "netIncomeFromContinuingOperations": "None", "comprehensiveIncomeNetOfTax": "None", "ebit": "749000000", "ebitda": "1457000000", "netIncome": "473000000"}, {"fiscalDateEnding": "2014-02-28", "reportedCurrency": "USD", "grossProfit": "3263000000", "totalRevenue": "26306000000", "costOfRevenue": "23043000000", "costofGoodsAndServicesSold": "23043000000", "operatingIncome": "724000000", "sellingGeneralAndAdministrative": "None", "researchAndDevelopment": "None", "operatingExpenses": "2539000000", "investmentIncomeNet": "None", "netInterestIncome": "None", "interestIncome": "None", "interestExpense": "26000000", "nonInterestIncome": "None", "otherNonOperatingIncome": "None", "depreciation": "None", "depreciationAndAmortization": "240000000", "incomeBeforeTax": "728000000", "incomeTaxExpense": "255000000", "interestAndDebtExpense": "None", "netIncomeFromContinuingOperations": "None", "comprehensiveIncomeNetOfTax": "None", "ebit": "754000000", "ebitda": "994000000", "netIncome": "463000000"}, {"fiscalDateEnding": "2013-11-30", "reportedCurrency": "USD", "grossProfit": "3193000000", "totalRevenue": "25017000000", "costOfRevenue": "21824000000", "costofGoodsAndServicesSold": "21824000000", "operatingIncome": "668000000", "sellingGeneralAndAdministrative": "None", "researchAndDevelopment": "None", "operatingExpenses": "2525000000", "investmentIncomeNet": "None", "netInterestIncome": "None", "interestIncome": "None", "interestExpense": "27000000", "nonInterestIncome": "None", "otherNonOperatingIncome": "None", "depreciation": "None", "depreciationAndAmortization": "231000000", "incomeBeforeTax": "659000000", "incomeTaxExpense": "228000000", "interestAndDebtExpense": "None", "netIncomeFromContinuingOperations": "None", "comprehensiveIncomeNetOfTax": "None", "ebit": "686000000", "ebitda": "917000000", "netIncome": "425000000"}, {"fiscalDateEnding": "2013-08-31", "reportedCurrency": "USD", "grossProfit": "4069000000", "totalRevenue": "32487000000", "costOfRevenue": "28418000000", "costofGoodsAndServicesSold": "28418000000", "operatingIncome": "954000000", "sellingGeneralAndAdministrative": "None", "researchAndDevelopment": "None", "operatingExpenses": "3115000000", "investmentIncomeNet": "None", "netInterestIncome": "None", "interestIncome": "None", "interestExpense": "36000000", "nonInterestIncome": "None", "otherNonOperatingIncome": "None", "depreciation": "None", "depreciationAndAmortization": "295000000", "incomeBeforeTax": "954000000", "incomeTaxExpense": "332000000", "interestAndDebtExpense": "None", "netIncomeFromContinuingOperations": "None", "comprehensiveIncomeNetOfTax": "None", "ebit": "990000000", "ebitda": "1285000000", "netIncome": "617000000"}, {"fiscalDateEnding": "2013-05-31", "reportedCurrency": "USD", "grossProfit": "3045000000", "totalRevenue": "24083000000", "costOfRevenue": "21038000000", "costofGoodsAndServicesSold": "21038000000", "operatingIncome": "722000000", "sellingGeneralAndAdministrative": "None", "researchAndDevelopment": "None", "operatingExpenses": "2323000000", "investmentIncomeNet": "None", "netInterestIncome": "None", "interestIncome": "None", "interestExpense": "25000000", "nonInterestIncome": "None", "otherNonOperatingIncome": "None", "depreciation": "None", "depreciationAndAmortization": "651000000", "incomeBeforeTax": "712000000", "incomeTaxExpense": "248000000", "interestAndDebtExpense": "None", "netIncomeFromContinuingOperations": "None", "comprehensiveIncomeNetOfTax": "None", "ebit": "737000000", "ebitda": "1388000000", "netIncome": "459000000"}, {"fiscalDateEnding": "2013-02-28", "reportedCurrency": "USD", "grossProfit": "3105000000", "totalRevenue": "24871000000", "costOfRevenue": "21766000000", "costofGoodsAndServicesSold": "21766000000", "operatingIncome": "738000000", "sellingGeneralAndAdministrative": "None", "researchAndDevelopment": "None", "operatingExpenses": "2367000000", "investmentIncomeNet": "None", "netInterestIncome": "None", "interestIncome": "None", "interestExpense": "25000000", "nonInterestIncome": "None", "otherNonOperatingIncome": "None", "depreciation": "None", "depreciationAndAmortization": "217000000", "incomeBeforeTax": "739000000", "incomeTaxExpense": "185000000", "interestAndDebtExpense": "None", "netIncomeFromContinuingOperations": "None", "comprehensiveIncomeNetOfTax": "None", "ebit": "764000000", "ebitda": "981000000", "netIncome": "547000000"}, {"fiscalDateEnding": "2012-11-30", "reportedCurrency": "USD", "grossProfit": "2989000000", "totalRevenue": "23715000000", "costOfRevenue": "20726000000", "costofGoodsAndServicesSold": "20726000000", "operatingIncome": "639000000", "sellingGeneralAndAdministrative": "None", "researchAndDevelopment": "None", "operatingExpenses": "2350000000", "investmentIncomeNet": "None", "netInterestIncome": "None", "interestIncome": "None", "interestExpense": "13000000", "nonInterestIncome": "None", "otherNonOperatingIncome": "None", "depreciation": "None", "depreciationAndAmortization": "213000000", "incomeBeforeTax": "646000000", "incomeTaxExpense": "225000000", "interestAndDebtExpense": "None", "netIncomeFromContinuingOperations": "None", "comprehensiveIncomeNetOfTax": "None", "ebit": "659000000", "ebitda": "872000000", "netIncome": "416000000"}, {"fiscalDateEnding": "2012-08-31", "reportedCurrency": "USD", "grossProfit": "4008000000", "totalRevenue": "32218000000", "costOfRevenue": "28210000000", "costofGoodsAndServicesSold": "28210000000", "operatingIncome": "949000000", "sellingGeneralAndAdministrative": "None", "researchAndDevelopment": "None", "operatingExpenses": "3059000000", "investmentIncomeNet": "None", "netInterestIncome": "None", "interestIncome": "None", "interestExpense": "22000000", "nonInterestIncome": "None", "otherNonOperatingIncome": "None", "depreciation": "None", "depreciationAndAmortization": "292000000", "incomeBeforeTax": "965000000", "incomeTaxExpense": "343000000", "interestAndDebtExpense": "None", "netIncomeFromContinuingOperations": "None", "comprehensiveIncomeNetOfTax": "None", "ebit": "949000000", "ebitda": "1241000000", "netIncome": "609000000"}, {"fiscalDateEnding": "2012-05-31", "reportedCurrency": "USD", "grossProfit": "2781000000", "totalRevenue": "22324000000", "costOfRevenue": "19543000000", "costofGoodsAndServicesSold": "19543000000", "operatingIncome": "623000000", "sellingGeneralAndAdministrative": "None", "researchAndDevelopment": "None", "operatingExpenses": "2158000000", "investmentIncomeNet": "None", "netInterestIncome": "None", "interestIncome": "None", "interestExpense": "19000000", "nonInterestIncome": "None", "otherNonOperatingIncome": "None", "depreciation": "None", "depreciationAndAmortization": "202000000", "incomeBeforeTax": "622000000", "incomeTaxExpense": "217000000", "interestAndDebtExpense": "None", "netIncomeFromContinuingOperations": "None", "comprehensiveIncomeNetOfTax": "None", "ebit": "641000000", "ebitda": "843000000", "netIncome": "386000000"}, {"fiscalDateEnding": "2012-02-29", "reportedCurrency": "USD", "grossProfit": "2828000000", "totalRevenue": "22967000000", "costOfRevenue": "20139000000", "costofGoodsAndServicesSold": "20139000000", "operatingIncome": "644000000", "sellingGeneralAndAdministrative": "None", "researchAndDevelopment": "None", "operatingExpenses": "2184000000", "investmentIncomeNet": "None", "netInterestIncome": "None", "interestIncome": "None", "interestExpense": "27000000", "nonInterestIncome": "None", "otherNonOperatingIncome": "None", "depreciation": "None", "depreciationAndAmortization": "209000000", "incomeBeforeTax": "627000000", "incomeTaxExpense": "215000000", "interestAndDebtExpense": "None", "netIncomeFromContinuingOperations": "None", "comprehensiveIncomeNetOfTax": "None", "ebit": "654000000", "ebitda": "863000000", "netIncome": "394000000"}, {"fiscalDateEnding": "2011-11-30", "reportedCurrency": "USD", "grossProfit": "2697000000", "totalRevenue": "21628000000", "costOfRevenue": "18931000000", "costofGoodsAndServicesSold": "18931000000", "operatingIncome": "543000000", "sellingGeneralAndAdministrative": "None", "researchAndDevelopment": "None", "operatingExpenses": "2154000000", "investmentIncomeNet": "None", "netInterestIncome": "None", "interestIncome": "None", "interestExpense": "27000000", "nonInterestIncome": "None", "otherNonOperatingIncome": "None", "depreciation": "None", "depreciationAndAmortization": "205000000", "incomeBeforeTax": "553000000", "incomeTaxExpense": "225000000", "interestAndDebtExpense": "None", "netIncomeFromContinuingOperations": "None", "comprehensiveIncomeNetOfTax": "None", "ebit": "580000000", "ebitda": "785000000", "netIncome": "320000000"}, {"fiscalDateEnding": "2011-08-31", "reportedCurrency": "USD", "grossProfit": "3498000000", "totalRevenue": "28178000000", "costOfRevenue": "24680000000", "costofGoodsAndServicesSold": "24680000000", "operatingIncome": "762000000", "sellingGeneralAndAdministrative": "None", "researchAndDevelopment": "None", "operatingExpenses": "2736000000", "investmentIncomeNet": "None", "netInterestIncome": "None", "interestIncome": "None", "interestExpense": "36000000", "nonInterestIncome": "None", "otherNonOperatingIncome": "None", "depreciation": "None", "depreciationAndAmortization": "273000000", "incomeBeforeTax": "772000000", "incomeTaxExpense": "272000000", "interestAndDebtExpense": "None", "netIncomeFromContinuingOperations": "None", "comprehensiveIncomeNetOfTax": "None", "ebit": "762000000", "ebitda": "1035000000", "netIncome": "478000000"}, {"fiscalDateEnding": "2011-05-31", "reportedCurrency": "USD", "grossProfit": "2556000000", "totalRevenue": "20623000000", "costOfRevenue": "18067000000", "costofGoodsAndServicesSold": "18067000000", "operatingIncome": "556000000", "sellingGeneralAndAdministrative": "None", "researchAndDevelopment": "None", "operatingExpenses": "2000000000", "investmentIncomeNet": "None", "netInterestIncome": "None", "interestIncome": "None", "interestExpense": "27000000", "nonInterestIncome": "None", "otherNonOperatingIncome": "None", "depreciation": "None", "depreciationAndAmortization": "196000000", "incomeBeforeTax": "534000000", "incomeTaxExpense": "193000000", "interestAndDebtExpense": "None", "netIncomeFromContinuingOperations": "None", "comprehensiveIncomeNetOfTax": "None", "ebit": "561000000", "ebitda": "757000000", "netIncome": "324000000"}, {"fiscalDateEnding": "2011-02-28", "reportedCurrency": "USD", "grossProfit": "2640000000", "totalRevenue": "20875000000", "costOfRevenue": "18235000000", "costofGoodsAndServicesSold": "18235000000", "operatingIncome": "596000000", "sellingGeneralAndAdministrative": "None", "researchAndDevelopment": "None", "operatingExpenses": "2044000000", "investmentIncomeNet": "None", "netInterestIncome": "None", "interestIncome": "None", "interestExpense": "27000000", "nonInterestIncome": "None", "otherNonOperatingIncome": "None", "depreciation": "None", "depreciationAndAmortization": "195000000", "incomeBeforeTax": "573000000", "incomeTaxExpense": "204000000", "interestAndDebtExpense": "None", "netIncomeFromContinuingOperations": "None", "comprehensiveIncomeNetOfTax": "None", "ebit": "600000000", "ebitda": "795000000", "netIncome": "348000000"}, {"fiscalDateEnding": "2010-11-30", "reportedCurrency": "USD", "grossProfit": "2482000000", "totalRevenue": "19239000000", "costOfRevenue": "16757000000", "costofGoodsAndServicesSold": "16757000000", "operatingIncome": "525000000", "sellingGeneralAndAdministrative": "None", "researchAndDevelopment": "None", "operatingExpenses": "1957000000", "investmentIncomeNet": "None", "netInterestIncome": "None", "interestIncome": "None", "interestExpense": "26000000", "nonInterestIncome": "None", "otherNonOperatingIncome": "None", "depreciation": "None", "depreciationAndAmortization": "191000000", "incomeBeforeTax": "504000000", "incomeTaxExpense": "172000000", "interestAndDebtExpense": "None", "netIncomeFromContinuingOperations": "None", "comprehensiveIncomeNetOfTax": "None", "ebit": "530000000", "ebitda": "721000000", "netIncome": "312000000"}, {"fiscalDateEnding": "2010-08-31", "reportedCurrency": "USD", "grossProfit": "3101000000", "totalRevenue": "24125000000", "costOfRevenue": "21024000000", "costofGoodsAndServicesSold": "21024000000", "operatingIncome": "688000000", "sellingGeneralAndAdministrative": "None", "researchAndDevelopment": "None", "operatingExpenses": "2413000000", "investmentIncomeNet": "None", "netInterestIncome": "None", "interestIncome": "None", "interestExpense": "34000000", "nonInterestIncome": "None", "otherNonOperatingIncome": "None", "depreciation": "None", "depreciationAndAmortization": "246000000", "incomeBeforeTax": "684000000", "incomeTaxExpense": "247000000", "interestAndDebtExpense": "None", "netIncomeFromContinuingOperations": "None", "comprehensiveIncomeNetOfTax": "None", "ebit": "688000000", "ebitda": "934000000", "netIncome": "432000000"}, {"fiscalDateEnding": "2010-05-31", "reportedCurrency": "USD", "grossProfit": "2286000000", "totalRevenue": "17780000000", "costOfRevenue": "15494000000", "costofGoodsAndServicesSold": "15494000000", "operatingIncome": "491000000", "sellingGeneralAndAdministrative": "None", "researchAndDevelopment": "None", "operatingExpenses": "1795000000", "investmentIncomeNet": "None", "netInterestIncome": "None", "interestIncome": "None", "interestExpense": "27000000", "nonInterestIncome": "None", "otherNonOperatingIncome": "None", "depreciation": "None", "depreciationAndAmortization": "180000000", "incomeBeforeTax": "474000000", "incomeTaxExpense": "163000000", "interestAndDebtExpense": "None", "netIncomeFromContinuingOperations": "None", "comprehensiveIncomeNetOfTax": "None", "ebit": "501000000", "ebitda": "681000000", "netIncome": "306000000"}, {"fiscalDateEnding": "2010-02-28", "reportedCurrency": "USD", "grossProfit": "2346000000", "totalRevenue": "18742000000", "costOfRevenue": "16396000000", "costofGoodsAndServicesSold": "16396000000", "operatingIncome": "470000000", "sellingGeneralAndAdministrative": "None", "researchAndDevelopment": "None", "operatingExpenses": "1876000000", "investmentIncomeNet": "None", "netInterestIncome": "None", "interestIncome": "None", "interestExpense": "26000000", "nonInterestIncome": "None", "otherNonOperatingIncome": "None", "depreciation": "None", "depreciationAndAmortization": "185000000", "incomeBeforeTax": "474000000", "incomeTaxExpense": "169000000", "interestAndDebtExpense": "None", "netIncomeFromContinuingOperations": "None", "comprehensiveIncomeNetOfTax": "None", "ebit": "500000000", "ebitda": "685000000", "netIncome": "299000000"}, {"fiscalDateEnding": "2009-11-30", "reportedCurrency": "USD", "grossProfit": "2218000000", "totalRevenue": "17299000000", "costOfRevenue": "15081000000", "costofGoodsAndServicesSold": "15081000000", "operatingIncome": "428000000", "sellingGeneralAndAdministrative": "None", "researchAndDevelopment": "None", "operatingExpenses": "1790000000", "investmentIncomeNet": "None", "netInterestIncome": "None", "interestIncome": "None", "interestExpense": "24000000", "nonInterestIncome": "None", "otherNonOperatingIncome": "None", "depreciation": "None", "depreciationAndAmortization": "184000000", "incomeBeforeTax": "422000000", "incomeTaxExpense": "152000000", "interestAndDebtExpense": "None", "netIncomeFromContinuingOperations": "None", "comprehensiveIncomeNetOfTax": "None", "ebit": "446000000", "ebitda": "630000000", "netIncome": "266000000"}, {"fiscalDateEnding": "2009-08-31", "reportedCurrency": "USD", "grossProfit": "2866000000", "totalRevenue": "22378000000", "costOfRevenue": "19512000000", "costofGoodsAndServicesSold": "19512000000", "operatingIncome": "598000000", "sellingGeneralAndAdministrative": "None", "researchAndDevelopment": "None", "operatingExpenses": "2266000000", "investmentIncomeNet": "None", "netInterestIncome": "None", "interestIncome": "None", "interestExpense": "33000000", "nonInterestIncome": "None", "otherNonOperatingIncome": "None", "depreciation": "None", "depreciationAndAmortization": "241000000", "incomeBeforeTax": "580000000", "incomeTaxExpense": "206000000", "interestAndDebtExpense": "None", "netIncomeFromContinuingOperations": "None", "comprehensiveIncomeNetOfTax": "None", "ebit": "598000000", "ebitda": "839000000", "netIncome": "374000000"}, {"fiscalDateEnding": "2009-05-31", "reportedCurrency": "USD", "grossProfit": "2030000000", "totalRevenue": "15806000000", "costOfRevenue": "13776000000", "costofGoodsAndServicesSold": "13776000000", "operatingIncome": "359000000", "sellingGeneralAndAdministrative": "None", "researchAndDevelopment": "None", "operatingExpenses": "1664000000", "investmentIncomeNet": "None", "netInterestIncome": "None", "interestIncome": "None", "interestExpense": "25000000", "nonInterestIncome": "None", "otherNonOperatingIncome": "None", "depreciation": "None", "depreciationAndAmortization": "171000000", "incomeBeforeTax": "338000000", "incomeTaxExpense": "128000000", "interestAndDebtExpense": "None", "netIncomeFromContinuingOperations": "None", "comprehensiveIncomeNetOfTax": "None", "ebit": "365000000", "ebitda": "536000000", "netIncome": "210000000"}, {"fiscalDateEnding": "2009-02-28", "reportedCurrency": "USD", "grossProfit": "2072000000", "totalRevenue": "16843000000", "costOfRevenue": "14771000000", "costofGoodsAndServicesSold": "14771000000", "operatingIncome": "398000000", "sellingGeneralAndAdministrative": "None", "researchAndDevelopment": "None", "operatingExpenses": "1674000000", "investmentIncomeNet": "None", "netInterestIncome": "None", "interestIncome": "None", "interestExpense": "25000000", "nonInterestIncome": "None", "otherNonOperatingIncome": "None", "depreciation": "None", "depreciationAndAmortization": "161000000", "incomeBeforeTax": "381000000", "incomeTaxExpense": "142000000", "interestAndDebtExpense": "None", "netIncomeFromContinuingOperations": "None", "comprehensiveIncomeNetOfTax": "None", "ebit": "410000000", "ebitda": "571000000", "netIncome": "239000000"}, {"fiscalDateEnding": "2008-11-30", "reportedCurrency": "USD", "grossProfit": "2119000000", "totalRevenue": "16395000000", "costOfRevenue": "14276000000", "costofGoodsAndServicesSold": "14276000000", "operatingIncome": "422000000", "sellingGeneralAndAdministrative": "None", "researchAndDevelopment": "None", "operatingExpenses": "1697000000", "investmentIncomeNet": "None", "netInterestIncome": "None", "interestIncome": "None", "interestExpense": "25000000", "nonInterestIncome": "None", "otherNonOperatingIncome": "None", "depreciation": "None", "depreciationAndAmortization": "155000000", "incomeBeforeTax": "415000000", "incomeTaxExpense": "152000000", "interestAndDebtExpense": "None", "netIncomeFromContinuingOperations": "None", "comprehensiveIncomeNetOfTax": "None", "ebit": "443000000", "ebitda": "598000000", "netIncome": "263000000"}, {"fiscalDateEnding": "2008-08-31", "reportedCurrency": "USD", "grossProfit": "2801859000", "totalRevenue": "23099887000", "costOfRevenue": "20298028000", "costofGoodsAndServicesSold": "20298028000", "operatingIncome": "604074000", "sellingGeneralAndAdministrative": "None", "researchAndDevelopment": "None", "operatingExpenses": "2197785000", "investmentIncomeNet": "None", "netInterestIncome": "None", "interestIncome": "None", "interestExpense": "None", "nonInterestIncome": "None", "otherNonOperatingIncome": "None", "depreciation": "None", "depreciationAndAmortization": "216560000", "incomeBeforeTax": "607023000", "incomeTaxExpense": "209195000", "interestAndDebtExpense": "None", "netIncomeFromContinuingOperations": "None", "comprehensiveIncomeNetOfTax": "None", "ebit": "604074000", "ebitda": "820634000", "netIncome": "397828000"}, {"fiscalDateEnding": "2008-05-31", "reportedCurrency": "USD", "grossProfit": "2065695000", "totalRevenue": "16613717000", "costOfRevenue": "14548022000", "costofGoodsAndServicesSold": "14548022000", "operatingIncome": "465575000", "sellingGeneralAndAdministrative": "None", "researchAndDevelopment": "None", "operatingExpenses": "1600120000", "investmentIncomeNet": "None", "netInterestIncome": "None", "interestIncome": "None", "interestExpense": "25000000", "nonInterestIncome": "None", "otherNonOperatingIncome": "None", "depreciation": "None", "depreciationAndAmortization": "149980000", "incomeBeforeTax": "465323000", "incomeTaxExpense": "170257000", "interestAndDebtExpense": "None", "netIncomeFromContinuingOperations": "None", "comprehensiveIncomeNetOfTax": "None", "ebit": "489478000", "ebitda": "639458000", "netIncome": "295000000"}, {"fiscalDateEnding": "2008-02-29", "reportedCurrency": "USD", "grossProfit": "2126697000", "totalRevenue": "16959886000", "costOfRevenue": "14833189000", "costofGoodsAndServicesSold": "14833189000", "operatingIncome": "504332000", "sellingGeneralAndAdministrative": "None", "researchAndDevelopment": "None", "operatingExpenses": "1622365000", "investmentIncomeNet": "None", "netInterestIncome": "None", "interestIncome": "None", "interestExpense": "23471000", "nonInterestIncome": "None", "otherNonOperatingIncome": "None", "depreciation": "None", "depreciationAndAmortization": "145048000", "incomeBeforeTax": "521465000", "incomeTaxExpense": "193615000", "interestAndDebtExpense": "None", "netIncomeFromContinuingOperations": "None", "comprehensiveIncomeNetOfTax": "None", "ebit": "359284000", "ebitda": "504332000", "netIncome": "327850000"}, {"fiscalDateEnding": "2007-11-30", "reportedCurrency": "USD", "grossProfit": "1986019000", "totalRevenue": "15809530000", "costOfRevenue": "13823511000", "costofGoodsAndServicesSold": "13823511000", "operatingIncome": "394854000", "sellingGeneralAndAdministrative": "None", "researchAndDevelopment": "None", "operatingExpenses": "1591165000", "investmentIncomeNet": "None", "netInterestIncome": "None", "interestIncome": "None", "interestExpense": "22968000", "nonInterestIncome": "None", "otherNonOperatingIncome": "None", "depreciation": "None", "depreciationAndAmortization": "141494000", "incomeBeforeTax": "405163000", "incomeTaxExpense": "143182000", "interestAndDebtExpense": "None", "netIncomeFromContinuingOperations": "None", "comprehensiveIncomeNetOfTax": "None", "ebit": "394854000", "ebitda": "536348000", "netIncome": "262000000"}, {"fiscalDateEnding": "2007-08-31", "reportedCurrency": "USD", "grossProfit": "2545855000", "totalRevenue": "20477260000", "costOfRevenue": "17931405000", "costofGoodsAndServicesSold": "17931405000", "operatingIncome": "555053000", "sellingGeneralAndAdministrative": "None", "researchAndDevelopment": "None", "operatingExpenses": "1999524000", "investmentIncomeNet": "None", "netInterestIncome": "None", "interestIncome": "None", "interestExpense": "31776000", "nonInterestIncome": "None", "otherNonOperatingIncome": "None", "depreciation": "None", "depreciationAndAmortization": "177960000", "incomeBeforeTax": "581759000", "incomeTaxExpense": "209337000", "interestAndDebtExpense": "None", "netIncomeFromContinuingOperations": "None", "comprehensiveIncomeNetOfTax": "None", "ebit": "546331000", "ebitda": "724291000", "netIncome": "372422000"}, {"fiscalDateEnding": "2007-05-31", "reportedCurrency": "USD", "grossProfit": "1781668000", "totalRevenue": "14659255000", "costOfRevenue": "12877587000", "costofGoodsAndServicesSold": "12877587000", "operatingIncome": "339065000", "sellingGeneralAndAdministrative": "None", "researchAndDevelopment": "None", "operatingExpenses": "1441672000", "investmentIncomeNet": "None", "netInterestIncome": "None", "interestIncome": "None", "interestExpense": "26016000", "nonInterestIncome": "None", "otherNonOperatingIncome": "None", "depreciation": "None", "depreciationAndAmortization": "129830000", "incomeBeforeTax": "355887000", "incomeTaxExpense": "131901000", "interestAndDebtExpense": "None", "netIncomeFromContinuingOperations": "None", "comprehensiveIncomeNetOfTax": "None", "ebit": "339996000", "ebitda": "469826000", "netIncome": "223986000"}, {"fiscalDateEnding": "2007-02-28", "reportedCurrency": "USD", "grossProfit": "1860264000", "totalRevenue": "15112016000", "costOfRevenue": "13251752000", "costofGoodsAndServicesSold": "13251752000", "operatingIncome": "361328000", "sellingGeneralAndAdministrative": "None", "researchAndDevelopment": "None", "operatingExpenses": "1495477000", "investmentIncomeNet": "None", "netInterestIncome": "None", "interestIncome": "None", "interestExpense": "3620000", "nonInterestIncome": "None", "otherNonOperatingIncome": "None", "depreciation": "None", "depreciationAndAmortization": "131619000", "incomeBeforeTax": "394234000", "incomeTaxExpense": "144756000", "interestAndDebtExpense": "None", "netIncomeFromContinuingOperations": "None", "comprehensiveIncomeNetOfTax": "None", "ebit": "364787000", "ebitda": "496406000", "netIncome": "249478000"}, {"fiscalDateEnding": "2006-11-30", "reportedCurrency": "USD", "grossProfit": "1762666000", "totalRevenue": "14151624000", "costOfRevenue": "12388958000", "costofGoodsAndServicesSold": "12388958000", "operatingIncome": "353140000", "sellingGeneralAndAdministrative": "None", "researchAndDevelopment": "None", "operatingExpenses": "1405194000", "investmentIncomeNet": "None", "netInterestIncome": "None", "interestIncome": "None", "interestExpense": "2140000", "nonInterestIncome": "None", "otherNonOperatingIncome": "None", "depreciation": "None", "depreciationAndAmortization": "126976000", "incomeBeforeTax": "378111000", "incomeTaxExpense": "141225000", "interestAndDebtExpense": "None", "netIncomeFromContinuingOperations": "None", "comprehensiveIncomeNetOfTax": "None", "ebit": "357472000", "ebitda": "484448000", "netIncome": "236886000"}, {"fiscalDateEnding": "2006-08-31", "reportedCurrency": "USD", "grossProfit": "2419699000", "totalRevenue": "19896123000", "costOfRevenue": "17476424000", "costofGoodsAndServicesSold": "17476424000", "operatingIncome": "514114000", "sellingGeneralAndAdministrative": "None", "researchAndDevelopment": "None", "operatingExpenses": "1903953000", "investmentIncomeNet": "None", "netInterestIncome": "None", "interestIncome": "None", "interestExpense": "None", "nonInterestIncome": "None", "otherNonOperatingIncome": "None", "depreciation": "None", "depreciationAndAmortization": "178557000", "incomeBeforeTax": "554709000", "incomeTaxExpense": "199110000", "interestAndDebtExpense": "None", "netIncomeFromContinuingOperations": "None", "comprehensiveIncomeNetOfTax": "None", "ebit": "515746000", "ebitda": "694303000", "netIncome": "355599000"}, {"fiscalDateEnding": "2006-05-31", "reportedCurrency": "USD", "grossProfit": "1638123000", "totalRevenue": "13273175000", "costOfRevenue": "11635052000", "costofGoodsAndServicesSold": "11635052000", "operatingIncome": "354707000", "sellingGeneralAndAdministrative": "None", "researchAndDevelopment": "None", "operatingExpenses": "1282234000", "investmentIncomeNet": "None", "netInterestIncome": "None", "interestIncome": "None", "interestExpense": "2679000", "nonInterestIncome": "None", "otherNonOperatingIncome": "None", "depreciation": "None", "depreciationAndAmortization": "112331000", "incomeBeforeTax": "385779000", "incomeTaxExpense": "150184000", "interestAndDebtExpense": "None", "netIncomeFromContinuingOperations": "None", "comprehensiveIncomeNetOfTax": "None", "ebit": "371584000", "ebitda": "483915000", "netIncome": "235595000"}, {"fiscalDateEnding": "2006-02-28", "reportedCurrency": "USD", "grossProfit": "1750726000", "totalRevenue": "14054576000", "costOfRevenue": "12303850000", "costofGoodsAndServicesSold": "12303850000", "operatingIncome": "431316000", "sellingGeneralAndAdministrative": "None", "researchAndDevelopment": "None", "operatingExpenses": "1319410000", "investmentIncomeNet": "None", "netInterestIncome": "None", "interestIncome": "None", "interestExpense": "2923000", "nonInterestIncome": "None", "otherNonOperatingIncome": "None", "depreciation": "None", "depreciationAndAmortization": "109797000", "incomeBeforeTax": "463618000", "incomeTaxExpense": "167415000", "interestAndDebtExpense": "None", "netIncomeFromContinuingOperations": "None", "comprehensiveIncomeNetOfTax": "None", "ebit": "433205000", "ebitda": "543002000", "netIncome": "296203000"}, {"fiscalDateEnding": "2005-11-30", "reportedCurrency": "USD", "grossProfit": "1597182000", "totalRevenue": "12927353000", "costOfRevenue": "11330171000", "costofGoodsAndServicesSold": "11330171000", "operatingIncome": "325495000", "sellingGeneralAndAdministrative": "None", "researchAndDevelopment": "None", "operatingExpenses": "1271687000", "investmentIncomeNet": "None", "netInterestIncome": "None", "interestIncome": "None", "interestExpense": "3724000", "nonInterestIncome": "None", "otherNonOperatingIncome": "None", "depreciation": "None", "depreciationAndAmortization": "114600000", "incomeBeforeTax": "347311000", "incomeTaxExpense": "131493000", "interestAndDebtExpense": "None", "netIncomeFromContinuingOperations": "None", "comprehensiveIncomeNetOfTax": "None", "ebit": "210895000", "ebitda": "325495000", "netIncome": "215818000"}, {"fiscalDateEnding": "2005-08-31", "reportedCurrency": "USD", "grossProfit": "2047499000", "totalRevenue": "16702248000", "costOfRevenue": "14654749000", "costofGoodsAndServicesSold": "14654749000", "operatingIncome": "467624000", "sellingGeneralAndAdministrative": "None", "researchAndDevelopment": "None", "operatingExpenses": "1579875000", "investmentIncomeNet": "None", "netInterestIncome": "None", "interestIncome": "None", "interestExpense": "None", "nonInterestIncome": "None", "otherNonOperatingIncome": "None", "depreciation": "None", "depreciationAndAmortization": "148283000", "incomeBeforeTax": "498853000", "incomeTaxExpense": "144154000", "interestAndDebtExpense": "None", "netIncomeFromContinuingOperations": "None", "comprehensiveIncomeNetOfTax": "None", "ebit": "467624000", "ebitda": "615907000", "netIncome": "354699000"}, {"fiscalDateEnding": "2005-05-31", "reportedCurrency": "USD", "grossProfit": "1493239000", "totalRevenue": "11996900000", "costOfRevenue": "10503661000", "costofGoodsAndServicesSold": "10503661000", "operatingIncome": "316139000", "sellingGeneralAndAdministrative": "None", "researchAndDevelopment": "None", "operatingExpenses": "1177100000", "investmentIncomeNet": "None", "netInterestIncome": "None", "interestIncome": "None", "interestExpense": "8476000", "nonInterestIncome": "None", "otherNonOperatingIncome": "None", "depreciation": "None", "depreciationAndAmortization": "111411000", "incomeBeforeTax": "337822000", "incomeTaxExpense": "128034000", "interestAndDebtExpense": "None", "netIncomeFromContinuingOperations": "None", "comprehensiveIncomeNetOfTax": "None", "ebit": "204728000", "ebitda": "316139000", "netIncome": "209788000"}, {"fiscalDateEnding": "2005-02-28", "reportedCurrency": "USD", "grossProfit": "1602013000", "totalRevenue": "12658077000", "costOfRevenue": "11056064000", "costofGoodsAndServicesSold": "11056064000", "operatingIncome": "389895000", "sellingGeneralAndAdministrative": "None", "researchAndDevelopment": "None", "operatingExpenses": "1212118000", "investmentIncomeNet": "None", "netInterestIncome": "None", "interestIncome": "None", "interestExpense": "8980000", "nonInterestIncome": "None", "otherNonOperatingIncome": "None", "depreciation": "None", "depreciationAndAmortization": "110114000", "incomeBeforeTax": "405694000", "incomeTaxExpense": "100242000", "interestAndDebtExpense": "None", "netIncomeFromContinuingOperations": "None", "comprehensiveIncomeNetOfTax": "None", "ebit": "279781000", "ebitda": "389895000", "netIncome": "305452000"}]}