{"symbol": "TSN", "annualReports": [{"fiscalDateEnding": "2024-09-30", "reportedCurrency": "USD", "grossProfit": "3627000000", "totalRevenue": "53309000000", "costOfRevenue": "49682000000", "costofGoodsAndServicesSold": "49682000000", "operatingIncome": "1409000000", "sellingGeneralAndAdministrative": "2218000000", "researchAndDevelopment": "None", "operatingExpenses": "2218000000", "investmentIncomeNet": "None", "netInterestIncome": "-392000000", "interestIncome": "89000000", "interestExpense": "481000000", "nonInterestIncome": "None", "otherNonOperatingIncome": "None", "depreciation": "None", "depreciationAndAmortization": "1400000000", "incomeBeforeTax": "1092000000", "incomeTaxExpense": "270000000", "interestAndDebtExpense": "None", "netIncomeFromContinuingOperations": "822000000", "comprehensiveIncomeNetOfTax": "None", "ebit": "1573000000", "ebitda": "2973000000", "netIncome": "800000000"}, {"fiscalDateEnding": "2023-09-30", "reportedCurrency": "USD", "grossProfit": "2631000000", "totalRevenue": "52881000000", "costOfRevenue": "50250000000", "costofGoodsAndServicesSold": "50250000000", "operatingIncome": "-395000000", "sellingGeneralAndAdministrative": "2150000000", "researchAndDevelopment": "114000000", "operatingExpenses": "3026000000", "investmentIncomeNet": "None", "netInterestIncome": "-325000000", "interestIncome": "296000000", "interestExpense": "355000000", "nonInterestIncome": "None", "otherNonOperatingIncome": "None", "depreciation": "None", "depreciationAndAmortization": "1339000000", "incomeBeforeTax": "-678000000", "incomeTaxExpense": "-29000000", "interestAndDebtExpense": "None", "netIncomeFromContinuingOperations": "-649000000", "comprehensiveIncomeNetOfTax": "None", "ebit": "-323000000", "ebitda": "1016000000", "netIncome": "-648000000"}, {"fiscalDateEnding": "2022-09-30", "reportedCurrency": "USD", "grossProfit": "6668000000", "totalRevenue": "53282000000", "costOfRevenue": "46614000000", "costofGoodsAndServicesSold": "46614000000", "operatingIncome": "4410000000", "sellingGeneralAndAdministrative": "1975000000", "researchAndDevelopment": "108000000", "operatingExpenses": "2258000000", "investmentIncomeNet": "None", "netInterestIncome": "-348000000", "interestIncome": "17000000", "interestExpense": "365000000", "nonInterestIncome": "None", "otherNonOperatingIncome": "104000000", "depreciation": "None", "depreciationAndAmortization": "1202000000", "incomeBeforeTax": "4149000000", "incomeTaxExpense": "900000000", "interestAndDebtExpense": "None", "netIncomeFromContinuingOperations": "3249000000", "comprehensiveIncomeNetOfTax": "None", "ebit": "4514000000", "ebitda": "5716000000", "netIncome": "3238000000"}, {"fiscalDateEnding": "2021-09-30", "reportedCurrency": "USD", "grossProfit": "6526000000", "totalRevenue": "47049000000", "costOfRevenue": "40523000000", "costofGoodsAndServicesSold": "40523000000", "operatingIncome": "4396000000", "sellingGeneralAndAdministrative": "1884000000", "researchAndDevelopment": "114000000", "operatingExpenses": "2130000000", "investmentIncomeNet": "None", "netInterestIncome": "-420000000", "interestIncome": "420000000", "interestExpense": "428000000", "nonInterestIncome": "None", "otherNonOperatingIncome": "73000000", "depreciation": "None", "depreciationAndAmortization": "1214000000", "incomeBeforeTax": "4041000000", "incomeTaxExpense": "981000000", "interestAndDebtExpense": "None", "netIncomeFromContinuingOperations": "3060000000", "comprehensiveIncomeNetOfTax": "None", "ebit": "4469000000", "ebitda": "5683000000", "netIncome": "3047000000"}, {"fiscalDateEnding": "2020-09-30", "reportedCurrency": "USD", "grossProfit": "5384000000", "totalRevenue": "43185000000", "costOfRevenue": "37801000000", "costofGoodsAndServicesSold": "37801000000", "operatingIncome": "3008000000", "sellingGeneralAndAdministrative": "1987000000", "researchAndDevelopment": "98000000", "operatingExpenses": "2376000000", "investmentIncomeNet": "None", "netInterestIncome": "-475000000", "interestIncome": "475000000", "interestExpense": "485000000", "nonInterestIncome": "None", "otherNonOperatingIncome": "141000000", "depreciation": "None", "depreciationAndAmortization": "1192000000", "incomeBeforeTax": "2664000000", "incomeTaxExpense": "593000000", "interestAndDebtExpense": "None", "netIncomeFromContinuingOperations": "2150000000", "comprehensiveIncomeNetOfTax": "None", "ebit": "3149000000", "ebitda": "4341000000", "netIncome": "2061000000"}, {"fiscalDateEnding": "2019-09-30", "reportedCurrency": "USD", "grossProfit": "5022000000", "totalRevenue": "42405000000", "costOfRevenue": "37383000000", "costofGoodsAndServicesSold": "37383000000", "operatingIncome": "2770000000", "sellingGeneralAndAdministrative": "1919000000", "researchAndDevelopment": "97000000", "operatingExpenses": "2252000000", "investmentIncomeNet": "None", "netInterestIncome": "-451000000", "interestIncome": "11000000", "interestExpense": "462000000", "nonInterestIncome": "None", "otherNonOperatingIncome": "66000000", "depreciation": "None", "depreciationAndAmortization": "1098000000", "incomeBeforeTax": "2374000000", "incomeTaxExpense": "381000000", "interestAndDebtExpense": "None", "netIncomeFromContinuingOperations": "2035000000", "comprehensiveIncomeNetOfTax": "None", "ebit": "2836000000", "ebitda": "3934000000", "netIncome": "1980000000"}, {"fiscalDateEnding": "2018-09-30", "reportedCurrency": "USD", "grossProfit": "5096000000", "totalRevenue": "40052000000", "costOfRevenue": "34956000000", "costofGoodsAndServicesSold": "34956000000", "operatingIncome": "2969000000", "sellingGeneralAndAdministrative": "1828000000", "researchAndDevelopment": "114000000", "operatingExpenses": "2127000000", "investmentIncomeNet": "None", "netInterestIncome": "-343000000", "interestIncome": "7000000", "interestExpense": "350000000", "nonInterestIncome": "None", "otherNonOperatingIncome": "40000000", "depreciation": "None", "depreciationAndAmortization": "943000000", "incomeBeforeTax": "2682000000", "incomeTaxExpense": "-291000000", "interestAndDebtExpense": "None", "netIncomeFromContinuingOperations": "3027000000", "comprehensiveIncomeNetOfTax": "None", "ebit": "3032000000", "ebitda": "3975000000", "netIncome": "2970000000"}, {"fiscalDateEnding": "2017-09-30", "reportedCurrency": "USD", "grossProfit": "5062000000", "totalRevenue": "38260000000", "costOfRevenue": "33198000000", "costofGoodsAndServicesSold": "33198000000", "operatingIncome": "2921000000", "sellingGeneralAndAdministrative": "1914000000", "researchAndDevelopment": "113000000", "operatingExpenses": "2141000000", "investmentIncomeNet": "None", "netInterestIncome": "-272000000", "interestIncome": "7000000", "interestExpense": "279000000", "nonInterestIncome": "None", "otherNonOperatingIncome": "-24000000", "depreciation": "None", "depreciationAndAmortization": "761000000", "incomeBeforeTax": "2628000000", "incomeTaxExpense": "850000000", "interestAndDebtExpense": "None", "netIncomeFromContinuingOperations": "1778000000", "comprehensiveIncomeNetOfTax": "None", "ebit": "2907000000", "ebitda": "3668000000", "netIncome": "1774000000"}, {"fiscalDateEnding": "2016-09-30", "reportedCurrency": "USD", "grossProfit": "4697000000", "totalRevenue": "36881000000", "costOfRevenue": "32184000000", "costofGoodsAndServicesSold": "32184000000", "operatingIncome": "2833000000", "sellingGeneralAndAdministrative": "1626000000", "researchAndDevelopment": "96000000", "operatingExpenses": "1864000000", "investmentIncomeNet": "None", "netInterestIncome": "-243000000", "interestIncome": "6000000", "interestExpense": "249000000", "nonInterestIncome": "None", "otherNonOperatingIncome": "14000000", "depreciation": "None", "depreciationAndAmortization": "705000000", "incomeBeforeTax": "2598000000", "incomeTaxExpense": "826000000", "interestAndDebtExpense": "None", "netIncomeFromContinuingOperations": "1772000000", "comprehensiveIncomeNetOfTax": "None", "ebit": "2847000000", "ebitda": "3552000000", "netIncome": "1768000000"}, {"fiscalDateEnding": "2015-09-30", "reportedCurrency": "USD", "grossProfit": "3917000000", "totalRevenue": "41373000000", "costOfRevenue": "37456000000", "costofGoodsAndServicesSold": "37456000000", "operatingIncome": "2169000000", "sellingGeneralAndAdministrative": "1567000000", "researchAndDevelopment": "75000000", "operatingExpenses": "1748000000", "investmentIncomeNet": "None", "netInterestIncome": "None", "interestIncome": "280000000", "interestExpense": "293000000", "nonInterestIncome": "None", "otherNonOperatingIncome": "45000000", "depreciation": "None", "depreciationAndAmortization": "711000000", "incomeBeforeTax": "1921000000", "incomeTaxExpense": "697000000", "interestAndDebtExpense": "None", "netIncomeFromContinuingOperations": "1224000000", "comprehensiveIncomeNetOfTax": "None", "ebit": "2214000000", "ebitda": "2925000000", "netIncome": "1220000000"}, {"fiscalDateEnding": "2014-09-30", "reportedCurrency": "USD", "grossProfit": "2685000000", "totalRevenue": "37580000000", "costOfRevenue": "34895000000", "costofGoodsAndServicesSold": "34895000000", "operatingIncome": "1430000000", "sellingGeneralAndAdministrative": "1255000000", "researchAndDevelopment": "52000000", "operatingExpenses": "1255000000", "investmentIncomeNet": "None", "netInterestIncome": "None", "interestIncome": "None", "interestExpense": "132000000", "nonInterestIncome": "None", "otherNonOperatingIncome": "-46000000", "depreciation": "None", "depreciationAndAmortization": "530000000", "incomeBeforeTax": "1252000000", "incomeTaxExpense": "396000000", "interestAndDebtExpense": "None", "netIncomeFromContinuingOperations": "856000000", "comprehensiveIncomeNetOfTax": "None", "ebit": "1384000000", "ebitda": "1914000000", "netIncome": "864000000"}, {"fiscalDateEnding": "2013-09-30", "reportedCurrency": "USD", "grossProfit": "2358000000", "totalRevenue": "34374000000", "costOfRevenue": "32016000000", "costofGoodsAndServicesSold": "32016000000", "operatingIncome": "1375000000", "sellingGeneralAndAdministrative": "983000000", "researchAndDevelopment": "50000000", "operatingExpenses": "983000000", "investmentIncomeNet": "None", "netInterestIncome": "None", "interestIncome": "None", "interestExpense": "145000000", "nonInterestIncome": "None", "otherNonOperatingIncome": "27000000", "depreciation": "None", "depreciationAndAmortization": "519000000", "incomeBeforeTax": "1257000000", "incomeTaxExpense": "409000000", "interestAndDebtExpense": "None", "netIncomeFromContinuingOperations": "848000000", "comprehensiveIncomeNetOfTax": "None", "ebit": "1402000000", "ebitda": "1921000000", "netIncome": "778000000"}, {"fiscalDateEnding": "2012-09-30", "reportedCurrency": "USD", "grossProfit": "2190000000", "totalRevenue": "33055000000", "costOfRevenue": "30865000000", "costofGoodsAndServicesSold": "30865000000", "operatingIncome": "1286000000", "sellingGeneralAndAdministrative": "416000000", "researchAndDevelopment": "43000000", "operatingExpenses": "904000000", "investmentIncomeNet": "None", "netInterestIncome": "None", "interestIncome": "None", "interestExpense": "356000000", "nonInterestIncome": "None", "otherNonOperatingIncome": "None", "depreciation": "None", "depreciationAndAmortization": "499000000", "incomeBeforeTax": "965000000", "incomeTaxExpense": "351000000", "interestAndDebtExpense": "None", "netIncomeFromContinuingOperations": "None", "comprehensiveIncomeNetOfTax": "None", "ebit": "1321000000", "ebitda": "1820000000", "netIncome": "583000000"}, {"fiscalDateEnding": "2011-09-30", "reportedCurrency": "USD", "grossProfit": "2195000000", "totalRevenue": "32032000000", "costOfRevenue": "29837000000", "costofGoodsAndServicesSold": "29837000000", "operatingIncome": "1289000000", "sellingGeneralAndAdministrative": "914000000", "researchAndDevelopment": "42000000", "operatingExpenses": "906000000", "investmentIncomeNet": "None", "netInterestIncome": "None", "interestIncome": "None", "interestExpense": "242000000", "nonInterestIncome": "None", "otherNonOperatingIncome": "None", "depreciation": "None", "depreciationAndAmortization": "506000000", "incomeBeforeTax": "1078000000", "incomeTaxExpense": "340000000", "interestAndDebtExpense": "None", "netIncomeFromContinuingOperations": "None", "comprehensiveIncomeNetOfTax": "None", "ebit": "1320000000", "ebitda": "1826000000", "netIncome": "750000000"}, {"fiscalDateEnding": "2010-09-30", "reportedCurrency": "USD", "grossProfit": "2514000000", "totalRevenue": "28430000000", "costOfRevenue": "25916000000", "costofGoodsAndServicesSold": "25916000000", "operatingIncome": "1556000000", "sellingGeneralAndAdministrative": "929000000", "researchAndDevelopment": "38000000", "operatingExpenses": "958000000", "investmentIncomeNet": "None", "netInterestIncome": "None", "interestIncome": "None", "interestExpense": "347000000", "nonInterestIncome": "None", "otherNonOperatingIncome": "None", "depreciation": "None", "depreciationAndAmortization": "497000000", "incomeBeforeTax": "1203000000", "incomeTaxExpense": "438000000", "interestAndDebtExpense": "None", "netIncomeFromContinuingOperations": "None", "comprehensiveIncomeNetOfTax": "None", "ebit": "1550000000", "ebitda": "2047000000", "netIncome": "780000000"}, {"fiscalDateEnding": "2009-09-30", "reportedCurrency": "USD", "grossProfit": "1203000000", "totalRevenue": "26704000000", "costOfRevenue": "25501000000", "costofGoodsAndServicesSold": "25501000000", "operatingIncome": "-215000000", "sellingGeneralAndAdministrative": "841000000", "researchAndDevelopment": "None", "operatingExpenses": "1418000000", "investmentIncomeNet": "None", "netInterestIncome": "None", "interestIncome": "None", "interestExpense": "327000000", "nonInterestIncome": "None", "otherNonOperatingIncome": "None", "depreciation": "None", "depreciationAndAmortization": "513000000", "incomeBeforeTax": "-543000000", "incomeTaxExpense": "7000000", "interestAndDebtExpense": "None", "netIncomeFromContinuingOperations": "None", "comprehensiveIncomeNetOfTax": "None", "ebit": "-216000000", "ebitda": "297000000", "netIncome": "-547000000"}, {"fiscalDateEnding": "2008-09-30", "reportedCurrency": "USD", "grossProfit": "1246000000", "totalRevenue": "26862000000", "costOfRevenue": "25616000000", "costofGoodsAndServicesSold": "25616000000", "operatingIncome": "331000000", "sellingGeneralAndAdministrative": "879000000", "researchAndDevelopment": "None", "operatingExpenses": "915000000", "investmentIncomeNet": "None", "netInterestIncome": "None", "interestIncome": "None", "interestExpense": "268000000", "nonInterestIncome": "None", "otherNonOperatingIncome": "None", "depreciation": "None", "depreciationAndAmortization": "493000000", "incomeBeforeTax": "154000000", "incomeTaxExpense": "68000000", "interestAndDebtExpense": "None", "netIncomeFromContinuingOperations": "None", "comprehensiveIncomeNetOfTax": "None", "ebit": "331000000", "ebitda": "824000000", "netIncome": "86000000"}, {"fiscalDateEnding": "2007-09-30", "reportedCurrency": "USD", "grossProfit": "1433000000", "totalRevenue": "26900000000", "costOfRevenue": "25467000000", "costofGoodsAndServicesSold": "25467000000", "operatingIncome": "614000000", "sellingGeneralAndAdministrative": "817000000", "researchAndDevelopment": "None", "operatingExpenses": "819000000", "investmentIncomeNet": "None", "netInterestIncome": "None", "interestIncome": "None", "interestExpense": "268000000", "nonInterestIncome": "None", "otherNonOperatingIncome": "None", "depreciation": "None", "depreciationAndAmortization": "514000000", "incomeBeforeTax": "410000000", "incomeTaxExpense": "142000000", "interestAndDebtExpense": "None", "netIncomeFromContinuingOperations": "None", "comprehensiveIncomeNetOfTax": "None", "ebit": "614000000", "ebitda": "1128000000", "netIncome": "268000000"}, {"fiscalDateEnding": "2006-09-30", "reportedCurrency": "USD", "grossProfit": "928000000", "totalRevenue": "25559000000", "costOfRevenue": "24631000000", "costofGoodsAndServicesSold": "24631000000", "operatingIncome": "-77000000", "sellingGeneralAndAdministrative": "935000000", "researchAndDevelopment": "None", "operatingExpenses": "1005000000", "investmentIncomeNet": "None", "netInterestIncome": "None", "interestIncome": "None", "interestExpense": "268000000", "nonInterestIncome": "None", "otherNonOperatingIncome": "None", "depreciation": "None", "depreciationAndAmortization": "517000000", "incomeBeforeTax": "-293000000", "incomeTaxExpense": "-102000000", "interestAndDebtExpense": "None", "netIncomeFromContinuingOperations": "None", "comprehensiveIncomeNetOfTax": "None", "ebit": "-77000000", "ebitda": "440000000", "netIncome": "-196000000"}, {"fiscalDateEnding": "2005-09-30", "reportedCurrency": "USD", "grossProfit": "1740000000", "totalRevenue": "26014000000", "costOfRevenue": "24274000000", "costofGoodsAndServicesSold": "24274000000", "operatingIncome": "745000000", "sellingGeneralAndAdministrative": "928000000", "researchAndDevelopment": "None", "operatingExpenses": "995000000", "investmentIncomeNet": "None", "netInterestIncome": "None", "interestIncome": "None", "interestExpense": "0", "nonInterestIncome": "None", "otherNonOperatingIncome": "None", "depreciation": "None", "depreciationAndAmortization": "501000000", "incomeBeforeTax": "528000000", "incomeTaxExpense": "156000000", "interestAndDebtExpense": "None", "netIncomeFromContinuingOperations": "None", "comprehensiveIncomeNetOfTax": "None", "ebit": "745000000", "ebitda": "1246000000", "netIncome": "372000000"}], "quarterlyReports": [{"fiscalDateEnding": "2024-12-31", "reportedCurrency": "USD", "grossProfit": "1095000000", "totalRevenue": "13623000000", "costOfRevenue": "12528000000", "costofGoodsAndServicesSold": "12528000000", "operatingIncome": "580000000", "sellingGeneralAndAdministrative": "515000000", "researchAndDevelopment": "None", "operatingExpenses": "515000000", "investmentIncomeNet": "None", "netInterestIncome": "-95000000", "interestIncome": "25000000", "interestExpense": "120000000", "nonInterestIncome": "None", "otherNonOperatingIncome": "None", "depreciation": "None", "depreciationAndAmortization": "348000000", "incomeBeforeTax": "478000000", "incomeTaxExpense": "112000000", "interestAndDebtExpense": "None", "netIncomeFromContinuingOperations": "366000000", "comprehensiveIncomeNetOfTax": "None", "ebit": "598000000", "ebitda": "946000000", "netIncome": "359000000"}, {"fiscalDateEnding": "2024-09-30", "reportedCurrency": "USD", "grossProfit": "1060000000", "totalRevenue": "13565000000", "costOfRevenue": "12505000000", "costofGoodsAndServicesSold": "12505000000", "operatingIncome": "525000000", "sellingGeneralAndAdministrative": "535000000", "researchAndDevelopment": "None", "operatingExpenses": "535000000", "investmentIncomeNet": "None", "netInterestIncome": "-101000000", "interestIncome": "29000000", "interestExpense": "130000000", "nonInterestIncome": "None", "otherNonOperatingIncome": "None", "depreciation": "None", "depreciationAndAmortization": "318000000", "incomeBeforeTax": "475000000", "incomeTaxExpense": "111000000", "interestAndDebtExpense": "None", "netIncomeFromContinuingOperations": "364000000", "comprehensiveIncomeNetOfTax": "None", "ebit": "605000000", "ebitda": "923000000", "netIncome": "357000000"}, {"fiscalDateEnding": "2024-06-30", "reportedCurrency": "USD", "grossProfit": "878000000", "totalRevenue": "13353000000", "costOfRevenue": "12475000000", "costofGoodsAndServicesSold": "12475000000", "operatingIncome": "341000000", "sellingGeneralAndAdministrative": "537000000", "researchAndDevelopment": "None", "operatingExpenses": "537000000", "investmentIncomeNet": "None", "netInterestIncome": "-99000000", "interestIncome": "36000000", "interestExpense": "135000000", "nonInterestIncome": "None", "otherNonOperatingIncome": "None", "depreciation": "None", "depreciationAndAmortization": "360000000", "incomeBeforeTax": "253000000", "incomeTaxExpense": "57000000", "interestAndDebtExpense": "None", "netIncomeFromContinuingOperations": "196000000", "comprehensiveIncomeNetOfTax": "None", "ebit": "388000000", "ebitda": "748000000", "netIncome": "191000000"}, {"fiscalDateEnding": "2024-03-31", "reportedCurrency": "USD", "grossProfit": "866000000", "totalRevenue": "13072000000", "costOfRevenue": "12206000000", "costofGoodsAndServicesSold": "12206000000", "operatingIncome": "312000000", "sellingGeneralAndAdministrative": "554000000", "researchAndDevelopment": "None", "operatingExpenses": "554000000", "investmentIncomeNet": "None", "netInterestIncome": "-97000000", "interestIncome": "14000000", "interestExpense": "111000000", "nonInterestIncome": "None", "otherNonOperatingIncome": "None", "depreciation": "None", "depreciationAndAmortization": "349000000", "incomeBeforeTax": "203000000", "incomeTaxExpense": "55000000", "interestAndDebtExpense": "None", "netIncomeFromContinuingOperations": "148000000", "comprehensiveIncomeNetOfTax": "None", "ebit": "314000000", "ebitda": "663000000", "netIncome": "145000000"}, {"fiscalDateEnding": "2023-12-31", "reportedCurrency": "USD", "grossProfit": "823000000", "totalRevenue": "13319000000", "costOfRevenue": "12496000000", "costofGoodsAndServicesSold": "12496000000", "operatingIncome": "231000000", "sellingGeneralAndAdministrative": "592000000", "researchAndDevelopment": "None", "operatingExpenses": "592000000", "investmentIncomeNet": "None", "netInterestIncome": "-95000000", "interestIncome": "10000000", "interestExpense": "105000000", "nonInterestIncome": "None", "otherNonOperatingIncome": "None", "depreciation": "None", "depreciationAndAmortization": "373000000", "incomeBeforeTax": "161000000", "incomeTaxExpense": "47000000", "interestAndDebtExpense": "None", "netIncomeFromContinuingOperations": "114000000", "comprehensiveIncomeNetOfTax": "None", "ebit": "266000000", "ebitda": "639000000", "netIncome": "107000000"}, {"fiscalDateEnding": "2023-09-30", "reportedCurrency": "USD", "grossProfit": "459000000", "totalRevenue": "13348000000", "costOfRevenue": "12889000000", "costofGoodsAndServicesSold": "12889000000", "operatingIncome": "-463000000", "sellingGeneralAndAdministrative": "564000000", "researchAndDevelopment": "114000000", "operatingExpenses": "922000000", "investmentIncomeNet": "None", "netInterestIncome": "-85000000", "interestIncome": "94000000", "interestExpense": "93000000", "nonInterestIncome": "None", "otherNonOperatingIncome": "None", "depreciation": "None", "depreciationAndAmortization": "396000000", "incomeBeforeTax": "-556000000", "incomeTaxExpense": "-113000000", "interestAndDebtExpense": "None", "netIncomeFromContinuingOperations": "-443000000", "comprehensiveIncomeNetOfTax": "None", "ebit": "-463000000", "ebitda": "-67000000", "netIncome": "-450000000"}, {"fiscalDateEnding": "2023-06-30", "reportedCurrency": "USD", "grossProfit": "677000000", "totalRevenue": "13140000000", "costOfRevenue": "12463000000", "costofGoodsAndServicesSold": "12463000000", "operatingIncome": "-350000000", "sellingGeneralAndAdministrative": "579000000", "researchAndDevelopment": "None", "operatingExpenses": "1027000000", "investmentIncomeNet": "None", "netInterestIncome": "-83000000", "interestIncome": "6000000", "interestExpense": "89000000", "nonInterestIncome": "None", "otherNonOperatingIncome": "13000000", "depreciation": "None", "depreciationAndAmortization": "323000000", "incomeBeforeTax": "-426000000", "incomeTaxExpense": "9000000", "interestAndDebtExpense": "None", "netIncomeFromContinuingOperations": "-435000000", "comprehensiveIncomeNetOfTax": "None", "ebit": "-337000000", "ebitda": "-14000000", "netIncome": "-417000000"}, {"fiscalDateEnding": "2023-03-31", "reportedCurrency": "USD", "grossProfit": "527000000", "totalRevenue": "13133000000", "costOfRevenue": "12606000000", "costofGoodsAndServicesSold": "12606000000", "operatingIncome": "-49000000", "sellingGeneralAndAdministrative": "576000000", "researchAndDevelopment": "None", "operatingExpenses": "576000000", "investmentIncomeNet": "None", "netInterestIncome": "-82000000", "interestIncome": "7000000", "interestExpense": "89000000", "nonInterestIncome": "None", "otherNonOperatingIncome": "8000000", "depreciation": "None", "depreciationAndAmortization": "317000000", "incomeBeforeTax": "-130000000", "incomeTaxExpense": "-39000000", "interestAndDebtExpense": "None", "netIncomeFromContinuingOperations": "-91000000", "comprehensiveIncomeNetOfTax": "None", "ebit": "-41000000", "ebitda": "276000000", "netIncome": "-97000000"}, {"fiscalDateEnding": "2022-12-31", "reportedCurrency": "USD", "grossProfit": "968000000", "totalRevenue": "13260000000", "costOfRevenue": "12292000000", "costofGoodsAndServicesSold": "12292000000", "operatingIncome": "467000000", "sellingGeneralAndAdministrative": "501000000", "researchAndDevelopment": "None", "operatingExpenses": "501000000", "investmentIncomeNet": "None", "netInterestIncome": "-75000000", "interestIncome": "75000000", "interestExpense": "84000000", "nonInterestIncome": "None", "otherNonOperatingIncome": "51000000", "depreciation": "None", "depreciationAndAmortization": "303000000", "incomeBeforeTax": "434000000", "incomeTaxExpense": "114000000", "interestAndDebtExpense": "None", "netIncomeFromContinuingOperations": "320000000", "comprehensiveIncomeNetOfTax": "None", "ebit": "518000000", "ebitda": "821000000", "netIncome": "316000000"}, {"fiscalDateEnding": "2022-09-30", "reportedCurrency": "USD", "grossProfit": "1307000000", "totalRevenue": "13737000000", "costOfRevenue": "12430000000", "costofGoodsAndServicesSold": "12430000000", "operatingIncome": "766000000", "sellingGeneralAndAdministrative": "258000000", "researchAndDevelopment": "108000000", "operatingExpenses": "541000000", "investmentIncomeNet": "None", "netInterestIncome": "-76000000", "interestIncome": "7000000", "interestExpense": "83000000", "nonInterestIncome": "None", "otherNonOperatingIncome": "-17000000", "depreciation": "None", "depreciationAndAmortization": "310000000", "incomeBeforeTax": "666000000", "incomeTaxExpense": "129000000", "interestAndDebtExpense": "None", "netIncomeFromContinuingOperations": "537000000", "comprehensiveIncomeNetOfTax": "None", "ebit": "749000000", "ebitda": "1059000000", "netIncome": "538000000"}, {"fiscalDateEnding": "2022-06-30", "reportedCurrency": "USD", "grossProfit": "1611000000", "totalRevenue": "13495000000", "costOfRevenue": "11884000000", "costofGoodsAndServicesSold": "11884000000", "operatingIncome": "1033000000", "sellingGeneralAndAdministrative": "578000000", "researchAndDevelopment": "None", "operatingExpenses": "578000000", "investmentIncomeNet": "None", "netInterestIncome": "-81000000", "interestIncome": "4000000", "interestExpense": "85000000", "nonInterestIncome": "None", "otherNonOperatingIncome": "38000000", "depreciation": "None", "depreciationAndAmortization": "297000000", "incomeBeforeTax": "986000000", "incomeTaxExpense": "233000000", "interestAndDebtExpense": "None", "netIncomeFromContinuingOperations": "753000000", "comprehensiveIncomeNetOfTax": "None", "ebit": "1071000000", "ebitda": "1368000000", "netIncome": "750000000"}, {"fiscalDateEnding": "2022-03-31", "reportedCurrency": "USD", "grossProfit": "1735000000", "totalRevenue": "13117000000", "costOfRevenue": "11382000000", "costofGoodsAndServicesSold": "11382000000", "operatingIncome": "1156000000", "sellingGeneralAndAdministrative": "579000000", "researchAndDevelopment": "None", "operatingExpenses": "579000000", "investmentIncomeNet": "None", "netInterestIncome": "-94000000", "interestIncome": "3000000", "interestExpense": "97000000", "nonInterestIncome": "None", "otherNonOperatingIncome": "28000000", "depreciation": "None", "depreciationAndAmortization": "295000000", "incomeBeforeTax": "1087000000", "incomeTaxExpense": "254000000", "interestAndDebtExpense": "None", "netIncomeFromContinuingOperations": "833000000", "comprehensiveIncomeNetOfTax": "None", "ebit": "1184000000", "ebitda": "1479000000", "netIncome": "829000000"}, {"fiscalDateEnding": "2021-12-31", "reportedCurrency": "USD", "grossProfit": "2015000000", "totalRevenue": "12933000000", "costOfRevenue": "10918000000", "costofGoodsAndServicesSold": "10918000000", "operatingIncome": "1455000000", "sellingGeneralAndAdministrative": "560000000", "researchAndDevelopment": "None", "operatingExpenses": "560000000", "investmentIncomeNet": "None", "netInterestIncome": "-97000000", "interestIncome": "3000000", "interestExpense": "100000000", "nonInterestIncome": "None", "otherNonOperatingIncome": "55000000", "depreciation": "None", "depreciationAndAmortization": "300000000", "incomeBeforeTax": "1410000000", "incomeTaxExpense": "284000000", "interestAndDebtExpense": "None", "netIncomeFromContinuingOperations": "1126000000", "comprehensiveIncomeNetOfTax": "None", "ebit": "1510000000", "ebitda": "1810000000", "netIncome": "1121000000"}, {"fiscalDateEnding": "2021-09-30", "reportedCurrency": "USD", "grossProfit": "2476000000", "totalRevenue": "12811000000", "costOfRevenue": "10335000000", "costofGoodsAndServicesSold": "10335000000", "operatingIncome": "1909000000", "sellingGeneralAndAdministrative": "321000000", "researchAndDevelopment": "114000000", "operatingExpenses": "567000000", "investmentIncomeNet": "None", "netInterestIncome": "-101000000", "interestIncome": "101000000", "interestExpense": "103000000", "nonInterestIncome": "None", "otherNonOperatingIncome": "29000000", "depreciation": "None", "depreciationAndAmortization": "308000000", "incomeBeforeTax": "1835000000", "incomeTaxExpense": "477000000", "interestAndDebtExpense": "None", "netIncomeFromContinuingOperations": "1358000000", "comprehensiveIncomeNetOfTax": "None", "ebit": "1938000000", "ebitda": "2246000000", "netIncome": "1355000000"}, {"fiscalDateEnding": "2021-06-30", "reportedCurrency": "USD", "grossProfit": "1620000000", "totalRevenue": "12478000000", "costOfRevenue": "10858000000", "costofGoodsAndServicesSold": "10858000000", "operatingIncome": "1062000000", "sellingGeneralAndAdministrative": "558000000", "researchAndDevelopment": "None", "operatingExpenses": "558000000", "investmentIncomeNet": "None", "netInterestIncome": "-103000000", "interestIncome": "2000000", "interestExpense": "105000000", "nonInterestIncome": "None", "otherNonOperatingIncome": "9000000", "depreciation": "None", "depreciationAndAmortization": "302000000", "incomeBeforeTax": "966000000", "incomeTaxExpense": "213000000", "interestAndDebtExpense": "None", "netIncomeFromContinuingOperations": "753000000", "comprehensiveIncomeNetOfTax": "None", "ebit": "1071000000", "ebitda": "1373000000", "netIncome": "749000000"}, {"fiscalDateEnding": "2021-03-31", "reportedCurrency": "USD", "grossProfit": "1253000000", "totalRevenue": "11300000000", "costOfRevenue": "10047000000", "costofGoodsAndServicesSold": "10047000000", "operatingIncome": "720000000", "sellingGeneralAndAdministrative": "533000000", "researchAndDevelopment": "None", "operatingExpenses": "533000000", "investmentIncomeNet": "None", "netInterestIncome": "-108000000", "interestIncome": "2000000", "interestExpense": "110000000", "nonInterestIncome": "None", "otherNonOperatingIncome": "14000000", "depreciation": "None", "depreciationAndAmortization": "306000000", "incomeBeforeTax": "624000000", "incomeTaxExpense": "147000000", "interestAndDebtExpense": "None", "netIncomeFromContinuingOperations": "477000000", "comprehensiveIncomeNetOfTax": "None", "ebit": "734000000", "ebitda": "1040000000", "netIncome": "476000000"}, {"fiscalDateEnding": "2020-12-31", "reportedCurrency": "USD", "grossProfit": "1177000000", "totalRevenue": "10460000000", "costOfRevenue": "9283000000", "costofGoodsAndServicesSold": "9283000000", "operatingIncome": "705000000", "sellingGeneralAndAdministrative": "472000000", "researchAndDevelopment": "None", "operatingExpenses": "472000000", "investmentIncomeNet": "None", "netInterestIncome": "-108000000", "interestIncome": "2000000", "interestExpense": "110000000", "nonInterestIncome": "None", "otherNonOperatingIncome": "21000000", "depreciation": "None", "depreciationAndAmortization": "298000000", "incomeBeforeTax": "616000000", "incomeTaxExpense": "144000000", "interestAndDebtExpense": "None", "netIncomeFromContinuingOperations": "472000000", "comprehensiveIncomeNetOfTax": "None", "ebit": "726000000", "ebitda": "1024000000", "netIncome": "467000000"}, {"fiscalDateEnding": "2020-09-30", "reportedCurrency": "USD", "grossProfit": "1610000000", "totalRevenue": "11460000000", "costOfRevenue": "9850000000", "costofGoodsAndServicesSold": "9850000000", "operatingIncome": "1012000000", "sellingGeneralAndAdministrative": "315000000", "researchAndDevelopment": "98000000", "operatingExpenses": "598000000", "investmentIncomeNet": "None", "netInterestIncome": "-123000000", "interestIncome": "123000000", "interestExpense": "124000000", "nonInterestIncome": "None", "otherNonOperatingIncome": "-1000000", "depreciation": "None", "depreciationAndAmortization": "316000000", "incomeBeforeTax": "887000000", "incomeTaxExpense": "192000000", "interestAndDebtExpense": "None", "netIncomeFromContinuingOperations": "695000000", "comprehensiveIncomeNetOfTax": "None", "ebit": "1011000000", "ebitda": "1327000000", "netIncome": "692000000"}, {"fiscalDateEnding": "2020-06-30", "reportedCurrency": "USD", "grossProfit": "1313000000", "totalRevenue": "10022000000", "costOfRevenue": "8709000000", "costofGoodsAndServicesSold": "8709000000", "operatingIncome": "773000000", "sellingGeneralAndAdministrative": "536000000", "researchAndDevelopment": "None", "operatingExpenses": "540000000", "investmentIncomeNet": "None", "netInterestIncome": "-119000000", "interestIncome": "3000000", "interestExpense": "122000000", "nonInterestIncome": "None", "otherNonOperatingIncome": "14000000", "depreciation": "None", "depreciationAndAmortization": "295000000", "incomeBeforeTax": "665000000", "incomeTaxExpense": "139000000", "interestAndDebtExpense": "None", "netIncomeFromContinuingOperations": "527000000", "comprehensiveIncomeNetOfTax": "None", "ebit": "787000000", "ebitda": "1082000000", "netIncome": "526000000"}, {"fiscalDateEnding": "2020-03-31", "reportedCurrency": "USD", "grossProfit": "1021000000", "totalRevenue": "10888000000", "costOfRevenue": "9867000000", "costofGoodsAndServicesSold": "9867000000", "operatingIncome": "515000000", "sellingGeneralAndAdministrative": "516000000", "researchAndDevelopment": "None", "operatingExpenses": "506000000", "investmentIncomeNet": "None", "netInterestIncome": "-116000000", "interestIncome": "3000000", "interestExpense": "119000000", "nonInterestIncome": "None", "otherNonOperatingIncome": "109000000", "depreciation": "None", "depreciationAndAmortization": "293000000", "incomeBeforeTax": "505000000", "incomeTaxExpense": "126000000", "interestAndDebtExpense": "None", "netIncomeFromContinuingOperations": "367000000", "comprehensiveIncomeNetOfTax": "None", "ebit": "624000000", "ebitda": "917000000", "netIncome": "376000000"}, {"fiscalDateEnding": "2019-12-31", "reportedCurrency": "USD", "grossProfit": "1440000000", "totalRevenue": "10815000000", "costOfRevenue": "9375000000", "costofGoodsAndServicesSold": "9375000000", "operatingIncome": "758000000", "sellingGeneralAndAdministrative": "571000000", "researchAndDevelopment": "None", "operatingExpenses": "682000000", "investmentIncomeNet": "None", "netInterestIncome": "-117000000", "interestIncome": "3000000", "interestExpense": "120000000", "nonInterestIncome": "None", "otherNonOperatingIncome": "19000000", "depreciation": "None", "depreciationAndAmortization": "288000000", "incomeBeforeTax": "657000000", "incomeTaxExpense": "148000000", "interestAndDebtExpense": "None", "netIncomeFromContinuingOperations": "561000000", "comprehensiveIncomeNetOfTax": "None", "ebit": "777000000", "ebitda": "1065000000", "netIncome": "505000000"}, {"fiscalDateEnding": "2019-09-30", "reportedCurrency": "USD", "grossProfit": "1139000000", "totalRevenue": "10884000000", "costOfRevenue": "9745000000", "costofGoodsAndServicesSold": "9745000000", "operatingIncome": "604000000", "sellingGeneralAndAdministrative": "259000000", "researchAndDevelopment": "97000000", "operatingExpenses": "535000000", "investmentIncomeNet": "None", "netInterestIncome": "-121000000", "interestIncome": "2000000", "interestExpense": "123000000", "nonInterestIncome": "None", "otherNonOperatingIncome": "-15000000", "depreciation": "None", "depreciationAndAmortization": "289000000", "incomeBeforeTax": "466000000", "incomeTaxExpense": "94000000", "interestAndDebtExpense": "None", "netIncomeFromContinuingOperations": "372000000", "comprehensiveIncomeNetOfTax": "None", "ebit": "589000000", "ebitda": "878000000", "netIncome": "369000000"}, {"fiscalDateEnding": "2019-06-30", "reportedCurrency": "USD", "grossProfit": "1336000000", "totalRevenue": "10885000000", "costOfRevenue": "9549000000", "costofGoodsAndServicesSold": "9549000000", "operatingIncome": "781000000", "sellingGeneralAndAdministrative": "540000000", "researchAndDevelopment": "None", "operatingExpenses": "555000000", "investmentIncomeNet": "None", "netInterestIncome": "-119000000", "interestIncome": "2000000", "interestExpense": "121000000", "nonInterestIncome": "None", "otherNonOperatingIncome": "64000000", "depreciation": "None", "depreciationAndAmortization": "286000000", "incomeBeforeTax": "724000000", "incomeTaxExpense": "43000000", "interestAndDebtExpense": "None", "netIncomeFromContinuingOperations": "681000000", "comprehensiveIncomeNetOfTax": "None", "ebit": "845000000", "ebitda": "1131000000", "netIncome": "676000000"}, {"fiscalDateEnding": "2019-03-31", "reportedCurrency": "USD", "grossProfit": "1192000000", "totalRevenue": "10443000000", "costOfRevenue": "9251000000", "costofGoodsAndServicesSold": "9251000000", "operatingIncome": "635000000", "sellingGeneralAndAdministrative": "549000000", "researchAndDevelopment": "None", "operatingExpenses": "557000000", "investmentIncomeNet": "None", "netInterestIncome": "-114000000", "interestIncome": "5000000", "interestExpense": "119000000", "nonInterestIncome": "None", "otherNonOperatingIncome": "12000000", "depreciation": "None", "depreciationAndAmortization": "273000000", "incomeBeforeTax": "528000000", "incomeTaxExpense": "98000000", "interestAndDebtExpense": "None", "netIncomeFromContinuingOperations": "430000000", "comprehensiveIncomeNetOfTax": "None", "ebit": "647000000", "ebitda": "920000000", "netIncome": "426000000"}, {"fiscalDateEnding": "2018-12-31", "reportedCurrency": "USD", "grossProfit": "1355000000", "totalRevenue": "10193000000", "costOfRevenue": "8838000000", "costofGoodsAndServicesSold": "8838000000", "operatingIncome": "807000000", "sellingGeneralAndAdministrative": "540000000", "researchAndDevelopment": "None", "operatingExpenses": "548000000", "investmentIncomeNet": "None", "netInterestIncome": "None", "interestIncome": "None", "interestExpense": "99000000", "nonInterestIncome": "None", "otherNonOperatingIncome": "5000000", "depreciation": "None", "depreciationAndAmortization": "250000000", "incomeBeforeTax": "713000000", "incomeTaxExpense": "161000000", "interestAndDebtExpense": "None", "netIncomeFromContinuingOperations": "552000000", "comprehensiveIncomeNetOfTax": "None", "ebit": "812000000", "ebitda": "1062000000", "netIncome": "551000000"}, {"fiscalDateEnding": "2018-09-30", "reportedCurrency": "USD", "grossProfit": "1349000000", "totalRevenue": "9999000000", "costOfRevenue": "8650000000", "costofGoodsAndServicesSold": "8650000000", "operatingIncome": "828000000", "sellingGeneralAndAdministrative": "278000000", "researchAndDevelopment": "114000000", "operatingExpenses": "521000000", "investmentIncomeNet": "None", "netInterestIncome": "None", "interestIncome": "None", "interestExpense": "87000000", "nonInterestIncome": "None", "otherNonOperatingIncome": "16000000", "depreciation": "None", "depreciationAndAmortization": "246000000", "incomeBeforeTax": "757000000", "incomeTaxExpense": "220000000", "interestAndDebtExpense": "None", "netIncomeFromContinuingOperations": "537000000", "comprehensiveIncomeNetOfTax": "None", "ebit": "844000000", "ebitda": "1090000000", "netIncome": "537000000"}, {"fiscalDateEnding": "2018-06-30", "reportedCurrency": "USD", "grossProfit": "1299000000", "totalRevenue": "10051000000", "costOfRevenue": "8752000000", "costofGoodsAndServicesSold": "8752000000", "operatingIncome": "797000000", "sellingGeneralAndAdministrative": "504000000", "researchAndDevelopment": "0", "operatingExpenses": "502000000", "investmentIncomeNet": "None", "netInterestIncome": "None", "interestIncome": "None", "interestExpense": "89000000", "nonInterestIncome": "None", "otherNonOperatingIncome": "10000000", "depreciation": "None", "depreciationAndAmortization": "238000000", "incomeBeforeTax": "723000000", "incomeTaxExpense": "181000000", "interestAndDebtExpense": "None", "netIncomeFromContinuingOperations": "542000000", "comprehensiveIncomeNetOfTax": "None", "ebit": "812000000", "ebitda": "1050000000", "netIncome": "541000000"}, {"fiscalDateEnding": "2018-03-31", "reportedCurrency": "USD", "grossProfit": "1015000000", "totalRevenue": "9773000000", "costOfRevenue": "8758000000", "costofGoodsAndServicesSold": "8758000000", "operatingIncome": "494000000", "sellingGeneralAndAdministrative": "522000000", "researchAndDevelopment": "0", "operatingExpenses": "521000000", "investmentIncomeNet": "None", "netInterestIncome": "None", "interestIncome": "None", "interestExpense": "86000000", "nonInterestIncome": "None", "otherNonOperatingIncome": "11000000", "depreciation": "None", "depreciationAndAmortization": "230000000", "incomeBeforeTax": "423000000", "incomeTaxExpense": "107000000", "interestAndDebtExpense": "None", "netIncomeFromContinuingOperations": "316000000", "comprehensiveIncomeNetOfTax": "None", "ebit": "509000000", "ebitda": "739000000", "netIncome": "315000000"}, {"fiscalDateEnding": "2017-12-31", "reportedCurrency": "USD", "grossProfit": "1443000000", "totalRevenue": "10229000000", "costOfRevenue": "8786000000", "costofGoodsAndServicesSold": "8786000000", "operatingIncome": "922000000", "sellingGeneralAndAdministrative": "502000000", "researchAndDevelopment": "0", "operatingExpenses": "521000000", "investmentIncomeNet": "None", "netInterestIncome": "None", "interestIncome": "None", "interestExpense": "88000000", "nonInterestIncome": "None", "otherNonOperatingIncome": "3000000", "depreciation": "None", "depreciationAndAmortization": "229000000", "incomeBeforeTax": "842000000", "incomeTaxExpense": "-790000000", "interestAndDebtExpense": "None", "netIncomeFromContinuingOperations": "1632000000", "comprehensiveIncomeNetOfTax": "None", "ebit": "930000000", "ebitda": "1159000000", "netIncome": "1631000000"}, {"fiscalDateEnding": "2017-09-30", "reportedCurrency": "USD", "grossProfit": "1351000000", "totalRevenue": "10145000000", "costOfRevenue": "8794000000", "costofGoodsAndServicesSold": "8794000000", "operatingIncome": "681000000", "sellingGeneralAndAdministrative": "432000000", "researchAndDevelopment": "113000000", "operatingExpenses": "670000000", "investmentIncomeNet": "None", "netInterestIncome": "None", "interestIncome": "None", "interestExpense": "94000000", "nonInterestIncome": "None", "otherNonOperatingIncome": "-7000000", "depreciation": "None", "depreciationAndAmortization": "218000000", "incomeBeforeTax": "580000000", "incomeTaxExpense": "185000000", "interestAndDebtExpense": "None", "netIncomeFromContinuingOperations": "395000000", "comprehensiveIncomeNetOfTax": "None", "ebit": "674000000", "ebitda": "892000000", "netIncome": "394000000"}, {"fiscalDateEnding": "2017-06-30", "reportedCurrency": "USD", "grossProfit": "1202000000", "totalRevenue": "9850000000", "costOfRevenue": "8648000000", "costofGoodsAndServicesSold": "8648000000", "operatingIncome": "697000000", "sellingGeneralAndAdministrative": "505000000", "researchAndDevelopment": "0", "operatingExpenses": "505000000", "investmentIncomeNet": "None", "netInterestIncome": "None", "interestIncome": "None", "interestExpense": "71000000", "nonInterestIncome": "None", "otherNonOperatingIncome": "-9000000", "depreciation": "None", "depreciationAndAmortization": "187000000", "incomeBeforeTax": "617000000", "incomeTaxExpense": "169000000", "interestAndDebtExpense": "None", "netIncomeFromContinuingOperations": "448000000", "comprehensiveIncomeNetOfTax": "None", "ebit": "688000000", "ebitda": "875000000", "netIncome": "447000000"}, {"fiscalDateEnding": "2017-03-31", "reportedCurrency": "USD", "grossProfit": "1047000000", "totalRevenue": "9083000000", "costOfRevenue": "8036000000", "costofGoodsAndServicesSold": "8036000000", "operatingIncome": "571000000", "sellingGeneralAndAdministrative": "476000000", "researchAndDevelopment": "0", "operatingExpenses": "476000000", "investmentIncomeNet": "None", "netInterestIncome": "None", "interestIncome": "None", "interestExpense": "56000000", "nonInterestIncome": "None", "otherNonOperatingIncome": "4000000", "depreciation": "None", "depreciationAndAmortization": "179000000", "incomeBeforeTax": "519000000", "incomeTaxExpense": "178000000", "interestAndDebtExpense": "None", "netIncomeFromContinuingOperations": "341000000", "comprehensiveIncomeNetOfTax": "None", "ebit": "575000000", "ebitda": "754000000", "netIncome": "340000000"}, {"fiscalDateEnding": "2016-12-31", "reportedCurrency": "USD", "grossProfit": "1483000000", "totalRevenue": "9182000000", "costOfRevenue": "7699000000", "costofGoodsAndServicesSold": "7699000000", "operatingIncome": "982000000", "sellingGeneralAndAdministrative": "501000000", "researchAndDevelopment": "0", "operatingExpenses": "501000000", "investmentIncomeNet": "None", "netInterestIncome": "None", "interestIncome": "None", "interestExpense": "58000000", "nonInterestIncome": "None", "otherNonOperatingIncome": "-12000000", "depreciation": "None", "depreciationAndAmortization": "177000000", "incomeBeforeTax": "912000000", "incomeTaxExpense": "318000000", "interestAndDebtExpense": "None", "netIncomeFromContinuingOperations": "594000000", "comprehensiveIncomeNetOfTax": "None", "ebit": "970000000", "ebitda": "1147000000", "netIncome": "593000000"}, {"fiscalDateEnding": "2016-09-30", "reportedCurrency": "USD", "grossProfit": "1089000000", "totalRevenue": "9156000000", "costOfRevenue": "8067000000", "costofGoodsAndServicesSold": "8067000000", "operatingIncome": "586000000", "sellingGeneralAndAdministrative": "265000000", "researchAndDevelopment": "96000000", "operatingExpenses": "503000000", "investmentIncomeNet": "None", "netInterestIncome": "None", "interestIncome": "None", "interestExpense": "58000000", "nonInterestIncome": "None", "otherNonOperatingIncome": "3000000", "depreciation": "None", "depreciationAndAmortization": "179000000", "incomeBeforeTax": "531000000", "incomeTaxExpense": "139000000", "interestAndDebtExpense": "None", "netIncomeFromContinuingOperations": "392000000", "comprehensiveIncomeNetOfTax": "None", "ebit": "589000000", "ebitda": "768000000", "netIncome": "391000000"}, {"fiscalDateEnding": "2016-06-30", "reportedCurrency": "USD", "grossProfit": "1224000000", "totalRevenue": "9403000000", "costOfRevenue": "8179000000", "costofGoodsAndServicesSold": "8179000000", "operatingIncome": "767000000", "sellingGeneralAndAdministrative": "457000000", "researchAndDevelopment": "0", "operatingExpenses": "457000000", "investmentIncomeNet": "None", "netInterestIncome": "None", "interestIncome": "None", "interestExpense": "60000000", "nonInterestIncome": "None", "otherNonOperatingIncome": "4000000", "depreciation": "None", "depreciationAndAmortization": "178000000", "incomeBeforeTax": "711000000", "incomeTaxExpense": "226000000", "interestAndDebtExpense": "None", "netIncomeFromContinuingOperations": "485000000", "comprehensiveIncomeNetOfTax": "None", "ebit": "771000000", "ebitda": "949000000", "netIncome": "484000000"}, {"fiscalDateEnding": "2016-03-31", "reportedCurrency": "USD", "grossProfit": "1183000000", "totalRevenue": "9170000000", "costOfRevenue": "7987000000", "costofGoodsAndServicesSold": "7987000000", "operatingIncome": "704000000", "sellingGeneralAndAdministrative": "479000000", "researchAndDevelopment": "0", "operatingExpenses": "479000000", "investmentIncomeNet": "None", "netInterestIncome": "None", "interestIncome": "None", "interestExpense": "64000000", "nonInterestIncome": "None", "otherNonOperatingIncome": "4000000", "depreciation": "None", "depreciationAndAmortization": "176000000", "incomeBeforeTax": "644000000", "incomeTaxExpense": "210000000", "interestAndDebtExpense": "None", "netIncomeFromContinuingOperations": "434000000", "comprehensiveIncomeNetOfTax": "None", "ebit": "708000000", "ebitda": "884000000", "netIncome": "432000000"}, {"fiscalDateEnding": "2015-12-31", "reportedCurrency": "USD", "grossProfit": "1201000000", "totalRevenue": "9152000000", "costOfRevenue": "7951000000", "costofGoodsAndServicesSold": "7951000000", "operatingIncome": "776000000", "sellingGeneralAndAdministrative": "425000000", "researchAndDevelopment": "0", "operatingExpenses": "425000000", "investmentIncomeNet": "None", "netInterestIncome": "None", "interestIncome": "None", "interestExpense": "67000000", "nonInterestIncome": "None", "otherNonOperatingIncome": "3000000", "depreciation": "None", "depreciationAndAmortization": "172000000", "incomeBeforeTax": "712000000", "incomeTaxExpense": "251000000", "interestAndDebtExpense": "None", "netIncomeFromContinuingOperations": "461000000", "comprehensiveIncomeNetOfTax": "None", "ebit": "779000000", "ebitda": "951000000", "netIncome": "461000000"}, {"fiscalDateEnding": "2015-09-30", "reportedCurrency": "USD", "grossProfit": "986000000", "totalRevenue": "10506000000", "costOfRevenue": "9520000000", "costofGoodsAndServicesSold": "9520000000", "operatingIncome": "550000000", "sellingGeneralAndAdministrative": "436000000", "researchAndDevelopment": "75000000", "operatingExpenses": "436000000", "investmentIncomeNet": "None", "netInterestIncome": "None", "interestIncome": "None", "interestExpense": "72000000", "nonInterestIncome": "None", "otherNonOperatingIncome": "7000000", "depreciation": "None", "depreciationAndAmortization": "187000000", "incomeBeforeTax": "485000000", "incomeTaxExpense": "226000000", "interestAndDebtExpense": "None", "netIncomeFromContinuingOperations": "259000000", "comprehensiveIncomeNetOfTax": "None", "ebit": "557000000", "ebitda": "744000000", "netIncome": "258000000"}, {"fiscalDateEnding": "2015-06-30", "reportedCurrency": "USD", "grossProfit": "986000000", "totalRevenue": "10071000000", "costOfRevenue": "9085000000", "costofGoodsAndServicesSold": "9085000000", "operatingIncome": "563000000", "sellingGeneralAndAdministrative": "423000000", "researchAndDevelopment": "0", "operatingExpenses": "423000000", "investmentIncomeNet": "None", "netInterestIncome": "None", "interestIncome": "None", "interestExpense": "73000000", "nonInterestIncome": "None", "otherNonOperatingIncome": "28000000", "depreciation": "None", "depreciationAndAmortization": "177000000", "incomeBeforeTax": "518000000", "incomeTaxExpense": "174000000", "interestAndDebtExpense": "None", "netIncomeFromContinuingOperations": "344000000", "comprehensiveIncomeNetOfTax": "None", "ebit": "591000000", "ebitda": "768000000", "netIncome": "343000000"}, {"fiscalDateEnding": "2015-03-31", "reportedCurrency": "USD", "grossProfit": "989000000", "totalRevenue": "9979000000", "costOfRevenue": "8990000000", "costofGoodsAndServicesSold": "8990000000", "operatingIncome": "547000000", "sellingGeneralAndAdministrative": "442000000", "researchAndDevelopment": "0", "operatingExpenses": "442000000", "investmentIncomeNet": "None", "netInterestIncome": "None", "interestIncome": "None", "interestExpense": "71000000", "nonInterestIncome": "None", "otherNonOperatingIncome": "7000000", "depreciation": "None", "depreciationAndAmortization": "172000000", "incomeBeforeTax": "483000000", "incomeTaxExpense": "172000000", "interestAndDebtExpense": "None", "netIncomeFromContinuingOperations": "311000000", "comprehensiveIncomeNetOfTax": "None", "ebit": "554000000", "ebitda": "726000000", "netIncome": "310000000"}, {"fiscalDateEnding": "2014-12-31", "reportedCurrency": "USD", "grossProfit": "956000000", "totalRevenue": "10817000000", "costOfRevenue": "9861000000", "costofGoodsAndServicesSold": "9861000000", "operatingIncome": "509000000", "sellingGeneralAndAdministrative": "447000000", "researchAndDevelopment": "0", "operatingExpenses": "447000000", "investmentIncomeNet": "None", "netInterestIncome": "None", "interestIncome": "None", "interestExpense": "77000000", "nonInterestIncome": "None", "otherNonOperatingIncome": "3000000", "depreciation": "None", "depreciationAndAmortization": "175000000", "incomeBeforeTax": "435000000", "incomeTaxExpense": "125000000", "interestAndDebtExpense": "None", "netIncomeFromContinuingOperations": "310000000", "comprehensiveIncomeNetOfTax": "None", "ebit": "512000000", "ebitda": "687000000", "netIncome": "309000000"}, {"fiscalDateEnding": "2014-09-30", "reportedCurrency": "USD", "grossProfit": "712000000", "totalRevenue": "10105000000", "costOfRevenue": "9393000000", "costofGoodsAndServicesSold": "9393000000", "operatingIncome": "306000000", "sellingGeneralAndAdministrative": "406000000", "researchAndDevelopment": "52000000", "operatingExpenses": "406000000", "investmentIncomeNet": "None", "netInterestIncome": "None", "interestIncome": "None", "interestExpense": "54000000", "nonInterestIncome": "None", "otherNonOperatingIncome": "-34000000", "depreciation": "None", "depreciationAndAmortization": "148000000", "incomeBeforeTax": "218000000", "incomeTaxExpense": "82000000", "interestAndDebtExpense": "None", "netIncomeFromContinuingOperations": "136000000", "comprehensiveIncomeNetOfTax": "None", "ebit": "272000000", "ebitda": "420000000", "netIncome": "137000000"}, {"fiscalDateEnding": "2014-06-30", "reportedCurrency": "USD", "grossProfit": "637000000", "totalRevenue": "9682000000", "costOfRevenue": "9045000000", "costofGoodsAndServicesSold": "9045000000", "operatingIncome": "351000000", "sellingGeneralAndAdministrative": "286000000", "researchAndDevelopment": "0", "operatingExpenses": "286000000", "investmentIncomeNet": "None", "netInterestIncome": "None", "interestIncome": "None", "interestExpense": "25000000", "nonInterestIncome": "None", "otherNonOperatingIncome": "-16000000", "depreciation": "None", "depreciationAndAmortization": "128000000", "incomeBeforeTax": "310000000", "incomeTaxExpense": "52000000", "interestAndDebtExpense": "None", "netIncomeFromContinuingOperations": "258000000", "comprehensiveIncomeNetOfTax": "None", "ebit": "335000000", "ebitda": "463000000", "netIncome": "260000000"}, {"fiscalDateEnding": "2014-03-31", "reportedCurrency": "USD", "grossProfit": "651000000", "totalRevenue": "9032000000", "costOfRevenue": "8381000000", "costofGoodsAndServicesSold": "8381000000", "operatingIncome": "361000000", "sellingGeneralAndAdministrative": "290000000", "researchAndDevelopment": "0", "operatingExpenses": "290000000", "investmentIncomeNet": "None", "netInterestIncome": "None", "interestIncome": "None", "interestExpense": "25000000", "nonInterestIncome": "None", "otherNonOperatingIncome": "5000000", "depreciation": "None", "depreciationAndAmortization": "127000000", "incomeBeforeTax": "341000000", "incomeTaxExpense": "131000000", "interestAndDebtExpense": "None", "netIncomeFromContinuingOperations": "210000000", "comprehensiveIncomeNetOfTax": "None", "ebit": "366000000", "ebitda": "493000000", "netIncome": "213000000"}, {"fiscalDateEnding": "2013-12-31", "reportedCurrency": "USD", "grossProfit": "685000000", "totalRevenue": "8761000000", "costOfRevenue": "8076000000", "costofGoodsAndServicesSold": "8076000000", "operatingIncome": "412000000", "sellingGeneralAndAdministrative": "273000000", "researchAndDevelopment": "0", "operatingExpenses": "273000000", "investmentIncomeNet": "None", "netInterestIncome": "None", "interestIncome": "None", "interestExpense": "28000000", "nonInterestIncome": "None", "otherNonOperatingIncome": "-1000000", "depreciation": "None", "depreciationAndAmortization": "127000000", "incomeBeforeTax": "383000000", "incomeTaxExpense": "131000000", "interestAndDebtExpense": "None", "netIncomeFromContinuingOperations": "252000000", "comprehensiveIncomeNetOfTax": "None", "ebit": "411000000", "ebitda": "538000000", "netIncome": "254000000"}, {"fiscalDateEnding": "2013-09-30", "reportedCurrency": "USD", "grossProfit": "669000000", "totalRevenue": "8894000000", "costOfRevenue": "8225000000", "costofGoodsAndServicesSold": "8225000000", "operatingIncome": "416000000", "sellingGeneralAndAdministrative": "302000000", "researchAndDevelopment": "50000000", "operatingExpenses": "253000000", "investmentIncomeNet": "None", "netInterestIncome": "None", "interestIncome": "None", "interestExpense": "36000000", "nonInterestIncome": "None", "otherNonOperatingIncome": "3000000", "depreciation": "None", "depreciationAndAmortization": "132000000", "incomeBeforeTax": "383000000", "incomeTaxExpense": "124000000", "interestAndDebtExpense": "None", "netIncomeFromContinuingOperations": "325000000", "comprehensiveIncomeNetOfTax": "None", "ebit": "419000000", "ebitda": "551000000", "netIncome": "261000000"}, {"fiscalDateEnding": "2013-06-30", "reportedCurrency": "USD", "grossProfit": "682000000", "totalRevenue": "8731000000", "costOfRevenue": "8049000000", "costofGoodsAndServicesSold": "8049000000", "operatingIncome": "419000000", "sellingGeneralAndAdministrative": "263000000", "researchAndDevelopment": "0", "operatingExpenses": "263000000", "investmentIncomeNet": "None", "netInterestIncome": "None", "interestIncome": "None", "interestExpense": "36000000", "nonInterestIncome": "None", "otherNonOperatingIncome": "2000000", "depreciation": "None", "depreciationAndAmortization": "128000000", "incomeBeforeTax": "385000000", "incomeTaxExpense": "136000000", "interestAndDebtExpense": "None", "netIncomeFromContinuingOperations": "249000000", "comprehensiveIncomeNetOfTax": "None", "ebit": "421000000", "ebitda": "549000000", "netIncome": "249000000"}, {"fiscalDateEnding": "2013-03-31", "reportedCurrency": "USD", "grossProfit": "468000000", "totalRevenue": "8383000000", "costOfRevenue": "7915000000", "costofGoodsAndServicesSold": "7915000000", "operatingIncome": "236000000", "sellingGeneralAndAdministrative": "232000000", "researchAndDevelopment": "0", "operatingExpenses": "232000000", "investmentIncomeNet": "None", "netInterestIncome": "None", "interestIncome": "None", "interestExpense": "36000000", "nonInterestIncome": "None", "otherNonOperatingIncome": "21000000", "depreciation": "None", "depreciationAndAmortization": "129000000", "incomeBeforeTax": "221000000", "incomeTaxExpense": "53000000", "interestAndDebtExpense": "None", "netIncomeFromContinuingOperations": "106000000", "comprehensiveIncomeNetOfTax": "None", "ebit": "257000000", "ebitda": "386000000", "netIncome": "95000000"}, {"fiscalDateEnding": "2012-12-31", "reportedCurrency": "USD", "grossProfit": "539000000", "totalRevenue": "8366000000", "costOfRevenue": "7827000000", "costofGoodsAndServicesSold": "7827000000", "operatingIncome": "304000000", "sellingGeneralAndAdministrative": "235000000", "researchAndDevelopment": "0", "operatingExpenses": "235000000", "investmentIncomeNet": "None", "netInterestIncome": "None", "interestIncome": "None", "interestExpense": "37000000", "nonInterestIncome": "None", "otherNonOperatingIncome": "1000000", "depreciation": "None", "depreciationAndAmortization": "130000000", "incomeBeforeTax": "268000000", "incomeTaxExpense": "96000000", "interestAndDebtExpense": "None", "netIncomeFromContinuingOperations": "168000000", "comprehensiveIncomeNetOfTax": "None", "ebit": "305000000", "ebitda": "435000000", "netIncome": "173000000"}, {"fiscalDateEnding": "2012-09-30", "reportedCurrency": "USD", "grossProfit": "570000000", "totalRevenue": "8373000000", "costOfRevenue": "7803000000", "costofGoodsAndServicesSold": "7803000000", "operatingIncome": "332000000", "sellingGeneralAndAdministrative": "258000000", "researchAndDevelopment": "43000000", "operatingExpenses": "238000000", "investmentIncomeNet": "None", "netInterestIncome": "None", "interestIncome": "None", "interestExpense": "40000000", "nonInterestIncome": "None", "otherNonOperatingIncome": "None", "depreciation": "None", "depreciationAndAmortization": "130000000", "incomeBeforeTax": "301000000", "incomeTaxExpense": "120000000", "interestAndDebtExpense": "None", "netIncomeFromContinuingOperations": "0", "comprehensiveIncomeNetOfTax": "None", "ebit": "341000000", "ebitda": "471000000", "netIncome": "185000000"}, {"fiscalDateEnding": "2012-06-30", "reportedCurrency": "USD", "grossProfit": "566000000", "totalRevenue": "8261000000", "costOfRevenue": "7695000000", "costofGoodsAndServicesSold": "7695000000", "operatingIncome": "342000000", "sellingGeneralAndAdministrative": "226000000", "researchAndDevelopment": "0", "operatingExpenses": "224000000", "investmentIncomeNet": "None", "netInterestIncome": "None", "interestIncome": "None", "interestExpense": "215000000", "nonInterestIncome": "None", "otherNonOperatingIncome": "None", "depreciation": "None", "depreciationAndAmortization": "124000000", "incomeBeforeTax": "132000000", "incomeTaxExpense": "53000000", "interestAndDebtExpense": "None", "netIncomeFromContinuingOperations": "0", "comprehensiveIncomeNetOfTax": "None", "ebit": "347000000", "ebitda": "471000000", "netIncome": "76000000"}, {"fiscalDateEnding": "2012-03-31", "reportedCurrency": "USD", "grossProfit": "535000000", "totalRevenue": "8268000000", "costOfRevenue": "7733000000", "costofGoodsAndServicesSold": "7733000000", "operatingIncome": "302000000", "sellingGeneralAndAdministrative": "233000000", "researchAndDevelopment": "0", "operatingExpenses": "233000000", "investmentIncomeNet": "None", "netInterestIncome": "None", "interestIncome": "None", "interestExpense": "52000000", "nonInterestIncome": "None", "otherNonOperatingIncome": "None", "depreciation": "None", "depreciationAndAmortization": "123000000", "incomeBeforeTax": "257000000", "incomeTaxExpense": "91000000", "interestAndDebtExpense": "None", "netIncomeFromContinuingOperations": "0", "comprehensiveIncomeNetOfTax": "None", "ebit": "309000000", "ebitda": "432000000", "netIncome": "166000000"}, {"fiscalDateEnding": "2011-12-31", "reportedCurrency": "USD", "grossProfit": "493000000", "totalRevenue": "8329000000", "costOfRevenue": "7836000000", "costofGoodsAndServicesSold": "7836000000", "operatingIncome": "278000000", "sellingGeneralAndAdministrative": "215000000", "researchAndDevelopment": "0", "operatingExpenses": "215000000", "investmentIncomeNet": "None", "netInterestIncome": "None", "interestIncome": "None", "interestExpense": "49000000", "nonInterestIncome": "None", "otherNonOperatingIncome": "None", "depreciation": "None", "depreciationAndAmortization": "122000000", "incomeBeforeTax": "243000000", "incomeTaxExpense": "87000000", "interestAndDebtExpense": "None", "netIncomeFromContinuingOperations": "0", "comprehensiveIncomeNetOfTax": "None", "ebit": "292000000", "ebitda": "414000000", "netIncome": "156000000"}, {"fiscalDateEnding": "2011-09-30", "reportedCurrency": "USD", "grossProfit": "391000000", "totalRevenue": "8404000000", "costOfRevenue": "8013000000", "costofGoodsAndServicesSold": "8013000000", "operatingIncome": "172000000", "sellingGeneralAndAdministrative": "219000000", "researchAndDevelopment": "42000000", "operatingExpenses": "219000000", "investmentIncomeNet": "None", "netInterestIncome": "None", "interestIncome": "None", "interestExpense": "55000000", "nonInterestIncome": "None", "otherNonOperatingIncome": "None", "depreciation": "None", "depreciationAndAmortization": "122000000", "incomeBeforeTax": "125000000", "incomeTaxExpense": "30000000", "interestAndDebtExpense": "None", "netIncomeFromContinuingOperations": "0", "comprehensiveIncomeNetOfTax": "None", "ebit": "180000000", "ebitda": "302000000", "netIncome": "97000000"}, {"fiscalDateEnding": "2011-06-30", "reportedCurrency": "USD", "grossProfit": "531000000", "totalRevenue": "8247000000", "costOfRevenue": "7716000000", "costofGoodsAndServicesSold": "7716000000", "operatingIncome": "312000000", "sellingGeneralAndAdministrative": "219000000", "researchAndDevelopment": "0", "operatingExpenses": "219000000", "investmentIncomeNet": "None", "netInterestIncome": "None", "interestIncome": "None", "interestExpense": "58000000", "nonInterestIncome": "None", "otherNonOperatingIncome": "None", "depreciation": "None", "depreciationAndAmortization": "128000000", "incomeBeforeTax": "263000000", "incomeTaxExpense": "75000000", "interestAndDebtExpense": "None", "netIncomeFromContinuingOperations": "0", "comprehensiveIncomeNetOfTax": "None", "ebit": "321000000", "ebitda": "449000000", "netIncome": "196000000"}, {"fiscalDateEnding": "2011-03-31", "reportedCurrency": "USD", "grossProfit": "533000000", "totalRevenue": "8000000000", "costOfRevenue": "7467000000", "costofGoodsAndServicesSold": "7467000000", "operatingIncome": "303000000", "sellingGeneralAndAdministrative": "230000000", "researchAndDevelopment": "0", "operatingExpenses": "230000000", "investmentIncomeNet": "None", "netInterestIncome": "None", "interestIncome": "None", "interestExpense": "63000000", "nonInterestIncome": "None", "otherNonOperatingIncome": "None", "depreciation": "None", "depreciationAndAmortization": "128000000", "incomeBeforeTax": "241000000", "incomeTaxExpense": "85000000", "interestAndDebtExpense": "None", "netIncomeFromContinuingOperations": "0", "comprehensiveIncomeNetOfTax": "None", "ebit": "304000000", "ebitda": "432000000", "netIncome": "159000000"}, {"fiscalDateEnding": "2010-12-31", "reportedCurrency": "USD", "grossProfit": "744000000", "totalRevenue": "7615000000", "costOfRevenue": "6871000000", "costofGoodsAndServicesSold": "6871000000", "operatingIncome": "498000000", "sellingGeneralAndAdministrative": "246000000", "researchAndDevelopment": "0", "operatingExpenses": "246000000", "investmentIncomeNet": "None", "netInterestIncome": "None", "interestIncome": "None", "interestExpense": "66000000", "nonInterestIncome": "None", "otherNonOperatingIncome": "None", "depreciation": "None", "depreciationAndAmortization": "128000000", "incomeBeforeTax": "445000000", "incomeTaxExpense": "151000000", "interestAndDebtExpense": "None", "netIncomeFromContinuingOperations": "0", "comprehensiveIncomeNetOfTax": "None", "ebit": "511000000", "ebitda": "639000000", "netIncome": "298000000"}, {"fiscalDateEnding": "2010-09-30", "reportedCurrency": "USD", "grossProfit": "669000000", "totalRevenue": "7441000000", "costOfRevenue": "6772000000", "costofGoodsAndServicesSold": "6772000000", "operatingIncome": "391000000", "sellingGeneralAndAdministrative": "249000000", "researchAndDevelopment": "0", "operatingExpenses": "278000000", "investmentIncomeNet": "None", "netInterestIncome": "None", "interestIncome": "None", "interestExpense": "65000000", "nonInterestIncome": "None", "otherNonOperatingIncome": "None", "depreciation": "None", "depreciationAndAmortization": "125000000", "incomeBeforeTax": "323000000", "incomeTaxExpense": "115000000", "interestAndDebtExpense": "None", "netIncomeFromContinuingOperations": "0", "comprehensiveIncomeNetOfTax": "None", "ebit": "388000000", "ebitda": "513000000", "netIncome": "213000000"}, {"fiscalDateEnding": "2010-06-30", "reportedCurrency": "USD", "grossProfit": "752000000", "totalRevenue": "7438000000", "costOfRevenue": "6686000000", "costofGoodsAndServicesSold": "6686000000", "operatingIncome": "507000000", "sellingGeneralAndAdministrative": "245000000", "researchAndDevelopment": "0", "operatingExpenses": "245000000", "investmentIncomeNet": "None", "netInterestIncome": "None", "interestIncome": "None", "interestExpense": "102000000", "nonInterestIncome": "None", "otherNonOperatingIncome": "None", "depreciation": "None", "depreciationAndAmortization": "125000000", "incomeBeforeTax": "395000000", "incomeTaxExpense": "153000000", "interestAndDebtExpense": "None", "netIncomeFromContinuingOperations": "0", "comprehensiveIncomeNetOfTax": "None", "ebit": "497000000", "ebitda": "622000000", "netIncome": "248000000"}, {"fiscalDateEnding": "2010-03-31", "reportedCurrency": "USD", "grossProfit": "564000000", "totalRevenue": "6916000000", "costOfRevenue": "6352000000", "costofGoodsAndServicesSold": "6352000000", "operatingIncome": "344000000", "sellingGeneralAndAdministrative": "220000000", "researchAndDevelopment": "0", "operatingExpenses": "220000000", "investmentIncomeNet": "None", "netInterestIncome": "None", "interestIncome": "None", "interestExpense": "100000000", "nonInterestIncome": "None", "otherNonOperatingIncome": "None", "depreciation": "None", "depreciationAndAmortization": "124000000", "incomeBeforeTax": "249000000", "incomeTaxExpense": "93000000", "interestAndDebtExpense": "None", "netIncomeFromContinuingOperations": "0", "comprehensiveIncomeNetOfTax": "None", "ebit": "349000000", "ebitda": "473000000", "netIncome": "159000000"}, {"fiscalDateEnding": "2009-12-31", "reportedCurrency": "USD", "grossProfit": "529000000", "totalRevenue": "6635000000", "costOfRevenue": "6106000000", "costofGoodsAndServicesSold": "6106000000", "operatingIncome": "314000000", "sellingGeneralAndAdministrative": "215000000", "researchAndDevelopment": "None", "operatingExpenses": "215000000", "investmentIncomeNet": "None", "netInterestIncome": "None", "interestIncome": "None", "interestExpense": "80000000", "nonInterestIncome": "None", "otherNonOperatingIncome": "None", "depreciation": "None", "depreciationAndAmortization": "123000000", "incomeBeforeTax": "236000000", "incomeTaxExpense": "77000000", "interestAndDebtExpense": "None", "netIncomeFromContinuingOperations": "None", "comprehensiveIncomeNetOfTax": "None", "ebit": "316000000", "ebitda": "439000000", "netIncome": "160000000"}, {"fiscalDateEnding": "2009-09-30", "reportedCurrency": "USD", "grossProfit": "462000000", "totalRevenue": "7214000000", "costOfRevenue": "6752000000", "costofGoodsAndServicesSold": "6752000000", "operatingIncome": "-322000000", "sellingGeneralAndAdministrative": "224000000", "researchAndDevelopment": "0", "operatingExpenses": "784000000", "investmentIncomeNet": "None", "netInterestIncome": "None", "interestIncome": "None", "interestExpense": "85000000", "nonInterestIncome": "None", "otherNonOperatingIncome": "None", "depreciation": "None", "depreciationAndAmortization": "125000000", "incomeBeforeTax": "-404000000", "incomeTaxExpense": "52000000", "interestAndDebtExpense": "None", "netIncomeFromContinuingOperations": "0", "comprehensiveIncomeNetOfTax": "None", "ebit": "-319000000", "ebitda": "-194000000", "netIncome": "-455000000"}, {"fiscalDateEnding": "2009-06-30", "reportedCurrency": "USD", "grossProfit": "470000000", "totalRevenue": "6662000000", "costOfRevenue": "6192000000", "costofGoodsAndServicesSold": "6192000000", "operatingIncome": "276000000", "sellingGeneralAndAdministrative": "192000000", "researchAndDevelopment": "0", "operatingExpenses": "194000000", "investmentIncomeNet": "None", "netInterestIncome": "None", "interestIncome": "None", "interestExpense": "92000000", "nonInterestIncome": "None", "otherNonOperatingIncome": "None", "depreciation": "None", "depreciationAndAmortization": "130000000", "incomeBeforeTax": "192000000", "incomeTaxExpense": "69000000", "interestAndDebtExpense": "None", "netIncomeFromContinuingOperations": "0", "comprehensiveIncomeNetOfTax": "None", "ebit": "284000000", "ebitda": "414000000", "netIncome": "131000000"}, {"fiscalDateEnding": "2009-03-31", "reportedCurrency": "USD", "grossProfit": "253000000", "totalRevenue": "6307000000", "costOfRevenue": "6054000000", "costofGoodsAndServicesSold": "6054000000", "operatingIncome": "29000000", "sellingGeneralAndAdministrative": "209000000", "researchAndDevelopment": "0", "operatingExpenses": "224000000", "investmentIncomeNet": "None", "netInterestIncome": "None", "interestIncome": "None", "interestExpense": "78000000", "nonInterestIncome": "None", "otherNonOperatingIncome": "None", "depreciation": "None", "depreciationAndAmortization": "131000000", "incomeBeforeTax": "-47000000", "incomeTaxExpense": "58000000", "interestAndDebtExpense": "None", "netIncomeFromContinuingOperations": "0", "comprehensiveIncomeNetOfTax": "None", "ebit": "31000000", "ebitda": "162000000", "netIncome": "-119000000"}, {"fiscalDateEnding": "2008-12-31", "reportedCurrency": "USD", "grossProfit": "18000000", "totalRevenue": "6521000000", "costOfRevenue": "6503000000", "costofGoodsAndServicesSold": "6503000000", "operatingIncome": "-198000000", "sellingGeneralAndAdministrative": "216000000", "researchAndDevelopment": "0", "operatingExpenses": "216000000", "investmentIncomeNet": "None", "netInterestIncome": "None", "interestIncome": "None", "interestExpense": "67000000", "nonInterestIncome": "None", "otherNonOperatingIncome": "None", "depreciation": "None", "depreciationAndAmortization": "122000000", "incomeBeforeTax": "-279000000", "incomeTaxExpense": "-169000000", "interestAndDebtExpense": "None", "netIncomeFromContinuingOperations": "0", "comprehensiveIncomeNetOfTax": "None", "ebit": "-212000000", "ebitda": "-90000000", "netIncome": "-102000000"}, {"fiscalDateEnding": "2008-09-30", "reportedCurrency": "USD", "grossProfit": "357000000", "totalRevenue": "7201000000", "costOfRevenue": "6844000000", "costofGoodsAndServicesSold": "6844000000", "operatingIncome": "138000000", "sellingGeneralAndAdministrative": "219000000", "researchAndDevelopment": "0", "operatingExpenses": "219000000", "investmentIncomeNet": "None", "netInterestIncome": "None", "interestIncome": "None", "interestExpense": "215000000", "nonInterestIncome": "None", "otherNonOperatingIncome": "None", "depreciation": "None", "depreciationAndAmortization": "119000000", "incomeBeforeTax": "89000000", "incomeTaxExpense": "44000000", "interestAndDebtExpense": "None", "netIncomeFromContinuingOperations": "0", "comprehensiveIncomeNetOfTax": "None", "ebit": "138000000", "ebitda": "257000000", "netIncome": "48000000"}, {"fiscalDateEnding": "2008-06-30", "reportedCurrency": "USD", "grossProfit": "259000000", "totalRevenue": "6849000000", "costOfRevenue": "6590000000", "costofGoodsAndServicesSold": "6590000000", "operatingIncome": "45000000", "sellingGeneralAndAdministrative": "214000000", "researchAndDevelopment": "0", "operatingExpenses": "214000000", "investmentIncomeNet": "None", "netInterestIncome": "None", "interestIncome": "None", "interestExpense": "51000000", "nonInterestIncome": "None", "otherNonOperatingIncome": "None", "depreciation": "None", "depreciationAndAmortization": "123000000", "incomeBeforeTax": "-2000000", "incomeTaxExpense": "1000000", "interestAndDebtExpense": "None", "netIncomeFromContinuingOperations": "0", "comprehensiveIncomeNetOfTax": "None", "ebit": "45000000", "ebitda": "168000000", "netIncome": "9000000"}, {"fiscalDateEnding": "2008-03-31", "reportedCurrency": "USD", "grossProfit": "306000000", "totalRevenue": "6612000000", "costOfRevenue": "6306000000", "costofGoodsAndServicesSold": "6306000000", "operatingIncome": "44000000", "sellingGeneralAndAdministrative": "231000000", "researchAndDevelopment": "0", "operatingExpenses": "262000000", "investmentIncomeNet": "None", "netInterestIncome": "None", "interestIncome": "None", "interestExpense": "55000000", "nonInterestIncome": "None", "otherNonOperatingIncome": "None", "depreciation": "None", "depreciationAndAmortization": "124000000", "incomeBeforeTax": "-8000000", "incomeTaxExpense": "-3000000", "interestAndDebtExpense": "None", "netIncomeFromContinuingOperations": "0", "comprehensiveIncomeNetOfTax": "None", "ebit": "74000000", "ebitda": "198000000", "netIncome": "-5000000"}, {"fiscalDateEnding": "2007-12-31", "reportedCurrency": "USD", "grossProfit": "305000000", "totalRevenue": "6766000000", "costOfRevenue": "6461000000", "costofGoodsAndServicesSold": "6461000000", "operatingIncome": "84000000", "sellingGeneralAndAdministrative": "215000000", "researchAndDevelopment": "0", "operatingExpenses": "221000000", "investmentIncomeNet": "None", "netInterestIncome": "None", "interestIncome": "None", "interestExpense": "53000000", "nonInterestIncome": "None", "otherNonOperatingIncome": "None", "depreciation": "None", "depreciationAndAmortization": "127000000", "incomeBeforeTax": "52000000", "incomeTaxExpense": "18000000", "interestAndDebtExpense": "None", "netIncomeFromContinuingOperations": "0", "comprehensiveIncomeNetOfTax": "None", "ebit": "90000000", "ebitda": "217000000", "netIncome": "34000000"}, {"fiscalDateEnding": "2007-09-30", "reportedCurrency": "USD", "grossProfit": "306000000", "totalRevenue": "6883000000", "costOfRevenue": "6577000000", "costofGoodsAndServicesSold": "6577000000", "operatingIncome": "102000000", "sellingGeneralAndAdministrative": "204000000", "researchAndDevelopment": "0", "operatingExpenses": "204000000", "investmentIncomeNet": "None", "netInterestIncome": "None", "interestIncome": "None", "interestExpense": "232000000", "nonInterestIncome": "None", "otherNonOperatingIncome": "None", "depreciation": "None", "depreciationAndAmortization": "128000000", "incomeBeforeTax": "56000000", "incomeTaxExpense": "24000000", "interestAndDebtExpense": "None", "netIncomeFromContinuingOperations": "0", "comprehensiveIncomeNetOfTax": "None", "ebit": "102000000", "ebitda": "230000000", "netIncome": "32000000"}, {"fiscalDateEnding": "2007-06-30", "reportedCurrency": "USD", "grossProfit": "428000000", "totalRevenue": "6618000000", "costOfRevenue": "6190000000", "costofGoodsAndServicesSold": "6190000000", "operatingIncome": "212000000", "sellingGeneralAndAdministrative": "218000000", "researchAndDevelopment": "0", "operatingExpenses": "216000000", "investmentIncomeNet": "None", "netInterestIncome": "None", "interestIncome": "None", "interestExpense": "57000000", "nonInterestIncome": "None", "otherNonOperatingIncome": "None", "depreciation": "None", "depreciationAndAmortization": "130000000", "incomeBeforeTax": "166000000", "incomeTaxExpense": "52000000", "interestAndDebtExpense": "None", "netIncomeFromContinuingOperations": "0", "comprehensiveIncomeNetOfTax": "None", "ebit": "212000000", "ebitda": "342000000", "netIncome": "111000000"}, {"fiscalDateEnding": "2007-03-31", "reportedCurrency": "USD", "grossProfit": "363000000", "totalRevenue": "6501000000", "costOfRevenue": "6138000000", "costofGoodsAndServicesSold": "6138000000", "operatingIncome": "158000000", "sellingGeneralAndAdministrative": "205000000", "researchAndDevelopment": "0", "operatingExpenses": "205000000", "investmentIncomeNet": "None", "netInterestIncome": "None", "interestIncome": "None", "interestExpense": "58000000", "nonInterestIncome": "None", "otherNonOperatingIncome": "None", "depreciation": "None", "depreciationAndAmortization": "128000000", "incomeBeforeTax": "107000000", "incomeTaxExpense": "39000000", "interestAndDebtExpense": "None", "netIncomeFromContinuingOperations": "0", "comprehensiveIncomeNetOfTax": "None", "ebit": "158000000", "ebitda": "286000000", "netIncome": "68000000"}, {"fiscalDateEnding": "2006-12-31", "reportedCurrency": "USD", "grossProfit": "337000000", "totalRevenue": "6558000000", "costOfRevenue": "6221000000", "costofGoodsAndServicesSold": "6221000000", "operatingIncome": "145000000", "sellingGeneralAndAdministrative": "190000000", "researchAndDevelopment": "0", "operatingExpenses": "192000000", "investmentIncomeNet": "None", "netInterestIncome": "None", "interestIncome": "None", "interestExpense": "61000000", "nonInterestIncome": "None", "otherNonOperatingIncome": "None", "depreciation": "None", "depreciationAndAmortization": "128000000", "incomeBeforeTax": "86000000", "incomeTaxExpense": "29000000", "interestAndDebtExpense": "None", "netIncomeFromContinuingOperations": "0", "comprehensiveIncomeNetOfTax": "None", "ebit": "145000000", "ebitda": "273000000", "netIncome": "57000000"}, {"fiscalDateEnding": "2006-09-30", "reportedCurrency": "USD", "grossProfit": "228000000", "totalRevenue": "6471000000", "costOfRevenue": "6243000000", "costofGoodsAndServicesSold": "6243000000", "operatingIncome": "-20000000", "sellingGeneralAndAdministrative": "235000000", "researchAndDevelopment": "0", "operatingExpenses": "248000000", "investmentIncomeNet": "None", "netInterestIncome": "None", "interestIncome": "None", "interestExpense": "268000000", "nonInterestIncome": "None", "otherNonOperatingIncome": "None", "depreciation": "None", "depreciationAndAmortization": "134000000", "incomeBeforeTax": "-77000000", "incomeTaxExpense": "-26000000", "interestAndDebtExpense": "None", "netIncomeFromContinuingOperations": "0", "comprehensiveIncomeNetOfTax": "None", "ebit": "-20000000", "ebitda": "114000000", "netIncome": "-56000000"}, {"fiscalDateEnding": "2006-06-30", "reportedCurrency": "USD", "grossProfit": "203000000", "totalRevenue": "6383000000", "costOfRevenue": "6180000000", "costofGoodsAndServicesSold": "6180000000", "operatingIncome": "-25000000", "sellingGeneralAndAdministrative": "230000000", "researchAndDevelopment": "0", "operatingExpenses": "228000000", "investmentIncomeNet": "None", "netInterestIncome": "None", "interestIncome": "None", "interestExpense": "74000000", "nonInterestIncome": "None", "otherNonOperatingIncome": "None", "depreciation": "None", "depreciationAndAmortization": "130000000", "incomeBeforeTax": "-76000000", "incomeTaxExpense": "-24000000", "interestAndDebtExpense": "None", "netIncomeFromContinuingOperations": "0", "comprehensiveIncomeNetOfTax": "None", "ebit": "-25000000", "ebitda": "105000000", "netIncome": "-52000000"}, {"fiscalDateEnding": "2006-03-31", "reportedCurrency": "USD", "grossProfit": "153000000", "totalRevenue": "6251000000", "costOfRevenue": "6098000000", "costofGoodsAndServicesSold": "6098000000", "operatingIncome": "-142000000", "sellingGeneralAndAdministrative": "236000000", "researchAndDevelopment": "0", "operatingExpenses": "295000000", "investmentIncomeNet": "None", "netInterestIncome": "None", "interestIncome": "None", "interestExpense": "58000000", "nonInterestIncome": "None", "otherNonOperatingIncome": "None", "depreciation": "None", "depreciationAndAmortization": "128000000", "incomeBeforeTax": "-200000000", "incomeTaxExpense": "-73000000", "interestAndDebtExpense": "None", "netIncomeFromContinuingOperations": "0", "comprehensiveIncomeNetOfTax": "None", "ebit": "-83000000", "ebitda": "45000000", "netIncome": "-127000000"}, {"fiscalDateEnding": "2005-12-31", "reportedCurrency": "USD", "grossProfit": "348000000", "totalRevenue": "6454000000", "costOfRevenue": "6106000000", "costofGoodsAndServicesSold": "6106000000", "operatingIncome": "114000000", "sellingGeneralAndAdministrative": "234000000", "researchAndDevelopment": "0", "operatingExpenses": "234000000", "investmentIncomeNet": "None", "netInterestIncome": "None", "interestIncome": "None", "interestExpense": "55000000", "nonInterestIncome": "None", "otherNonOperatingIncome": "None", "depreciation": "None", "depreciationAndAmortization": "125000000", "incomeBeforeTax": "60000000", "incomeTaxExpense": "21000000", "interestAndDebtExpense": "None", "netIncomeFromContinuingOperations": "0", "comprehensiveIncomeNetOfTax": "None", "ebit": "60000000", "ebitda": "185000000", "netIncome": "39000000"}, {"fiscalDateEnding": "2005-09-30", "reportedCurrency": "USD", "grossProfit": "429000000", "totalRevenue": "6495000000", "costOfRevenue": "6066000000", "costofGoodsAndServicesSold": "6066000000", "operatingIncome": "190000000", "sellingGeneralAndAdministrative": "240000000", "researchAndDevelopment": "0", "operatingExpenses": "239000000", "investmentIncomeNet": "None", "netInterestIncome": "None", "interestIncome": "None", "interestExpense": "55000000", "nonInterestIncome": "None", "otherNonOperatingIncome": "None", "depreciation": "None", "depreciationAndAmortization": "124000000", "incomeBeforeTax": "131000000", "incomeTaxExpense": "33000000", "interestAndDebtExpense": "None", "netIncomeFromContinuingOperations": "0", "comprehensiveIncomeNetOfTax": "None", "ebit": "190000000", "ebitda": "314000000", "netIncome": "98000000"}, {"fiscalDateEnding": "2005-06-30", "reportedCurrency": "USD", "grossProfit": "519000000", "totalRevenue": "6708000000", "costOfRevenue": "6189000000", "costofGoodsAndServicesSold": "6189000000", "operatingIncome": "256000000", "sellingGeneralAndAdministrative": "220000000", "researchAndDevelopment": "0", "operatingExpenses": "263000000", "investmentIncomeNet": "None", "netInterestIncome": "None", "interestIncome": "None", "interestExpense": "56000000", "nonInterestIncome": "None", "otherNonOperatingIncome": "None", "depreciation": "None", "depreciationAndAmortization": "126000000", "incomeBeforeTax": "201000000", "incomeTaxExpense": "70000000", "interestAndDebtExpense": "None", "netIncomeFromContinuingOperations": "0", "comprehensiveIncomeNetOfTax": "None", "ebit": "256000000", "ebitda": "382000000", "netIncome": "131000000"}, {"fiscalDateEnding": "2005-03-31", "reportedCurrency": "USD", "grossProfit": "414000000", "totalRevenue": "6359000000", "costOfRevenue": "5945000000", "costofGoodsAndServicesSold": "5945000000", "operatingIncome": "175000000", "sellingGeneralAndAdministrative": "237000000", "researchAndDevelopment": "0", "operatingExpenses": "239000000", "investmentIncomeNet": "None", "netInterestIncome": "None", "interestIncome": "None", "interestExpense": "58000000", "nonInterestIncome": "None", "otherNonOperatingIncome": "None", "depreciation": "None", "depreciationAndAmortization": "125000000", "incomeBeforeTax": "120000000", "incomeTaxExpense": "44000000", "interestAndDebtExpense": "None", "netIncomeFromContinuingOperations": "0", "comprehensiveIncomeNetOfTax": "None", "ebit": "177000000", "ebitda": "302000000", "netIncome": "76000000"}, {"fiscalDateEnding": "2004-12-31", "reportedCurrency": "USD", "grossProfit": "363000000", "totalRevenue": "6452000000", "costOfRevenue": "6089000000", "costofGoodsAndServicesSold": "6089000000", "operatingIncome": "129000000", "sellingGeneralAndAdministrative": "880000000", "researchAndDevelopment": "0", "operatingExpenses": "234000000", "investmentIncomeNet": "None", "netInterestIncome": "None", "interestIncome": "None", "interestExpense": "67000000", "nonInterestIncome": "None", "otherNonOperatingIncome": "None", "depreciation": "None", "depreciationAndAmortization": "126000000", "incomeBeforeTax": "76000000", "incomeTaxExpense": "28000000", "interestAndDebtExpense": "None", "netIncomeFromContinuingOperations": "0", "comprehensiveIncomeNetOfTax": "None", "ebit": "129000000", "ebitda": "255000000", "netIncome": "48000000"}]}