{"symbol": "HRL", "annualReports": [{"fiscalDateEnding": "2024-10-31", "reportedCurrency": "USD", "grossProfit": "2022138000", "totalRevenue": "11920797000", "costOfRevenue": "9898659000", "costofGoodsAndServicesSold": "9898659000", "operatingIncome": "1067932000", "sellingGeneralAndAdministrative": "1005294000", "researchAndDevelopment": "None", "operatingExpenses": "954206000", "investmentIncomeNet": "None", "netInterestIncome": "-32498000", "interestIncome": "48396000", "interestExpense": "80894000", "nonInterestIncome": "None", "otherNonOperatingIncome": "None", "depreciation": "None", "depreciationAndAmortization": "257756000", "incomeBeforeTax": "1035434000", "incomeTaxExpense": "230803000", "interestAndDebtExpense": "None", "netIncomeFromContinuingOperations": "804631000", "comprehensiveIncomeNetOfTax": "None", "ebit": "1116328000", "ebitda": "1374084000", "netIncome": "805038000"}, {"fiscalDateEnding": "2023-10-31", "reportedCurrency": "USD", "grossProfit": "1999841000", "totalRevenue": "12110010000", "costOfRevenue": "10110169000", "costofGoodsAndServicesSold": "10110169000", "operatingIncome": "1072046000", "sellingGeneralAndAdministrative": "748367000", "researchAndDevelopment": "33700000", "operatingExpenses": "927795000", "investmentIncomeNet": "None", "netInterestIncome": "-58574000", "interestIncome": "14828000", "interestExpense": "73402000", "nonInterestIncome": "None", "otherNonOperatingIncome": "None", "depreciation": "None", "depreciationAndAmortization": "253311000", "incomeBeforeTax": "1013472000", "incomeTaxExpense": "220552000", "interestAndDebtExpense": "None", "netIncomeFromContinuingOperations": "792920000", "comprehensiveIncomeNetOfTax": "None", "ebit": "1086874000", "ebitda": "1340185000", "netIncome": "793572000"}, {"fiscalDateEnding": "2022-10-31", "reportedCurrency": "USD", "grossProfit": "2164686000", "totalRevenue": "12458806000", "costOfRevenue": "10294120000", "costofGoodsAndServicesSold": "10294120000", "operatingIncome": "1312607000", "sellingGeneralAndAdministrative": "721965000", "researchAndDevelopment": "34700000", "operatingExpenses": "852079000", "investmentIncomeNet": "None", "netInterestIncome": "-34503000", "interestIncome": "34503000", "interestExpense": "62515000", "nonInterestIncome": "None", "otherNonOperatingIncome": "28012000", "depreciation": "None", "depreciationAndAmortization": "235885000", "incomeBeforeTax": "1278103000", "incomeTaxExpense": "277877000", "interestAndDebtExpense": "None", "netIncomeFromContinuingOperations": "1000226000", "comprehensiveIncomeNetOfTax": "None", "ebit": "1340618000", "ebitda": "1576503000", "netIncome": "999987000"}, {"fiscalDateEnding": "2021-10-31", "reportedCurrency": "USD", "grossProfit": "1927906000", "totalRevenue": "11386189000", "costOfRevenue": "9458283000", "costofGoodsAndServicesSold": "9458283000", "operatingIncome": "1122599000", "sellingGeneralAndAdministrative": "714571000", "researchAndDevelopment": "33600000", "operatingExpenses": "805307000", "investmentIncomeNet": "None", "netInterestIncome": "3571000", "interestIncome": "3571000", "interestExpense": "43307000", "nonInterestIncome": "None", "otherNonOperatingIncome": "46878000", "depreciation": "None", "depreciationAndAmortization": "209309000", "incomeBeforeTax": "1126170000", "incomeTaxExpense": "217029000", "interestAndDebtExpense": "None", "netIncomeFromContinuingOperations": "909141000", "comprehensiveIncomeNetOfTax": "None", "ebit": "1169477000", "ebitda": "1378786000", "netIncome": "908839000"}, {"fiscalDateEnding": "2020-10-31", "reportedCurrency": "USD", "grossProfit": "1825963000", "totalRevenue": "9608462000", "costOfRevenue": "7782498000", "costofGoodsAndServicesSold": "7782498000", "operatingIncome": "1100220000", "sellingGeneralAndAdministrative": "637715000", "researchAndDevelopment": "31900000", "operatingExpenses": "725744000", "investmentIncomeNet": "None", "netInterestIncome": "14527000", "interestIncome": "14527000", "interestExpense": "21069000", "nonInterestIncome": "None", "otherNonOperatingIncome": "35596000", "depreciation": "None", "depreciationAndAmortization": "205781000", "incomeBeforeTax": "1114747000", "incomeTaxExpense": "206393000", "interestAndDebtExpense": "None", "netIncomeFromContinuingOperations": "908354000", "comprehensiveIncomeNetOfTax": "None", "ebit": "1135816000", "ebitda": "1341597000", "netIncome": "908082000"}, {"fiscalDateEnding": "2019-10-31", "reportedCurrency": "USD", "grossProfit": "1884648000", "totalRevenue": "9497317000", "costOfRevenue": "7612669000", "costofGoodsAndServicesSold": "7612669000", "operatingIncome": "1196265000", "sellingGeneralAndAdministrative": "596484000", "researchAndDevelopment": "32500000", "operatingExpenses": "688383000", "investmentIncomeNet": "None", "netInterestIncome": "13450000", "interestIncome": "13450000", "interestExpense": "18070000", "nonInterestIncome": "None", "otherNonOperatingIncome": "31520000", "depreciation": "None", "depreciationAndAmortization": "165209000", "incomeBeforeTax": "1209715000", "incomeTaxExpense": "230567000", "interestAndDebtExpense": "None", "netIncomeFromContinuingOperations": "979148000", "comprehensiveIncomeNetOfTax": "None", "ebit": "1227785000", "ebitda": "1392994000", "netIncome": "978806000"}, {"fiscalDateEnding": "2018-10-31", "reportedCurrency": "USD", "grossProfit": "1979473000", "totalRevenue": "9545700000", "costOfRevenue": "7566227000", "costofGoodsAndServicesSold": "7566227000", "operatingIncome": "1179961000", "sellingGeneralAndAdministrative": "686705000", "researchAndDevelopment": "33800000", "operatingExpenses": "799512000", "investmentIncomeNet": "None", "netInterestIncome": "-17637000", "interestIncome": "1323000", "interestExpense": "26494000", "nonInterestIncome": "None", "otherNonOperatingIncome": "8857000", "depreciation": "None", "depreciationAndAmortization": "161858000", "incomeBeforeTax": "1181284000", "incomeTaxExpense": "168702000", "interestAndDebtExpense": "None", "netIncomeFromContinuingOperations": "1012582000", "comprehensiveIncomeNetOfTax": "None", "ebit": "1207778000", "ebitda": "1369636000", "netIncome": "1012140000"}, {"fiscalDateEnding": "2017-10-31", "reportedCurrency": "USD", "grossProfit": "1996636000", "totalRevenue": "9167519000", "costOfRevenue": "7170883000", "costofGoodsAndServicesSold": "7170883000", "operatingIncome": "1276742000", "sellingGeneralAndAdministrative": "626504000", "researchAndDevelopment": "34200000", "operatingExpenses": "719894000", "investmentIncomeNet": "None", "netInterestIncome": "-1824000", "interestIncome": "10859000", "interestExpense": "12683000", "nonInterestIncome": "None", "otherNonOperatingIncome": "10859000", "depreciation": "None", "depreciationAndAmortization": "130977000", "incomeBeforeTax": "1278645000", "incomeTaxExpense": "431542000", "interestAndDebtExpense": "None", "netIncomeFromContinuingOperations": "847103000", "comprehensiveIncomeNetOfTax": "None", "ebit": "1291328000", "ebitda": "1422305000", "netIncome": "846735000"}, {"fiscalDateEnding": "2016-10-31", "reportedCurrency": "USD", "grossProfit": "2158175000", "totalRevenue": "9523224000", "costOfRevenue": "7365049000", "costofGoodsAndServicesSold": "7365049000", "operatingIncome": "1323895000", "sellingGeneralAndAdministrative": "667874000", "researchAndDevelopment": "34700000", "operatingExpenses": "834280000", "investmentIncomeNet": "None", "netInterestIncome": "-6680000", "interestIncome": "6191000", "interestExpense": "12871000", "nonInterestIncome": "None", "otherNonOperatingIncome": "6191000", "depreciation": "None", "depreciationAndAmortization": "131968000", "incomeBeforeTax": "1317215000", "incomeTaxExpense": "426698000", "interestAndDebtExpense": "None", "netIncomeFromContinuingOperations": "890517000", "comprehensiveIncomeNetOfTax": "None", "ebit": "1330086000", "ebitda": "1462054000", "netIncome": "890052000"}, {"fiscalDateEnding": "2015-10-31", "reportedCurrency": "USD", "grossProfit": "1808581000", "totalRevenue": "9263863000", "costOfRevenue": "7455282000", "costofGoodsAndServicesSold": "7455282000", "operatingIncome": "1067320000", "sellingGeneralAndAdministrative": "598311000", "researchAndDevelopment": "32000000", "operatingExpenses": "741261000", "investmentIncomeNet": "None", "netInterestIncome": "None", "interestIncome": "10177000", "interestExpense": "13111000", "nonInterestIncome": "None", "otherNonOperatingIncome": "2934000", "depreciation": "None", "depreciationAndAmortization": "133434000", "incomeBeforeTax": "1057143000", "incomeTaxExpense": "369879000", "interestAndDebtExpense": "None", "netIncomeFromContinuingOperations": "687264000", "comprehensiveIncomeNetOfTax": "None", "ebit": "1070254000", "ebitda": "1203688000", "netIncome": "686088000"}, {"fiscalDateEnding": "2014-10-31", "reportedCurrency": "USD", "grossProfit": "1564983000", "totalRevenue": "9316256000", "costOfRevenue": "7751273000", "costofGoodsAndServicesSold": "7751273000", "operatingIncome": "931620000", "sellingGeneralAndAdministrative": "536548000", "researchAndDevelopment": "29900000", "operatingExpenses": "633363000", "investmentIncomeNet": "None", "netInterestIncome": "None", "interestIncome": "None", "interestExpense": "12704000", "nonInterestIncome": "None", "otherNonOperatingIncome": "20821000", "depreciation": "None", "depreciationAndAmortization": "130044000", "incomeBeforeTax": "922152000", "incomeTaxExpense": "316126000", "interestAndDebtExpense": "None", "netIncomeFromContinuingOperations": "606026000", "comprehensiveIncomeNetOfTax": "None", "ebit": "934856000", "ebitda": "1064900000", "netIncome": "602677000"}, {"fiscalDateEnding": "2013-10-31", "reportedCurrency": "USD", "grossProfit": "1412816000", "totalRevenue": "8751654000", "costOfRevenue": "7338838000", "costofGoodsAndServicesSold": "7338838000", "operatingIncome": "805989000", "sellingGeneralAndAdministrative": "537440000", "researchAndDevelopment": "29900000", "operatingExpenses": "606827000", "investmentIncomeNet": "None", "netInterestIncome": "None", "interestIncome": "None", "interestExpense": "12453000", "nonInterestIncome": "None", "otherNonOperatingIncome": "25484000", "depreciation": "None", "depreciationAndAmortization": "124850000", "incomeBeforeTax": "798507000", "incomeTaxExpense": "268431000", "interestAndDebtExpense": "None", "netIncomeFromContinuingOperations": "530076000", "comprehensiveIncomeNetOfTax": "None", "ebit": "810960000", "ebitda": "935810000", "netIncome": "526211000"}, {"fiscalDateEnding": "2012-10-31", "reportedCurrency": "USD", "grossProfit": "1331851000", "totalRevenue": "8230670000", "costOfRevenue": "6898819000", "costofGoodsAndServicesSold": "6898819000", "operatingIncome": "764674000", "sellingGeneralAndAdministrative": "502468000", "researchAndDevelopment": "29800000", "operatingExpenses": "567177000", "investmentIncomeNet": "None", "netInterestIncome": "None", "interestIncome": "None", "interestExpense": "12859000", "nonInterestIncome": "None", "otherNonOperatingIncome": "45211000", "depreciation": "None", "depreciationAndAmortization": "119494000", "incomeBeforeTax": "758335000", "incomeTaxExpense": "253374000", "interestAndDebtExpense": "None", "netIncomeFromContinuingOperations": "504961000", "comprehensiveIncomeNetOfTax": "None", "ebit": "771194000", "ebitda": "890688000", "netIncome": "500050000"}, {"fiscalDateEnding": "2011-10-31", "reportedCurrency": "USD", "grossProfit": "1334113000", "totalRevenue": "7895089000", "costOfRevenue": "6560976000", "costofGoodsAndServicesSold": "6560976000", "operatingIncome": "742284000", "sellingGeneralAndAdministrative": "618600000", "researchAndDevelopment": "29400000", "operatingExpenses": "591829000", "investmentIncomeNet": "None", "netInterestIncome": "None", "interestIncome": "None", "interestExpense": "23448000", "nonInterestIncome": "None", "otherNonOperatingIncome": "25971000", "depreciation": "None", "depreciationAndAmortization": "124165000", "incomeBeforeTax": "718836000", "incomeTaxExpense": "239640000", "interestAndDebtExpense": "None", "netIncomeFromContinuingOperations": "479196000", "comprehensiveIncomeNetOfTax": "None", "ebit": "742284000", "ebitda": "866449000", "netIncome": "474195000"}, {"fiscalDateEnding": "2010-10-31", "reportedCurrency": "USD", "grossProfit": "1238742000", "totalRevenue": "7220719000", "costOfRevenue": "5981977000", "costofGoodsAndServicesSold": "5981977000", "operatingIncome": "646575000", "sellingGeneralAndAdministrative": "605293000", "researchAndDevelopment": "27600000", "operatingExpenses": "592167000", "investmentIncomeNet": "None", "netInterestIncome": "None", "interestIncome": "None", "interestExpense": "26589000", "nonInterestIncome": "None", "otherNonOperatingIncome": "17691000", "depreciation": "None", "depreciationAndAmortization": "125591000", "incomeBeforeTax": "624551000", "incomeTaxExpense": "224775000", "interestAndDebtExpense": "None", "netIncomeFromContinuingOperations": "399776000", "comprehensiveIncomeNetOfTax": "None", "ebit": "651140000", "ebitda": "776731000", "netIncome": "395587000"}, {"fiscalDateEnding": "2009-10-31", "reportedCurrency": "USD", "grossProfit": "1098871000", "totalRevenue": "6533671000", "costOfRevenue": "5434800000", "costofGoodsAndServicesSold": "5434800000", "operatingIncome": "536579000", "sellingGeneralAndAdministrative": "567100000", "researchAndDevelopment": "25398000", "operatingExpenses": "562292000", "investmentIncomeNet": "None", "netInterestIncome": "None", "interestIncome": "None", "interestExpense": "27995000", "nonInterestIncome": "None", "otherNonOperatingIncome": "None", "depreciation": "None", "depreciationAndAmortization": "127138000", "incomeBeforeTax": "528147000", "incomeTaxExpense": "182169000", "interestAndDebtExpense": "None", "netIncomeFromContinuingOperations": "None", "comprehensiveIncomeNetOfTax": "None", "ebit": "556142000", "ebitda": "683280000", "netIncome": "342813000"}, {"fiscalDateEnding": "2008-10-31", "reportedCurrency": "USD", "grossProfit": "1061929000", "totalRevenue": "6754903000", "costOfRevenue": "5692974000", "costofGoodsAndServicesSold": "5692974000", "operatingIncome": "516796000", "sellingGeneralAndAdministrative": "178029000", "researchAndDevelopment": "22689000", "operatingExpenses": "545133000", "investmentIncomeNet": "None", "netInterestIncome": "None", "interestIncome": "None", "interestExpense": "56125000", "nonInterestIncome": "None", "otherNonOperatingIncome": "None", "depreciation": "None", "depreciationAndAmortization": "126189000", "incomeBeforeTax": "460671000", "incomeTaxExpense": "172036000", "interestAndDebtExpense": "None", "netIncomeFromContinuingOperations": "None", "comprehensiveIncomeNetOfTax": "None", "ebit": "516796000", "ebitda": "642985000", "netIncome": "285500000"}, {"fiscalDateEnding": "2007-10-31", "reportedCurrency": "USD", "grossProfit": "1002801000", "totalRevenue": "6193032000", "costOfRevenue": "5190231000", "costofGoodsAndServicesSold": "5190231000", "operatingIncome": "483920000", "sellingGeneralAndAdministrative": "162480000", "researchAndDevelopment": "21475000", "operatingExpenses": "518881000", "investmentIncomeNet": "None", "netInterestIncome": "None", "interestIncome": "None", "interestExpense": "27707000", "nonInterestIncome": "None", "otherNonOperatingIncome": "None", "depreciation": "None", "depreciationAndAmortization": "126738000", "incomeBeforeTax": "469837000", "incomeTaxExpense": "167945000", "interestAndDebtExpense": "None", "netIncomeFromContinuingOperations": "None", "comprehensiveIncomeNetOfTax": "None", "ebit": "497544000", "ebitda": "624282000", "netIncome": "301892000"}, {"fiscalDateEnding": "2006-10-31", "reportedCurrency": "USD", "grossProfit": "1383190000", "totalRevenue": "5745481000", "costOfRevenue": "4362291000", "costofGoodsAndServicesSold": "4362291000", "operatingIncome": "450709000", "sellingGeneralAndAdministrative": "182891000", "researchAndDevelopment": "18631000", "operatingExpenses": "932481000", "investmentIncomeNet": "None", "netInterestIncome": "None", "interestIncome": "None", "interestExpense": "25636000", "nonInterestIncome": "None", "otherNonOperatingIncome": "None", "depreciation": "None", "depreciationAndAmortization": "121101000", "incomeBeforeTax": "430543000", "incomeTaxExpense": "144404000", "interestAndDebtExpense": "None", "netIncomeFromContinuingOperations": "None", "comprehensiveIncomeNetOfTax": "None", "ebit": "456179000", "ebitda": "577280000", "netIncome": "286139000"}, {"fiscalDateEnding": "2005-10-31", "reportedCurrency": "USD", "grossProfit": "1284448000", "totalRevenue": "5413997000", "costOfRevenue": "4129549000", "costofGoodsAndServicesSold": "4129549000", "operatingIncome": "425939000", "sellingGeneralAndAdministrative": "172242000", "researchAndDevelopment": "17585000", "operatingExpenses": "858509000", "investmentIncomeNet": "None", "netInterestIncome": "None", "interestIncome": "None", "interestExpense": "27744000", "nonInterestIncome": "None", "otherNonOperatingIncome": "None", "depreciation": "None", "depreciationAndAmortization": "115189000", "incomeBeforeTax": "406726000", "incomeTaxExpense": "152123000", "interestAndDebtExpense": "None", "netIncomeFromContinuingOperations": "None", "comprehensiveIncomeNetOfTax": "None", "ebit": "434470000", "ebitda": "549659000", "netIncome": "254603000"}], "quarterlyReports": [{"fiscalDateEnding": "2025-01-31", "reportedCurrency": "USD", "grossProfit": "475232000", "totalRevenue": "2988813000", "costOfRevenue": "2513581000", "costofGoodsAndServicesSold": "2513581000", "operatingIncome": "228330000", "sellingGeneralAndAdministrative": "263013000", "researchAndDevelopment": "None", "operatingExpenses": "246902000", "investmentIncomeNet": "None", "netInterestIncome": "-10258000", "interestIncome": "9204000", "interestExpense": "19462000", "nonInterestIncome": "None", "otherNonOperatingIncome": "None", "depreciation": "None", "depreciationAndAmortization": "65872000", "incomeBeforeTax": "218073000", "incomeTaxExpense": "47543000", "interestAndDebtExpense": "None", "netIncomeFromContinuingOperations": "170530000", "comprehensiveIncomeNetOfTax": "None", "ebit": "237535000", "ebitda": "303407000", "netIncome": "170575000"}, {"fiscalDateEnding": "2024-10-31", "reportedCurrency": "USD", "grossProfit": "521230000", "totalRevenue": "3138091000", "costOfRevenue": "2616861000", "costofGoodsAndServicesSold": "2616861000", "operatingIncome": "294480000", "sellingGeneralAndAdministrative": "150747000", "researchAndDevelopment": "None", "operatingExpenses": "226750000", "investmentIncomeNet": "None", "netInterestIncome": "-14450000", "interestIncome": "4980000", "interestExpense": "19430000", "nonInterestIncome": "None", "otherNonOperatingIncome": "None", "depreciation": "None", "depreciationAndAmortization": "66402000", "incomeBeforeTax": "280030000", "incomeTaxExpense": "60070000", "interestAndDebtExpense": "None", "netIncomeFromContinuingOperations": "219960000", "comprehensiveIncomeNetOfTax": "None", "ebit": "299460000", "ebitda": "365862000", "netIncome": "220196000"}, {"fiscalDateEnding": "2024-07-31", "reportedCurrency": "USD", "grossProfit": "488369000", "totalRevenue": "2898443000", "costOfRevenue": "2410075000", "costofGoodsAndServicesSold": "2410075000", "operatingIncome": "236693000", "sellingGeneralAndAdministrative": "190373000", "researchAndDevelopment": "None", "operatingExpenses": "251675000", "investmentIncomeNet": "None", "netInterestIncome": "-10975000", "interestIncome": "10484000", "interestExpense": "21459000", "nonInterestIncome": "None", "otherNonOperatingIncome": "None", "depreciation": "None", "depreciationAndAmortization": "63658000", "incomeBeforeTax": "225719000", "incomeTaxExpense": "48984000", "interestAndDebtExpense": "None", "netIncomeFromContinuingOperations": "176735000", "comprehensiveIncomeNetOfTax": "None", "ebit": "247178000", "ebitda": "310836000", "netIncome": "176701000"}, {"fiscalDateEnding": "2024-04-30", "reportedCurrency": "USD", "grossProfit": "503806000", "totalRevenue": "2887352000", "costOfRevenue": "2383546000", "costofGoodsAndServicesSold": "2383546000", "operatingIncome": "252320000", "sellingGeneralAndAdministrative": "210918000", "researchAndDevelopment": "None", "operatingExpenses": "251486000", "investmentIncomeNet": "None", "netInterestIncome": "-8182000", "interestIncome": "13497000", "interestExpense": "21679000", "nonInterestIncome": "None", "otherNonOperatingIncome": "None", "depreciation": "None", "depreciationAndAmortization": "63629000", "incomeBeforeTax": "244139000", "incomeTaxExpense": "54931000", "interestAndDebtExpense": "None", "netIncomeFromContinuingOperations": "189207000", "comprehensiveIncomeNetOfTax": "None", "ebit": "265818000", "ebitda": "329447000", "netIncome": "189278000"}, {"fiscalDateEnding": "2024-01-31", "reportedCurrency": "USD", "grossProfit": "508733000", "totalRevenue": "2996911000", "costOfRevenue": "2488178000", "costofGoodsAndServicesSold": "2488178000", "operatingIncome": "284438000", "sellingGeneralAndAdministrative": "196386000", "researchAndDevelopment": "None", "operatingExpenses": "224295000", "investmentIncomeNet": "None", "netInterestIncome": "1108000", "interestIncome": "19434000", "interestExpense": "18326000", "nonInterestIncome": "None", "otherNonOperatingIncome": "None", "depreciation": "None", "depreciationAndAmortization": "64067000", "incomeBeforeTax": "285547000", "incomeTaxExpense": "66818000", "interestAndDebtExpense": "None", "netIncomeFromContinuingOperations": "218729000", "comprehensiveIncomeNetOfTax": "None", "ebit": "303873000", "ebitda": "367940000", "netIncome": "218863000"}, {"fiscalDateEnding": "2023-10-31", "reportedCurrency": "USD", "grossProfit": "514424000", "totalRevenue": "3198080000", "costOfRevenue": "2683655000", "costofGoodsAndServicesSold": "2683655000", "operatingIncome": "270037000", "sellingGeneralAndAdministrative": "600621000", "researchAndDevelopment": "33700000", "operatingExpenses": "244388000", "investmentIncomeNet": "None", "netInterestIncome": "-24232000", "interestIncome": "5872000", "interestExpense": "18360000", "nonInterestIncome": "None", "otherNonOperatingIncome": "None", "depreciation": "None", "depreciationAndAmortization": "36879000", "incomeBeforeTax": "245806000", "incomeTaxExpense": "50322000", "interestAndDebtExpense": "None", "netIncomeFromContinuingOperations": "195483000", "comprehensiveIncomeNetOfTax": "None", "ebit": "264166000", "ebitda": "301045000", "netIncome": "195935000"}, {"fiscalDateEnding": "2023-07-31", "reportedCurrency": "USD", "grossProfit": "498048000", "totalRevenue": "2963299000", "costOfRevenue": "2465251000", "costofGoodsAndServicesSold": "2465251000", "operatingIncome": "216759000", "sellingGeneralAndAdministrative": "248073000", "researchAndDevelopment": "None", "operatingExpenses": "281289000", "investmentIncomeNet": "None", "netInterestIncome": "-9133000", "interestIncome": "9133000", "interestExpense": "18372000", "nonInterestIncome": "None", "otherNonOperatingIncome": "None", "depreciation": "None", "depreciationAndAmortization": "64083000", "incomeBeforeTax": "207626000", "incomeTaxExpense": "45055000", "interestAndDebtExpense": "None", "netIncomeFromContinuingOperations": "162571000", "comprehensiveIncomeNetOfTax": "None", "ebit": "225998000", "ebitda": "290081000", "netIncome": "162679000"}, {"fiscalDateEnding": "2023-04-30", "reportedCurrency": "USD", "grossProfit": "491419000", "totalRevenue": "2977639000", "costOfRevenue": "2486220000", "costofGoodsAndServicesSold": "2486220000", "operatingIncome": "295798000", "sellingGeneralAndAdministrative": "177492000", "researchAndDevelopment": "None", "operatingExpenses": "195621000", "investmentIncomeNet": "None", "netInterestIncome": "-16958000", "interestIncome": "1365000", "interestExpense": "18323000", "nonInterestIncome": "None", "otherNonOperatingIncome": "1365000", "depreciation": "None", "depreciationAndAmortization": "61740000", "incomeBeforeTax": "278839000", "incomeTaxExpense": "61624000", "interestAndDebtExpense": "None", "netIncomeFromContinuingOperations": "217215000", "comprehensiveIncomeNetOfTax": "None", "ebit": "297162000", "ebitda": "358902000", "netIncome": "217239000"}, {"fiscalDateEnding": "2023-01-31", "reportedCurrency": "USD", "grossProfit": "495949000", "totalRevenue": "2970992000", "costOfRevenue": "2475043000", "costofGoodsAndServicesSold": "2475043000", "operatingIncome": "289452000", "sellingGeneralAndAdministrative": "175056000", "researchAndDevelopment": "None", "operatingExpenses": "206497000", "investmentIncomeNet": "None", "netInterestIncome": "-8251000", "interestIncome": "8251000", "interestExpense": "18347000", "nonInterestIncome": "None", "otherNonOperatingIncome": "10096000", "depreciation": "None", "depreciationAndAmortization": "61503000", "incomeBeforeTax": "281201000", "incomeTaxExpense": "63551000", "interestAndDebtExpense": "None", "netIncomeFromContinuingOperations": "217650000", "comprehensiveIncomeNetOfTax": "None", "ebit": "299548000", "ebitda": "361051000", "netIncome": "217719000"}, {"fiscalDateEnding": "2022-10-31", "reportedCurrency": "USD", "grossProfit": "566417000", "totalRevenue": "3283475000", "costOfRevenue": "2717058000", "costofGoodsAndServicesSold": "2717058000", "operatingIncome": "367164000", "sellingGeneralAndAdministrative": "49187000", "researchAndDevelopment": "34700000", "operatingExpenses": "199253000", "investmentIncomeNet": "None", "netInterestIncome": "-9669000", "interestIncome": "9669000", "interestExpense": "17602000", "nonInterestIncome": "None", "otherNonOperatingIncome": "7933000", "depreciation": "None", "depreciationAndAmortization": "71185000", "incomeBeforeTax": "357495000", "incomeTaxExpense": "77484000", "interestAndDebtExpense": "None", "netIncomeFromContinuingOperations": "280011000", "comprehensiveIncomeNetOfTax": "None", "ebit": "375097000", "ebitda": "446282000", "netIncome": "279884000"}, {"fiscalDateEnding": "2022-07-31", "reportedCurrency": "USD", "grossProfit": "506049000", "totalRevenue": "3034414000", "costOfRevenue": "2528364000", "costofGoodsAndServicesSold": "2528364000", "operatingIncome": "291040000", "sellingGeneralAndAdministrative": "222147000", "researchAndDevelopment": "None", "operatingExpenses": "215010000", "investmentIncomeNet": "None", "netInterestIncome": "-1204000", "interestIncome": "14411000", "interestExpense": "15615000", "nonInterestIncome": "None", "otherNonOperatingIncome": "14411000", "depreciation": "None", "depreciationAndAmortization": "65132000", "incomeBeforeTax": "289836000", "incomeTaxExpense": "71010000", "interestAndDebtExpense": "None", "netIncomeFromContinuingOperations": "218826000", "comprehensiveIncomeNetOfTax": "None", "ebit": "305451000", "ebitda": "370583000", "netIncome": "218915000"}, {"fiscalDateEnding": "2022-04-30", "reportedCurrency": "USD", "grossProfit": "553471000", "totalRevenue": "3096559000", "costOfRevenue": "2543088000", "costofGoodsAndServicesSold": "2543088000", "operatingIncome": "334728000", "sellingGeneralAndAdministrative": "224659000", "researchAndDevelopment": "None", "operatingExpenses": "218743000", "investmentIncomeNet": "None", "netInterestIncome": "-12859000", "interestIncome": "1799000", "interestExpense": "14658000", "nonInterestIncome": "None", "otherNonOperatingIncome": "1799000", "depreciation": "None", "depreciationAndAmortization": "62156000", "incomeBeforeTax": "321868000", "incomeTaxExpense": "60189000", "interestAndDebtExpense": "None", "netIncomeFromContinuingOperations": "261679000", "comprehensiveIncomeNetOfTax": "None", "ebit": "336526000", "ebitda": "398682000", "netIncome": "261617000"}, {"fiscalDateEnding": "2022-01-31", "reportedCurrency": "USD", "grossProfit": "538749000", "totalRevenue": "3044358000", "costOfRevenue": "2505610000", "costofGoodsAndServicesSold": "2505610000", "operatingIncome": "319675000", "sellingGeneralAndAdministrative": "225972000", "researchAndDevelopment": "None", "operatingExpenses": "219073000", "investmentIncomeNet": "None", "netInterestIncome": "-10771000", "interestIncome": "10771000", "interestExpense": "14640000", "nonInterestIncome": "None", "otherNonOperatingIncome": "3869000", "depreciation": "None", "depreciationAndAmortization": "64280000", "incomeBeforeTax": "308904000", "incomeTaxExpense": "69194000", "interestAndDebtExpense": "None", "netIncomeFromContinuingOperations": "239710000", "comprehensiveIncomeNetOfTax": "None", "ebit": "323544000", "ebitda": "387824000", "netIncome": "239571000"}, {"fiscalDateEnding": "2021-10-31", "reportedCurrency": "USD", "grossProfit": "578081000", "totalRevenue": "3454751000", "costOfRevenue": "2876670000", "costofGoodsAndServicesSold": "2876670000", "operatingIncome": "357682000", "sellingGeneralAndAdministrative": "91941000", "researchAndDevelopment": "33600000", "operatingExpenses": "220399000", "investmentIncomeNet": "None", "netInterestIncome": "-5451000", "interestIncome": "5451000", "interestExpense": "15589000", "nonInterestIncome": "None", "otherNonOperatingIncome": "10138000", "depreciation": "None", "depreciationAndAmortization": "65916000", "incomeBeforeTax": "352230000", "incomeTaxExpense": "70480000", "interestAndDebtExpense": "None", "netIncomeFromContinuingOperations": "281751000", "comprehensiveIncomeNetOfTax": "None", "ebit": "367819000", "ebitda": "433735000", "netIncome": "281738000"}, {"fiscalDateEnding": "2021-07-31", "reportedCurrency": "USD", "grossProfit": "423348000", "totalRevenue": "2863670000", "costOfRevenue": "2440322000", "costofGoodsAndServicesSold": "2440322000", "operatingIncome": "207484000", "sellingGeneralAndAdministrative": "195284000", "researchAndDevelopment": "None", "operatingExpenses": "215864000", "investmentIncomeNet": "None", "netInterestIncome": "-3246000", "interestIncome": "8457000", "interestExpense": "11703000", "nonInterestIncome": "None", "otherNonOperatingIncome": "8457000", "depreciation": "None", "depreciationAndAmortization": "59183000", "incomeBeforeTax": "204238000", "incomeTaxExpense": "27164000", "interestAndDebtExpense": "None", "netIncomeFromContinuingOperations": "177074000", "comprehensiveIncomeNetOfTax": "None", "ebit": "215941000", "ebitda": "275124000", "netIncome": "176917000"}, {"fiscalDateEnding": "2021-04-30", "reportedCurrency": "USD", "grossProfit": "476307000", "totalRevenue": "2606621000", "costOfRevenue": "2130314000", "costofGoodsAndServicesSold": "2130314000", "operatingIncome": "289415000", "sellingGeneralAndAdministrative": "169066000", "researchAndDevelopment": "None", "operatingExpenses": "186892000", "investmentIncomeNet": "None", "netInterestIncome": "3204000", "interestIncome": "10992000", "interestExpense": "7788000", "nonInterestIncome": "None", "otherNonOperatingIncome": "10992000", "depreciation": "None", "depreciationAndAmortization": "52264000", "incomeBeforeTax": "292620000", "incomeTaxExpense": "64699000", "interestAndDebtExpense": "None", "netIncomeFromContinuingOperations": "227921000", "comprehensiveIncomeNetOfTax": "None", "ebit": "300408000", "ebitda": "352672000", "netIncome": "227901000"}, {"fiscalDateEnding": "2021-01-31", "reportedCurrency": "USD", "grossProfit": "450170000", "totalRevenue": "2461147000", "costOfRevenue": "2010977000", "costofGoodsAndServicesSold": "2010977000", "operatingIncome": "268018000", "sellingGeneralAndAdministrative": "162380000", "researchAndDevelopment": "None", "operatingExpenses": "182152000", "investmentIncomeNet": "None", "netInterestIncome": "9064000", "interestIncome": "9064000", "interestExpense": "8227000", "nonInterestIncome": "None", "otherNonOperatingIncome": "17291000", "depreciation": "None", "depreciationAndAmortization": "51043000", "incomeBeforeTax": "277082000", "incomeTaxExpense": "54687000", "interestAndDebtExpense": "None", "netIncomeFromContinuingOperations": "222395000", "comprehensiveIncomeNetOfTax": "None", "ebit": "285309000", "ebitda": "336352000", "netIncome": "222283000"}, {"fiscalDateEnding": "2020-10-31", "reportedCurrency": "USD", "grossProfit": "457765000", "totalRevenue": "2420105000", "costOfRevenue": "1962340000", "costofGoodsAndServicesSold": "1962340000", "operatingIncome": "276697000", "sellingGeneralAndAdministrative": "67197000", "researchAndDevelopment": "31900000", "operatingExpenses": "181068000", "investmentIncomeNet": "None", "netInterestIncome": "2036000", "interestIncome": "2036000", "interestExpense": "8271000", "nonInterestIncome": "None", "otherNonOperatingIncome": "10306000", "depreciation": "None", "depreciationAndAmortization": "56007000", "incomeBeforeTax": "278733000", "incomeTaxExpense": "44207000", "interestAndDebtExpense": "None", "netIncomeFromContinuingOperations": "234524000", "comprehensiveIncomeNetOfTax": "None", "ebit": "287004000", "ebitda": "343011000", "netIncome": "234356000"}, {"fiscalDateEnding": "2020-07-31", "reportedCurrency": "USD", "grossProfit": "422425000", "totalRevenue": "2381457000", "costOfRevenue": "1959032000", "costofGoodsAndServicesSold": "1959032000", "operatingIncome": "249576000", "sellingGeneralAndAdministrative": "181085000", "researchAndDevelopment": "None", "operatingExpenses": "172849000", "investmentIncomeNet": "None", "netInterestIncome": "9789000", "interestIncome": "9789000", "interestExpense": "8235000", "nonInterestIncome": "None", "otherNonOperatingIncome": "15513000", "depreciation": "None", "depreciationAndAmortization": "49857000", "incomeBeforeTax": "259364000", "incomeTaxExpense": "56103000", "interestAndDebtExpense": "None", "netIncomeFromContinuingOperations": "203260000", "comprehensiveIncomeNetOfTax": "None", "ebit": "314804000", "ebitda": "299433000", "netIncome": "203120000"}, {"fiscalDateEnding": "2020-04-30", "reportedCurrency": "USD", "grossProfit": "477352000", "totalRevenue": "2422465000", "costOfRevenue": "1945113000", "costofGoodsAndServicesSold": "1945113000", "operatingIncome": "293460000", "sellingGeneralAndAdministrative": "193912000", "researchAndDevelopment": "None", "operatingExpenses": "183892000", "investmentIncomeNet": "None", "netInterestIncome": "-6971000", "interestIncome": "6971000", "interestExpense": "3497000", "nonInterestIncome": "None", "otherNonOperatingIncome": "-3474000", "depreciation": "None", "depreciationAndAmortization": "50588000", "incomeBeforeTax": "286489000", "incomeTaxExpense": "58873000", "interestAndDebtExpense": "None", "netIncomeFromContinuingOperations": "227616000", "comprehensiveIncomeNetOfTax": "None", "ebit": "340693000", "ebitda": "344048000", "netIncome": "227734000"}, {"fiscalDateEnding": "2020-01-31", "reportedCurrency": "USD", "grossProfit": "468420000", "totalRevenue": "2384434000", "costOfRevenue": "1916014000", "costofGoodsAndServicesSold": "1916014000", "operatingIncome": "280488000", "sellingGeneralAndAdministrative": "195521000", "researchAndDevelopment": "None", "operatingExpenses": "187932000", "investmentIncomeNet": "None", "netInterestIncome": "9674000", "interestIncome": "13251000", "interestExpense": "3577000", "nonInterestIncome": "None", "otherNonOperatingIncome": "13251000", "depreciation": "None", "depreciationAndAmortization": "49329000", "incomeBeforeTax": "290162000", "incomeTaxExpense": "47209000", "interestAndDebtExpense": "None", "netIncomeFromContinuingOperations": "242953000", "comprehensiveIncomeNetOfTax": "None", "ebit": "342987000", "ebitda": "329817000", "netIncome": "242872000"}, {"fiscalDateEnding": "2019-10-31", "reportedCurrency": "USD", "grossProfit": "493723000", "totalRevenue": "2501513000", "costOfRevenue": "2007790000", "costofGoodsAndServicesSold": "2007790000", "operatingIncome": "320996000", "sellingGeneralAndAdministrative": "183795000", "researchAndDevelopment": "32500000", "operatingExpenses": "172727000", "investmentIncomeNet": "None", "netInterestIncome": "2698000", "interestIncome": "5793000", "interestExpense": "3095000", "nonInterestIncome": "None", "otherNonOperatingIncome": "5793000", "depreciation": "None", "depreciationAndAmortization": "42994000", "incomeBeforeTax": "323694000", "incomeTaxExpense": "68128000", "interestAndDebtExpense": "None", "netIncomeFromContinuingOperations": "255566000", "comprehensiveIncomeNetOfTax": "None", "ebit": "369720000", "ebitda": "363990000", "netIncome": "255503000"}, {"fiscalDateEnding": "2019-07-31", "reportedCurrency": "USD", "grossProfit": "433442000", "totalRevenue": "2290705000", "costOfRevenue": "1857263000", "costofGoodsAndServicesSold": "1857263000", "operatingIncome": "256657000", "sellingGeneralAndAdministrative": "180169000", "researchAndDevelopment": "32500000", "operatingExpenses": "176785000", "investmentIncomeNet": "None", "netInterestIncome": "4343000", "interestIncome": "7556000", "interestExpense": "3213000", "nonInterestIncome": "None", "otherNonOperatingIncome": "7556000", "depreciation": "None", "depreciationAndAmortization": "41472000", "incomeBeforeTax": "261000000", "incomeTaxExpense": "61573000", "interestAndDebtExpense": "None", "netIncomeFromContinuingOperations": "199427000", "comprehensiveIncomeNetOfTax": "None", "ebit": "305707000", "ebitda": "298129000", "netIncome": "199449000"}, {"fiscalDateEnding": "2019-04-30", "reportedCurrency": "USD", "grossProfit": "469149000", "totalRevenue": "2344744000", "costOfRevenue": "1875595000", "costofGoodsAndServicesSold": "1875595000", "operatingIncome": "312364000", "sellingGeneralAndAdministrative": "170076000", "researchAndDevelopment": "32500000", "operatingExpenses": "156785000", "investmentIncomeNet": "None", "netInterestIncome": "5682000", "interestIncome": "11297000", "interestExpense": "5615000", "nonInterestIncome": "None", "otherNonOperatingIncome": "11297000", "depreciation": "None", "depreciationAndAmortization": "40725000", "incomeBeforeTax": "318046000", "incomeTaxExpense": "35410000", "interestAndDebtExpense": "None", "netIncomeFromContinuingOperations": "282636000", "comprehensiveIncomeNetOfTax": "None", "ebit": "364179000", "ebitda": "353089000", "netIncome": "282429000"}, {"fiscalDateEnding": "2019-01-31", "reportedCurrency": "USD", "grossProfit": "488334000", "totalRevenue": "2360355000", "costOfRevenue": "1872021000", "costofGoodsAndServicesSold": "1872021000", "operatingIncome": "306248000", "sellingGeneralAndAdministrative": "193544000", "researchAndDevelopment": "32500000", "operatingExpenses": "182086000", "investmentIncomeNet": "None", "netInterestIncome": "None", "interestIncome": "None", "interestExpense": "6147000", "nonInterestIncome": "None", "otherNonOperatingIncome": "6874000", "depreciation": "None", "depreciationAndAmortization": "40018000", "incomeBeforeTax": "306975000", "incomeTaxExpense": "65456000", "interestAndDebtExpense": "None", "netIncomeFromContinuingOperations": "241519000", "comprehensiveIncomeNetOfTax": "None", "ebit": "353046000", "ebitda": "346266000", "netIncome": "241425000"}, {"fiscalDateEnding": "2018-10-31", "reportedCurrency": "USD", "grossProfit": "533328000", "totalRevenue": "2524697000", "costOfRevenue": "1991369000", "costofGoodsAndServicesSold": "1991369000", "operatingIncome": "324394000", "sellingGeneralAndAdministrative": "205287000", "researchAndDevelopment": "33800000", "operatingExpenses": "213752000", "investmentIncomeNet": "None", "netInterestIncome": "None", "interestIncome": "None", "interestExpense": "6329000", "nonInterestIncome": "None", "otherNonOperatingIncome": "3439000", "depreciation": "None", "depreciationAndAmortization": "40758000", "incomeBeforeTax": "321504000", "incomeTaxExpense": "60008000", "interestAndDebtExpense": "None", "netIncomeFromContinuingOperations": "261496000", "comprehensiveIncomeNetOfTax": "None", "ebit": "441401000", "ebitda": "360334000", "netIncome": "261406000"}, {"fiscalDateEnding": "2018-07-31", "reportedCurrency": "USD", "grossProfit": "455046000", "totalRevenue": "2359142000", "costOfRevenue": "1904096000", "costofGoodsAndServicesSold": "1904096000", "operatingIncome": "256690000", "sellingGeneralAndAdministrative": "211500000", "researchAndDevelopment": "33800000", "operatingExpenses": "198356000", "investmentIncomeNet": "None", "netInterestIncome": "None", "interestIncome": "None", "interestExpense": "8435000", "nonInterestIncome": "None", "otherNonOperatingIncome": "4601000", "depreciation": "None", "depreciationAndAmortization": "40792000", "incomeBeforeTax": "257732000", "incomeTaxExpense": "47379000", "interestAndDebtExpense": "None", "netIncomeFromContinuingOperations": "210353000", "comprehensiveIncomeNetOfTax": "None", "ebit": "266167000", "ebitda": "306959000", "netIncome": "210243000"}, {"fiscalDateEnding": "2018-04-30", "reportedCurrency": "USD", "grossProfit": "492803000", "totalRevenue": "2330568000", "costOfRevenue": "1837765000", "costofGoodsAndServicesSold": "1837765000", "operatingIncome": "301740000", "sellingGeneralAndAdministrative": "204500000", "researchAndDevelopment": "33800000", "operatingExpenses": "191063000", "investmentIncomeNet": "None", "netInterestIncome": "None", "interestIncome": "None", "interestExpense": "7001000", "nonInterestIncome": "None", "otherNonOperatingIncome": "-2489000", "depreciation": "None", "depreciationAndAmortization": "41193000", "incomeBeforeTax": "296883000", "incomeTaxExpense": "59361000", "interestAndDebtExpense": "None", "netIncomeFromContinuingOperations": "237522000", "comprehensiveIncomeNetOfTax": "None", "ebit": "303884000", "ebitda": "345077000", "netIncome": "237384000"}, {"fiscalDateEnding": "2018-01-31", "reportedCurrency": "USD", "grossProfit": "498296000", "totalRevenue": "2331293000", "costOfRevenue": "1832997000", "costofGoodsAndServicesSold": "1832997000", "operatingIncome": "301955000", "sellingGeneralAndAdministrative": "219100000", "researchAndDevelopment": "0", "operatingExpenses": "196341000", "investmentIncomeNet": "None", "netInterestIncome": "None", "interestIncome": "None", "interestExpense": "4729000", "nonInterestIncome": "None", "otherNonOperatingIncome": "3306000", "depreciation": "None", "depreciationAndAmortization": "39123000", "incomeBeforeTax": "305165000", "incomeTaxExpense": "1954000", "interestAndDebtExpense": "None", "netIncomeFromContinuingOperations": "303211000", "comprehensiveIncomeNetOfTax": "None", "ebit": "309894000", "ebitda": "349017000", "netIncome": "303107000"}, {"fiscalDateEnding": "2017-10-31", "reportedCurrency": "USD", "grossProfit": "511554000", "totalRevenue": "2492608000", "costOfRevenue": "1981054000", "costofGoodsAndServicesSold": "1981054000", "operatingIncome": "329370000", "sellingGeneralAndAdministrative": "58618000", "researchAndDevelopment": "34200000", "operatingExpenses": "182184000", "investmentIncomeNet": "None", "netInterestIncome": "None", "interestIncome": "None", "interestExpense": "3577000", "nonInterestIncome": "None", "otherNonOperatingIncome": "4216000", "depreciation": "None", "depreciationAndAmortization": "34856000", "incomeBeforeTax": "330009000", "incomeTaxExpense": "111646000", "interestAndDebtExpense": "None", "netIncomeFromContinuingOperations": "218363000", "comprehensiveIncomeNetOfTax": "None", "ebit": "333586000", "ebitda": "368442000", "netIncome": "218154000"}, {"fiscalDateEnding": "2017-07-31", "reportedCurrency": "USD", "grossProfit": "452409000", "totalRevenue": "2207375000", "costOfRevenue": "1754966000", "costofGoodsAndServicesSold": "1754966000", "operatingIncome": "279705000", "sellingGeneralAndAdministrative": "176700000", "researchAndDevelopment": "0", "operatingExpenses": "172704000", "investmentIncomeNet": "None", "netInterestIncome": "None", "interestIncome": "None", "interestExpense": "3057000", "nonInterestIncome": "None", "otherNonOperatingIncome": "1376000", "depreciation": "None", "depreciationAndAmortization": "32793000", "incomeBeforeTax": "278024000", "incomeTaxExpense": "95473000", "interestAndDebtExpense": "None", "netIncomeFromContinuingOperations": "182551000", "comprehensiveIncomeNetOfTax": "None", "ebit": "281081000", "ebitda": "313874000", "netIncome": "182508000"}, {"fiscalDateEnding": "2017-04-30", "reportedCurrency": "USD", "grossProfit": "486920000", "totalRevenue": "2187309000", "costOfRevenue": "1700389000", "costofGoodsAndServicesSold": "1700389000", "operatingIncome": "316032000", "sellingGeneralAndAdministrative": "181009000", "researchAndDevelopment": "0", "operatingExpenses": "170888000", "investmentIncomeNet": "None", "netInterestIncome": "None", "interestIncome": "None", "interestExpense": "3023000", "nonInterestIncome": "None", "otherNonOperatingIncome": "2818000", "depreciation": "None", "depreciationAndAmortization": "32009000", "incomeBeforeTax": "315827000", "incomeTaxExpense": "104941000", "interestAndDebtExpense": "None", "netIncomeFromContinuingOperations": "210886000", "comprehensiveIncomeNetOfTax": "None", "ebit": "318850000", "ebitda": "350859000", "netIncome": "210926000"}, {"fiscalDateEnding": "2017-01-31", "reportedCurrency": "USD", "grossProfit": "552280000", "totalRevenue": "2280227000", "costOfRevenue": "1727947000", "costofGoodsAndServicesSold": "1727947000", "operatingIncome": "355362000", "sellingGeneralAndAdministrative": "210200000", "researchAndDevelopment": "0", "operatingExpenses": "196918000", "investmentIncomeNet": "None", "netInterestIncome": "None", "interestIncome": "None", "interestExpense": "3026000", "nonInterestIncome": "None", "otherNonOperatingIncome": "2449000", "depreciation": "None", "depreciationAndAmortization": "31319000", "incomeBeforeTax": "354785000", "incomeTaxExpense": "119482000", "interestAndDebtExpense": "None", "netIncomeFromContinuingOperations": "235303000", "comprehensiveIncomeNetOfTax": "None", "ebit": "357811000", "ebitda": "389130000", "netIncome": "235147000"}, {"fiscalDateEnding": "2016-10-31", "reportedCurrency": "USD", "grossProfit": "598520000", "totalRevenue": "2627941000", "costOfRevenue": "2029421000", "costofGoodsAndServicesSold": "2029421000", "operatingIncome": "365750000", "sellingGeneralAndAdministrative": "39906000", "researchAndDevelopment": "34700000", "operatingExpenses": "232770000", "investmentIncomeNet": "None", "netInterestIncome": "None", "interestIncome": "None", "interestExpense": "3288000", "nonInterestIncome": "None", "otherNonOperatingIncome": "2271000", "depreciation": "None", "depreciationAndAmortization": "35448000", "incomeBeforeTax": "364733000", "incomeTaxExpense": "120543000", "interestAndDebtExpense": "None", "netIncomeFromContinuingOperations": "244190000", "comprehensiveIncomeNetOfTax": "None", "ebit": "368021000", "ebitda": "403469000", "netIncome": "243940000"}, {"fiscalDateEnding": "2016-07-31", "reportedCurrency": "USD", "grossProfit": "475285000", "totalRevenue": "2302376000", "costOfRevenue": "1827091000", "costofGoodsAndServicesSold": "1827091000", "operatingIncome": "274790000", "sellingGeneralAndAdministrative": "206900000", "researchAndDevelopment": "0", "operatingExpenses": "200495000", "investmentIncomeNet": "None", "netInterestIncome": "None", "interestIncome": "None", "interestExpense": "3147000", "nonInterestIncome": "None", "otherNonOperatingIncome": "2474000", "depreciation": "None", "depreciationAndAmortization": "32612000", "incomeBeforeTax": "274117000", "incomeTaxExpense": "78341000", "interestAndDebtExpense": "None", "netIncomeFromContinuingOperations": "195776000", "comprehensiveIncomeNetOfTax": "None", "ebit": "277264000", "ebitda": "309876000", "netIncome": "195654000"}, {"fiscalDateEnding": "2016-04-30", "reportedCurrency": "USD", "grossProfit": "526359000", "totalRevenue": "2300235000", "costOfRevenue": "1773876000", "costofGoodsAndServicesSold": "1773876000", "operatingIncome": "323817000", "sellingGeneralAndAdministrative": "211100000", "researchAndDevelopment": "0", "operatingExpenses": "202542000", "investmentIncomeNet": "None", "netInterestIncome": "None", "interestIncome": "None", "interestExpense": "3029000", "nonInterestIncome": "None", "otherNonOperatingIncome": "3409000", "depreciation": "None", "depreciationAndAmortization": "32104000", "incomeBeforeTax": "324197000", "incomeTaxExpense": "108813000", "interestAndDebtExpense": "None", "netIncomeFromContinuingOperations": "215384000", "comprehensiveIncomeNetOfTax": "None", "ebit": "327226000", "ebitda": "359330000", "netIncome": "215397000"}, {"fiscalDateEnding": "2016-01-31", "reportedCurrency": "USD", "grossProfit": "558011000", "totalRevenue": "2292672000", "costOfRevenue": "1734661000", "costofGoodsAndServicesSold": "1734661000", "operatingIncome": "359538000", "sellingGeneralAndAdministrative": "209900000", "researchAndDevelopment": "0", "operatingExpenses": "198473000", "investmentIncomeNet": "None", "netInterestIncome": "None", "interestIncome": "None", "interestExpense": "5370000", "nonInterestIncome": "None", "otherNonOperatingIncome": "-1963000", "depreciation": "None", "depreciationAndAmortization": "31804000", "incomeBeforeTax": "354168000", "incomeTaxExpense": "119001000", "interestAndDebtExpense": "None", "netIncomeFromContinuingOperations": "235167000", "comprehensiveIncomeNetOfTax": "None", "ebit": "359538000", "ebitda": "391342000", "netIncome": "235061000"}, {"fiscalDateEnding": "2015-10-31", "reportedCurrency": "USD", "grossProfit": "495030000", "totalRevenue": "2400858000", "costOfRevenue": "1905828000", "costofGoodsAndServicesSold": "1905828000", "operatingIncome": "292498000", "sellingGeneralAndAdministrative": "43652000", "researchAndDevelopment": "32000000", "operatingExpenses": "202532000", "investmentIncomeNet": "None", "netInterestIncome": "None", "interestIncome": "None", "interestExpense": "3821000", "nonInterestIncome": "None", "otherNonOperatingIncome": "-15451000", "depreciation": "None", "depreciationAndAmortization": "34407000", "incomeBeforeTax": "289156000", "incomeTaxExpense": "101713000", "interestAndDebtExpense": "None", "netIncomeFromContinuingOperations": "187443000", "comprehensiveIncomeNetOfTax": "None", "ebit": "292977000", "ebitda": "327384000", "netIncome": "187231000"}, {"fiscalDateEnding": "2015-07-31", "reportedCurrency": "USD", "grossProfit": "409390000", "totalRevenue": "2188587000", "costOfRevenue": "1779197000", "costofGoodsAndServicesSold": "1779197000", "operatingIncome": "231159000", "sellingGeneralAndAdministrative": "184600000", "researchAndDevelopment": "0", "operatingExpenses": "178231000", "investmentIncomeNet": "None", "netInterestIncome": "None", "interestIncome": "None", "interestExpense": "3129000", "nonInterestIncome": "None", "otherNonOperatingIncome": "6585000", "depreciation": "None", "depreciationAndAmortization": "33300000", "incomeBeforeTax": "228219000", "incomeTaxExpense": "81263000", "interestAndDebtExpense": "None", "netIncomeFromContinuingOperations": "146956000", "comprehensiveIncomeNetOfTax": "None", "ebit": "231348000", "ebitda": "264648000", "netIncome": "146938000"}, {"fiscalDateEnding": "2015-04-30", "reportedCurrency": "USD", "grossProfit": "459556000", "totalRevenue": "2279345000", "costOfRevenue": "1819789000", "costofGoodsAndServicesSold": "1819789000", "operatingIncome": "277697000", "sellingGeneralAndAdministrative": "189700000", "researchAndDevelopment": "0", "operatingExpenses": "181859000", "investmentIncomeNet": "None", "netInterestIncome": "None", "interestIncome": "None", "interestExpense": "3083000", "nonInterestIncome": "None", "otherNonOperatingIncome": "8991000", "depreciation": "None", "depreciationAndAmortization": "32968000", "incomeBeforeTax": "275731000", "incomeTaxExpense": "95296000", "interestAndDebtExpense": "None", "netIncomeFromContinuingOperations": "180435000", "comprehensiveIncomeNetOfTax": "None", "ebit": "278814000", "ebitda": "311782000", "netIncome": "180201000"}, {"fiscalDateEnding": "2015-01-31", "reportedCurrency": "USD", "grossProfit": "444605000", "totalRevenue": "2395073000", "costOfRevenue": "1950468000", "costofGoodsAndServicesSold": "1950468000", "operatingIncome": "265966000", "sellingGeneralAndAdministrative": "180300000", "researchAndDevelopment": "0", "operatingExpenses": "178639000", "investmentIncomeNet": "None", "netInterestIncome": "None", "interestIncome": "None", "interestExpense": "3078000", "nonInterestIncome": "None", "otherNonOperatingIncome": "2809000", "depreciation": "None", "depreciationAndAmortization": "32759000", "incomeBeforeTax": "264037000", "incomeTaxExpense": "91607000", "interestAndDebtExpense": "None", "netIncomeFromContinuingOperations": "172430000", "comprehensiveIncomeNetOfTax": "None", "ebit": "267115000", "ebitda": "299874000", "netIncome": "171718000"}, {"fiscalDateEnding": "2014-10-31", "reportedCurrency": "USD", "grossProfit": "423584000", "totalRevenue": "2543771000", "costOfRevenue": "2120187000", "costofGoodsAndServicesSold": "2120187000", "operatingIncome": "263368000", "sellingGeneralAndAdministrative": "51539000", "researchAndDevelopment": "29900000", "operatingExpenses": "160216000", "investmentIncomeNet": "None", "netInterestIncome": "None", "interestIncome": "None", "interestExpense": "3392000", "nonInterestIncome": "None", "otherNonOperatingIncome": "6489000", "depreciation": "None", "depreciationAndAmortization": "32910000", "incomeBeforeTax": "260742000", "incomeTaxExpense": "88894000", "interestAndDebtExpense": "None", "netIncomeFromContinuingOperations": "171848000", "comprehensiveIncomeNetOfTax": "None", "ebit": "264134000", "ebitda": "297044000", "netIncome": "171264000"}, {"fiscalDateEnding": "2014-07-31", "reportedCurrency": "USD", "grossProfit": "363999000", "totalRevenue": "2284947000", "costOfRevenue": "1920948000", "costofGoodsAndServicesSold": "1920948000", "operatingIncome": "214504000", "sellingGeneralAndAdministrative": "153000000", "researchAndDevelopment": "0", "operatingExpenses": "149495000", "investmentIncomeNet": "None", "netInterestIncome": "None", "interestIncome": "None", "interestExpense": "3125000", "nonInterestIncome": "None", "otherNonOperatingIncome": "5143000", "depreciation": "None", "depreciationAndAmortization": "33450000", "incomeBeforeTax": "212982000", "incomeTaxExpense": "73968000", "interestAndDebtExpense": "None", "netIncomeFromContinuingOperations": "139014000", "comprehensiveIncomeNetOfTax": "None", "ebit": "216107000", "ebitda": "249557000", "netIncome": "137975000"}, {"fiscalDateEnding": "2014-04-30", "reportedCurrency": "USD", "grossProfit": "378758000", "totalRevenue": "2244866000", "costOfRevenue": "1866108000", "costofGoodsAndServicesSold": "1866108000", "operatingIncome": "216556000", "sellingGeneralAndAdministrative": "165800000", "researchAndDevelopment": "0", "operatingExpenses": "162202000", "investmentIncomeNet": "None", "netInterestIncome": "None", "interestIncome": "None", "interestExpense": "3399000", "nonInterestIncome": "None", "otherNonOperatingIncome": "3277000", "depreciation": "None", "depreciationAndAmortization": "31924000", "incomeBeforeTax": "213157000", "incomeTaxExpense": "72451000", "interestAndDebtExpense": "None", "netIncomeFromContinuingOperations": "140706000", "comprehensiveIncomeNetOfTax": "None", "ebit": "216556000", "ebitda": "248480000", "netIncome": "140090000"}, {"fiscalDateEnding": "2014-01-31", "reportedCurrency": "USD", "grossProfit": "398642000", "totalRevenue": "2242672000", "costOfRevenue": "1844030000", "costofGoodsAndServicesSold": "1844030000", "operatingIncome": "237192000", "sellingGeneralAndAdministrative": "166200000", "researchAndDevelopment": "0", "operatingExpenses": "161450000", "investmentIncomeNet": "None", "netInterestIncome": "None", "interestIncome": "None", "interestExpense": "3094000", "nonInterestIncome": "None", "otherNonOperatingIncome": "5912000", "depreciation": "None", "depreciationAndAmortization": "31760000", "incomeBeforeTax": "235271000", "incomeTaxExpense": "80813000", "interestAndDebtExpense": "None", "netIncomeFromContinuingOperations": "154458000", "comprehensiveIncomeNetOfTax": "None", "ebit": "238365000", "ebitda": "270125000", "netIncome": "153348000"}, {"fiscalDateEnding": "2013-10-31", "reportedCurrency": "USD", "grossProfit": "385516000", "totalRevenue": "2323202000", "costOfRevenue": "1937686000", "costofGoodsAndServicesSold": "1937686000", "operatingIncome": "240202000", "sellingGeneralAndAdministrative": "57544000", "researchAndDevelopment": "29900000", "operatingExpenses": "145314000", "investmentIncomeNet": "None", "netInterestIncome": "None", "interestIncome": "None", "interestExpense": "3095000", "nonInterestIncome": "None", "otherNonOperatingIncome": "4630000", "depreciation": "None", "depreciationAndAmortization": "31864000", "incomeBeforeTax": "239607000", "incomeTaxExpense": "81122000", "interestAndDebtExpense": "None", "netIncomeFromContinuingOperations": "158485000", "comprehensiveIncomeNetOfTax": "None", "ebit": "242702000", "ebitda": "274566000", "netIncome": "157340000"}, {"fiscalDateEnding": "2013-07-31", "reportedCurrency": "USD", "grossProfit": "330306000", "totalRevenue": "2159525000", "costOfRevenue": "1829219000", "costofGoodsAndServicesSold": "1829219000", "operatingIncome": "180653000", "sellingGeneralAndAdministrative": "151000000", "researchAndDevelopment": "0", "operatingExpenses": "149653000", "investmentIncomeNet": "None", "netInterestIncome": "None", "interestIncome": "None", "interestExpense": "3577000", "nonInterestIncome": "None", "otherNonOperatingIncome": "891000", "depreciation": "None", "depreciationAndAmortization": "31825000", "incomeBeforeTax": "177076000", "incomeTaxExpense": "63171000", "interestAndDebtExpense": "None", "netIncomeFromContinuingOperations": "113905000", "comprehensiveIncomeNetOfTax": "None", "ebit": "180653000", "ebitda": "212478000", "netIncome": "113635000"}, {"fiscalDateEnding": "2013-04-30", "reportedCurrency": "USD", "grossProfit": "352801000", "totalRevenue": "2152686000", "costOfRevenue": "1799885000", "costofGoodsAndServicesSold": "1799885000", "operatingIncome": "186929000", "sellingGeneralAndAdministrative": "173100000", "researchAndDevelopment": "0", "operatingExpenses": "165872000", "investmentIncomeNet": "None", "netInterestIncome": "None", "interestIncome": "None", "interestExpense": "3142000", "nonInterestIncome": "None", "otherNonOperatingIncome": "8310000", "depreciation": "None", "depreciationAndAmortization": "31317000", "incomeBeforeTax": "184903000", "incomeTaxExpense": "58262000", "interestAndDebtExpense": "None", "netIncomeFromContinuingOperations": "126641000", "comprehensiveIncomeNetOfTax": "None", "ebit": "188045000", "ebitda": "219362000", "netIncome": "125520000"}, {"fiscalDateEnding": "2013-01-31", "reportedCurrency": "USD", "grossProfit": "344193000", "totalRevenue": "2116241000", "costOfRevenue": "1772048000", "costofGoodsAndServicesSold": "1772048000", "operatingIncome": "198205000", "sellingGeneralAndAdministrative": "155800000", "researchAndDevelopment": "0", "operatingExpenses": "145988000", "investmentIncomeNet": "None", "netInterestIncome": "None", "interestIncome": "None", "interestExpense": "3094000", "nonInterestIncome": "None", "otherNonOperatingIncome": "11653000", "depreciation": "None", "depreciationAndAmortization": "29844000", "incomeBeforeTax": "196921000", "incomeTaxExpense": "65876000", "interestAndDebtExpense": "None", "netIncomeFromContinuingOperations": "131045000", "comprehensiveIncomeNetOfTax": "None", "ebit": "200015000", "ebitda": "229859000", "netIncome": "129716000"}, {"fiscalDateEnding": "2012-10-31", "reportedCurrency": "USD", "grossProfit": "351779000", "totalRevenue": "2170184000", "costOfRevenue": "1818405000", "costofGoodsAndServicesSold": "1818405000", "operatingIncome": "202145000", "sellingGeneralAndAdministrative": "56285000", "researchAndDevelopment": "29800000", "operatingExpenses": "149634000", "investmentIncomeNet": "None", "netInterestIncome": "None", "interestIncome": "None", "interestExpense": "3155000", "nonInterestIncome": "None", "otherNonOperatingIncome": "11799000", "depreciation": "None", "depreciationAndAmortization": "30867000", "incomeBeforeTax": "200738000", "incomeTaxExpense": "66452000", "interestAndDebtExpense": "None", "netIncomeFromContinuingOperations": "134286000", "comprehensiveIncomeNetOfTax": "None", "ebit": "203893000", "ebitda": "234760000", "netIncome": "132601000"}, {"fiscalDateEnding": "2012-07-31", "reportedCurrency": "USD", "grossProfit": "307056000", "totalRevenue": "2008188000", "costOfRevenue": "1701132000", "costofGoodsAndServicesSold": "1701132000", "operatingIncome": "171857000", "sellingGeneralAndAdministrative": "145000000", "researchAndDevelopment": "0", "operatingExpenses": "135199000", "investmentIncomeNet": "None", "netInterestIncome": "None", "interestIncome": "None", "interestExpense": "3207000", "nonInterestIncome": "None", "otherNonOperatingIncome": "10667000", "depreciation": "None", "depreciationAndAmortization": "28920000", "incomeBeforeTax": "169494000", "incomeTaxExpense": "57087000", "interestAndDebtExpense": "None", "netIncomeFromContinuingOperations": "112407000", "comprehensiveIncomeNetOfTax": "None", "ebit": "172701000", "ebitda": "201621000", "netIncome": "111167000"}, {"fiscalDateEnding": "2012-04-30", "reportedCurrency": "USD", "grossProfit": "335607000", "totalRevenue": "2012859000", "costOfRevenue": "1677252000", "costofGoodsAndServicesSold": "1677252000", "operatingIncome": "194739000", "sellingGeneralAndAdministrative": "148700000", "researchAndDevelopment": "0", "operatingExpenses": "140868000", "investmentIncomeNet": "None", "netInterestIncome": "None", "interestIncome": "None", "interestExpense": "3283000", "nonInterestIncome": "None", "otherNonOperatingIncome": "10154000", "depreciation": "None", "depreciationAndAmortization": "28892000", "incomeBeforeTax": "193794000", "incomeTaxExpense": "64859000", "interestAndDebtExpense": "None", "netIncomeFromContinuingOperations": "128935000", "comprehensiveIncomeNetOfTax": "None", "ebit": "197077000", "ebitda": "225969000", "netIncome": "127887000"}, {"fiscalDateEnding": "2012-01-31", "reportedCurrency": "USD", "grossProfit": "337409000", "totalRevenue": "2039439000", "costOfRevenue": "1702030000", "costofGoodsAndServicesSold": "1702030000", "operatingIncome": "195933000", "sellingGeneralAndAdministrative": "152500000", "researchAndDevelopment": "0", "operatingExpenses": "141476000", "investmentIncomeNet": "None", "netInterestIncome": "None", "interestIncome": "None", "interestExpense": "3214000", "nonInterestIncome": "None", "otherNonOperatingIncome": "12591000", "depreciation": "None", "depreciationAndAmortization": "30815000", "incomeBeforeTax": "194309000", "incomeTaxExpense": "64976000", "interestAndDebtExpense": "None", "netIncomeFromContinuingOperations": "129333000", "comprehensiveIncomeNetOfTax": "None", "ebit": "197523000", "ebitda": "228338000", "netIncome": "128395000"}, {"fiscalDateEnding": "2011-10-31", "reportedCurrency": "USD", "grossProfit": "336026000", "totalRevenue": "2103898000", "costOfRevenue": "1767872000", "costofGoodsAndServicesSold": "1767872000", "operatingIncome": "186950000", "sellingGeneralAndAdministrative": "156700000", "researchAndDevelopment": "29400000", "operatingExpenses": "149076000", "investmentIncomeNet": "None", "netInterestIncome": "None", "interestIncome": "None", "interestExpense": "3273000", "nonInterestIncome": "None", "otherNonOperatingIncome": "4280000", "depreciation": "None", "depreciationAndAmortization": "31238000", "incomeBeforeTax": "180339000", "incomeTaxExpense": "61844000", "interestAndDebtExpense": "None", "netIncomeFromContinuingOperations": "118495000", "comprehensiveIncomeNetOfTax": "None", "ebit": "183612000", "ebitda": "214850000", "netIncome": "117309000"}, {"fiscalDateEnding": "2011-07-31", "reportedCurrency": "USD", "grossProfit": "297855000", "totalRevenue": "1910592000", "costOfRevenue": "1612737000", "costofGoodsAndServicesSold": "1612737000", "operatingIncome": "146822000", "sellingGeneralAndAdministrative": "156595000", "researchAndDevelopment": "0", "operatingExpenses": "151033000", "investmentIncomeNet": "None", "netInterestIncome": "None", "interestIncome": "None", "interestExpense": "5623000", "nonInterestIncome": "None", "otherNonOperatingIncome": "5701000", "depreciation": "None", "depreciationAndAmortization": "30646000", "incomeBeforeTax": "141338000", "incomeTaxExpense": "41374000", "interestAndDebtExpense": "None", "netIncomeFromContinuingOperations": "99964000", "comprehensiveIncomeNetOfTax": "None", "ebit": "146961000", "ebitda": "177607000", "netIncome": "98481000"}, {"fiscalDateEnding": "2011-04-30", "reportedCurrency": "USD", "grossProfit": "326227000", "totalRevenue": "1959041000", "costOfRevenue": "1632814000", "costofGoodsAndServicesSold": "1632814000", "operatingIncome": "172763000", "sellingGeneralAndAdministrative": "160100000", "researchAndDevelopment": "0", "operatingExpenses": "153464000", "investmentIncomeNet": "None", "netInterestIncome": "None", "interestIncome": "None", "interestExpense": "7187000", "nonInterestIncome": "None", "otherNonOperatingIncome": "8644000", "depreciation": "None", "depreciationAndAmortization": "31084000", "incomeBeforeTax": "167548000", "incomeTaxExpense": "56846000", "interestAndDebtExpense": "None", "netIncomeFromContinuingOperations": "110702000", "comprehensiveIncomeNetOfTax": "None", "ebit": "174735000", "ebitda": "205819000", "netIncome": "109579000"}, {"fiscalDateEnding": "2011-01-31", "reportedCurrency": "USD", "grossProfit": "374005000", "totalRevenue": "1921558000", "costOfRevenue": "1547553000", "costofGoodsAndServicesSold": "1547553000", "operatingIncome": "235749000", "sellingGeneralAndAdministrative": "145200000", "researchAndDevelopment": "0", "operatingExpenses": "138256000", "investmentIncomeNet": "None", "netInterestIncome": "None", "interestIncome": "None", "interestExpense": "6579000", "nonInterestIncome": "None", "otherNonOperatingIncome": "7346000", "depreciation": "None", "depreciationAndAmortization": "31197000", "incomeBeforeTax": "229611000", "incomeTaxExpense": "79576000", "interestAndDebtExpense": "None", "netIncomeFromContinuingOperations": "150035000", "comprehensiveIncomeNetOfTax": "None", "ebit": "236190000", "ebitda": "267387000", "netIncome": "148826000"}, {"fiscalDateEnding": "2010-10-31", "reportedCurrency": "USD", "grossProfit": "354973000", "totalRevenue": "2063039000", "costOfRevenue": "1708066000", "costofGoodsAndServicesSold": "1708066000", "operatingIncome": "192648000", "sellingGeneralAndAdministrative": "166456000", "researchAndDevelopment": "27600000", "operatingExpenses": "162325000", "investmentIncomeNet": "None", "netInterestIncome": "None", "interestIncome": "None", "interestExpense": "6961000", "nonInterestIncome": "None", "otherNonOperatingIncome": "None", "depreciation": "None", "depreciationAndAmortization": "33473000", "incomeBeforeTax": "188076000", "incomeTaxExpense": "65468000", "interestAndDebtExpense": "None", "netIncomeFromContinuingOperations": "0", "comprehensiveIncomeNetOfTax": "None", "ebit": "195037000", "ebitda": "228510000", "netIncome": "121148000"}, {"fiscalDateEnding": "2010-07-31", "reportedCurrency": "USD", "grossProfit": "284915000", "totalRevenue": "1730451000", "costOfRevenue": "1445536000", "costofGoodsAndServicesSold": "1445536000", "operatingIncome": "140614000", "sellingGeneralAndAdministrative": "146500000", "researchAndDevelopment": "0", "operatingExpenses": "144301000", "investmentIncomeNet": "None", "netInterestIncome": "None", "interestIncome": "None", "interestExpense": "6493000", "nonInterestIncome": "None", "otherNonOperatingIncome": "2532000", "depreciation": "None", "depreciationAndAmortization": "30647000", "incomeBeforeTax": "134431000", "incomeTaxExpense": "48067000", "interestAndDebtExpense": "None", "netIncomeFromContinuingOperations": "86364000", "comprehensiveIncomeNetOfTax": "None", "ebit": "140924000", "ebitda": "171571000", "netIncome": "85370000"}, {"fiscalDateEnding": "2010-04-30", "reportedCurrency": "USD", "grossProfit": "280467000", "totalRevenue": "1699782000", "costOfRevenue": "1419315000", "costofGoodsAndServicesSold": "1419315000", "operatingIncome": "137637000", "sellingGeneralAndAdministrative": "146800000", "researchAndDevelopment": "0", "operatingExpenses": "142830000", "investmentIncomeNet": "None", "netInterestIncome": "None", "interestIncome": "None", "interestExpense": "6574000", "nonInterestIncome": "None", "otherNonOperatingIncome": "None", "depreciation": "None", "depreciationAndAmortization": "30621000", "incomeBeforeTax": "132486000", "incomeTaxExpense": "53951000", "interestAndDebtExpense": "None", "netIncomeFromContinuingOperations": "0", "comprehensiveIncomeNetOfTax": "None", "ebit": "139060000", "ebitda": "169681000", "netIncome": "77862000"}, {"fiscalDateEnding": "2010-01-31", "reportedCurrency": "USD", "grossProfit": "318387000", "totalRevenue": "1727447000", "costOfRevenue": "1409060000", "costofGoodsAndServicesSold": "1409060000", "operatingIncome": "175676000", "sellingGeneralAndAdministrative": "145500000", "researchAndDevelopment": "0", "operatingExpenses": "142711000", "investmentIncomeNet": "None", "netInterestIncome": "None", "interestIncome": "None", "interestExpense": "6561000", "nonInterestIncome": "None", "otherNonOperatingIncome": "None", "depreciation": "None", "depreciationAndAmortization": "30850000", "incomeBeforeTax": "169558000", "incomeTaxExpense": "57289000", "interestAndDebtExpense": "None", "netIncomeFromContinuingOperations": "0", "comprehensiveIncomeNetOfTax": "None", "ebit": "176119000", "ebitda": "206969000", "netIncome": "111207000"}, {"fiscalDateEnding": "2009-10-31", "reportedCurrency": "USD", "grossProfit": "304194000", "totalRevenue": "1675102000", "costOfRevenue": "1370908000", "costofGoodsAndServicesSold": "1370908000", "operatingIncome": "162154000", "sellingGeneralAndAdministrative": "142700000", "researchAndDevelopment": "25398000", "operatingExpenses": "142040000", "investmentIncomeNet": "None", "netInterestIncome": "None", "interestIncome": "None", "interestExpense": "6659000", "nonInterestIncome": "None", "otherNonOperatingIncome": "None", "depreciation": "None", "depreciationAndAmortization": "33064000", "incomeBeforeTax": "157673000", "incomeTaxExpense": "53797000", "interestAndDebtExpense": "None", "netIncomeFromContinuingOperations": "0", "comprehensiveIncomeNetOfTax": "None", "ebit": "164332000", "ebitda": "197396000", "netIncome": "103876000"}, {"fiscalDateEnding": "2009-07-31", "reportedCurrency": "USD", "grossProfit": "260324000", "totalRevenue": "1574440000", "costOfRevenue": "1314116000", "costofGoodsAndServicesSold": "1314116000", "operatingIncome": "119530000", "sellingGeneralAndAdministrative": "142000000", "researchAndDevelopment": "0", "operatingExpenses": "140794000", "investmentIncomeNet": "None", "netInterestIncome": "None", "interestIncome": "None", "interestExpense": "6963000", "nonInterestIncome": "None", "otherNonOperatingIncome": "None", "depreciation": "None", "depreciationAndAmortization": "31580000", "incomeBeforeTax": "118977000", "incomeTaxExpense": "40882000", "interestAndDebtExpense": "None", "netIncomeFromContinuingOperations": "0", "comprehensiveIncomeNetOfTax": "None", "ebit": "125940000", "ebitda": "157520000", "netIncome": "77169000"}, {"fiscalDateEnding": "2009-04-30", "reportedCurrency": "USD", "grossProfit": "262038000", "totalRevenue": "1595043000", "costOfRevenue": "1333005000", "costofGoodsAndServicesSold": "1333005000", "operatingIncome": "123677000", "sellingGeneralAndAdministrative": "139800000", "researchAndDevelopment": "0", "operatingExpenses": "138361000", "investmentIncomeNet": "None", "netInterestIncome": "None", "interestIncome": "None", "interestExpense": "6918000", "nonInterestIncome": "None", "otherNonOperatingIncome": "None", "depreciation": "None", "depreciationAndAmortization": "31461000", "incomeBeforeTax": "125343000", "incomeTaxExpense": "44243000", "interestAndDebtExpense": "None", "netIncomeFromContinuingOperations": "0", "comprehensiveIncomeNetOfTax": "None", "ebit": "132261000", "ebitda": "163722000", "netIncome": "80385000"}, {"fiscalDateEnding": "2009-01-31", "reportedCurrency": "USD", "grossProfit": "272315000", "totalRevenue": "1689086000", "costOfRevenue": "1416771000", "costofGoodsAndServicesSold": "1416771000", "operatingIncome": "130488000", "sellingGeneralAndAdministrative": "142500000", "researchAndDevelopment": "0", "operatingExpenses": "141827000", "investmentIncomeNet": "None", "netInterestIncome": "None", "interestIncome": "None", "interestExpense": "7455000", "nonInterestIncome": "None", "otherNonOperatingIncome": "None", "depreciation": "None", "depreciationAndAmortization": "31033000", "incomeBeforeTax": "125424000", "incomeTaxExpense": "43247000", "interestAndDebtExpense": "None", "netIncomeFromContinuingOperations": "0", "comprehensiveIncomeNetOfTax": "None", "ebit": "132879000", "ebitda": "163912000", "netIncome": "81383000"}, {"fiscalDateEnding": "2008-10-31", "reportedCurrency": "USD", "grossProfit": "397395000", "totalRevenue": "1861512000", "costOfRevenue": "1464117000", "costofGoodsAndServicesSold": "1464117000", "operatingIncome": "144108000", "sellingGeneralAndAdministrative": "45475000", "researchAndDevelopment": "22689000", "operatingExpenses": "253287000", "investmentIncomeNet": "None", "netInterestIncome": "None", "interestIncome": "None", "interestExpense": "27387000", "nonInterestIncome": "None", "otherNonOperatingIncome": "None", "depreciation": "None", "depreciationAndAmortization": "31075000", "incomeBeforeTax": "116721000", "incomeTaxExpense": "48910000", "interestAndDebtExpense": "None", "netIncomeFromContinuingOperations": "0", "comprehensiveIncomeNetOfTax": "None", "ebit": "144108000", "ebitda": "175183000", "netIncome": "67811000"}, {"fiscalDateEnding": "2008-07-31", "reportedCurrency": "USD", "grossProfit": "229046000", "totalRevenue": "1678142000", "costOfRevenue": "1449096000", "costofGoodsAndServicesSold": "1449096000", "operatingIncome": "94031000", "sellingGeneralAndAdministrative": "47737000", "researchAndDevelopment": "0", "operatingExpenses": "135015000", "investmentIncomeNet": "None", "netInterestIncome": "None", "interestIncome": "None", "interestExpense": "13904000", "nonInterestIncome": "None", "otherNonOperatingIncome": "None", "depreciation": "None", "depreciationAndAmortization": "31143000", "incomeBeforeTax": "80127000", "incomeTaxExpense": "28180000", "interestAndDebtExpense": "None", "netIncomeFromContinuingOperations": "0", "comprehensiveIncomeNetOfTax": "None", "ebit": "94031000", "ebitda": "125174000", "netIncome": "51947000"}, {"fiscalDateEnding": "2008-04-30", "reportedCurrency": "USD", "grossProfit": "376639000", "totalRevenue": "1594084000", "costOfRevenue": "1217445000", "costofGoodsAndServicesSold": "1217445000", "operatingIncome": "124553000", "sellingGeneralAndAdministrative": "42625000", "researchAndDevelopment": "0", "operatingExpenses": "252086000", "investmentIncomeNet": "None", "netInterestIncome": "None", "interestIncome": "None", "interestExpense": "3176000", "nonInterestIncome": "None", "otherNonOperatingIncome": "None", "depreciation": "None", "depreciationAndAmortization": "30911000", "incomeBeforeTax": "121377000", "incomeTaxExpense": "43816000", "interestAndDebtExpense": "None", "netIncomeFromContinuingOperations": "0", "comprehensiveIncomeNetOfTax": "None", "ebit": "124553000", "ebitda": "155464000", "netIncome": "77561000"}, {"fiscalDateEnding": "2008-01-31", "reportedCurrency": "USD", "grossProfit": "292691000", "totalRevenue": "1621165000", "costOfRevenue": "1328474000", "costofGoodsAndServicesSold": "1328474000", "operatingIncome": "150969000", "sellingGeneralAndAdministrative": "45475000", "researchAndDevelopment": "0", "operatingExpenses": "141722000", "investmentIncomeNet": "None", "netInterestIncome": "None", "interestIncome": "None", "interestExpense": "11658000", "nonInterestIncome": "None", "otherNonOperatingIncome": "None", "depreciation": "None", "depreciationAndAmortization": "33060000", "incomeBeforeTax": "139311000", "incomeTaxExpense": "51130000", "interestAndDebtExpense": "None", "netIncomeFromContinuingOperations": "0", "comprehensiveIncomeNetOfTax": "None", "ebit": "150969000", "ebitda": "184029000", "netIncome": "88181000"}, {"fiscalDateEnding": "2007-10-31", "reportedCurrency": "USD", "grossProfit": "385823000", "totalRevenue": "1664347000", "costOfRevenue": "1278524000", "costofGoodsAndServicesSold": "1278524000", "operatingIncome": "155680000", "sellingGeneralAndAdministrative": "38877000", "researchAndDevelopment": "5993000", "operatingExpenses": "230143000", "investmentIncomeNet": "None", "netInterestIncome": "None", "interestIncome": "None", "interestExpense": "13796000", "nonInterestIncome": "None", "otherNonOperatingIncome": "None", "depreciation": "None", "depreciationAndAmortization": "33011000", "incomeBeforeTax": "155508000", "incomeTaxExpense": "54316000", "interestAndDebtExpense": "None", "netIncomeFromContinuingOperations": "0", "comprehensiveIncomeNetOfTax": "None", "ebit": "169304000", "ebitda": "202315000", "netIncome": "101192000"}, {"fiscalDateEnding": "2007-07-31", "reportedCurrency": "USD", "grossProfit": "323381000", "totalRevenue": "1520005000", "costOfRevenue": "1196624000", "costofGoodsAndServicesSold": "1196624000", "operatingIncome": "95539000", "sellingGeneralAndAdministrative": "41231000", "researchAndDevelopment": "0", "operatingExpenses": "227842000", "investmentIncomeNet": "None", "netInterestIncome": "None", "interestIncome": "None", "interestExpense": "5260000", "nonInterestIncome": "None", "otherNonOperatingIncome": "None", "depreciation": "None", "depreciationAndAmortization": "31085000", "incomeBeforeTax": "90279000", "incomeTaxExpense": "32905000", "interestAndDebtExpense": "None", "netIncomeFromContinuingOperations": "0", "comprehensiveIncomeNetOfTax": "None", "ebit": "95539000", "ebitda": "126624000", "netIncome": "57374000"}, {"fiscalDateEnding": "2007-04-30", "reportedCurrency": "USD", "grossProfit": "345886000", "totalRevenue": "1504597000", "costOfRevenue": "1158711000", "costofGoodsAndServicesSold": "1158711000", "operatingIncome": "112915000", "sellingGeneralAndAdministrative": "40433000", "researchAndDevelopment": "0", "operatingExpenses": "232971000", "investmentIncomeNet": "None", "netInterestIncome": "None", "interestIncome": "None", "interestExpense": "4373000", "nonInterestIncome": "None", "otherNonOperatingIncome": "None", "depreciation": "None", "depreciationAndAmortization": "31533000", "incomeBeforeTax": "108542000", "incomeTaxExpense": "40541000", "interestAndDebtExpense": "None", "netIncomeFromContinuingOperations": "0", "comprehensiveIncomeNetOfTax": "None", "ebit": "112915000", "ebitda": "144448000", "netIncome": "68001000"}, {"fiscalDateEnding": "2007-01-31", "reportedCurrency": "USD", "grossProfit": "359437000", "totalRevenue": "1504083000", "costOfRevenue": "1144646000", "costofGoodsAndServicesSold": "1144646000", "operatingIncome": "119786000", "sellingGeneralAndAdministrative": "41910000", "researchAndDevelopment": "0", "operatingExpenses": "239651000", "investmentIncomeNet": "None", "netInterestIncome": "None", "interestIncome": "None", "interestExpense": "6358000", "nonInterestIncome": "None", "otherNonOperatingIncome": "None", "depreciation": "None", "depreciationAndAmortization": "31109000", "incomeBeforeTax": "115508000", "incomeTaxExpense": "40183000", "interestAndDebtExpense": "None", "netIncomeFromContinuingOperations": "0", "comprehensiveIncomeNetOfTax": "None", "ebit": "121866000", "ebitda": "152975000", "netIncome": "75325000"}, {"fiscalDateEnding": "2006-10-31", "reportedCurrency": "USD", "grossProfit": "376562000", "totalRevenue": "1557309000", "costOfRevenue": "1180747000", "costofGoodsAndServicesSold": "1180747000", "operatingIncome": "145319000", "sellingGeneralAndAdministrative": "522043000", "researchAndDevelopment": "18631000", "operatingExpenses": "231243000", "investmentIncomeNet": "None", "netInterestIncome": "None", "interestIncome": "None", "interestExpense": "4207000", "nonInterestIncome": "None", "otherNonOperatingIncome": "None", "depreciation": "None", "depreciationAndAmortization": "31405000", "incomeBeforeTax": "141112000", "incomeTaxExpense": "51108000", "interestAndDebtExpense": "None", "netIncomeFromContinuingOperations": "0", "comprehensiveIncomeNetOfTax": "None", "ebit": "145319000", "ebitda": "176724000", "netIncome": "90004000"}, {"fiscalDateEnding": "2006-07-31", "reportedCurrency": "USD", "grossProfit": "322154000", "totalRevenue": "1406894000", "costOfRevenue": "1084740000", "costofGoodsAndServicesSold": "1084740000", "operatingIncome": "94749000", "sellingGeneralAndAdministrative": "40028000", "researchAndDevelopment": "0", "operatingExpenses": "227405000", "investmentIncomeNet": "None", "netInterestIncome": "None", "interestIncome": "None", "interestExpense": "7216000", "nonInterestIncome": "None", "otherNonOperatingIncome": "None", "depreciation": "None", "depreciationAndAmortization": "29993000", "incomeBeforeTax": "87533000", "incomeTaxExpense": "27982000", "interestAndDebtExpense": "None", "netIncomeFromContinuingOperations": "0", "comprehensiveIncomeNetOfTax": "None", "ebit": "94749000", "ebitda": "124742000", "netIncome": "59551000"}, {"fiscalDateEnding": "2006-04-30", "reportedCurrency": "USD", "grossProfit": "331479000", "totalRevenue": "1365345000", "costOfRevenue": "1033866000", "costofGoodsAndServicesSold": "1033866000", "operatingIncome": "104993000", "sellingGeneralAndAdministrative": "40314000", "researchAndDevelopment": "0", "operatingExpenses": "226486000", "investmentIncomeNet": "None", "netInterestIncome": "None", "interestIncome": "None", "interestExpense": "3395000", "nonInterestIncome": "None", "otherNonOperatingIncome": "None", "depreciation": "None", "depreciationAndAmortization": "29643000", "incomeBeforeTax": "101598000", "incomeTaxExpense": "34290000", "interestAndDebtExpense": "None", "netIncomeFromContinuingOperations": "0", "comprehensiveIncomeNetOfTax": "None", "ebit": "104993000", "ebitda": "134636000", "netIncome": "67308000"}, {"fiscalDateEnding": "2006-01-31", "reportedCurrency": "USD", "grossProfit": "352995000", "totalRevenue": "1415933000", "costOfRevenue": "1062938000", "costofGoodsAndServicesSold": "1062938000", "operatingIncome": "105648000", "sellingGeneralAndAdministrative": "57720000", "researchAndDevelopment": "0", "operatingExpenses": "247347000", "investmentIncomeNet": "None", "netInterestIncome": "None", "interestIncome": "None", "interestExpense": "5348000", "nonInterestIncome": "None", "otherNonOperatingIncome": "None", "depreciation": "None", "depreciationAndAmortization": "30060000", "incomeBeforeTax": "100300000", "incomeTaxExpense": "31024000", "interestAndDebtExpense": "None", "netIncomeFromContinuingOperations": "0", "comprehensiveIncomeNetOfTax": "None", "ebit": "105648000", "ebitda": "135708000", "netIncome": "69276000"}, {"fiscalDateEnding": "2005-10-31", "reportedCurrency": "USD", "grossProfit": "367360000", "totalRevenue": "1477908000", "costOfRevenue": "1110548000", "costofGoodsAndServicesSold": "1110548000", "operatingIncome": "138760000", "sellingGeneralAndAdministrative": "48568000", "researchAndDevelopment": "17585000", "operatingExpenses": "228600000", "investmentIncomeNet": "None", "netInterestIncome": "None", "interestIncome": "None", "interestExpense": "9993201000", "nonInterestIncome": "None", "otherNonOperatingIncome": "None", "depreciation": "None", "depreciationAndAmortization": "28598000", "incomeBeforeTax": "131961000", "incomeTaxExpense": "50228000", "interestAndDebtExpense": "None", "netIncomeFromContinuingOperations": "0", "comprehensiveIncomeNetOfTax": "None", "ebit": "-9861240000", "ebitda": "-9832642000", "netIncome": "81733000"}, {"fiscalDateEnding": "2005-07-31", "reportedCurrency": "USD", "grossProfit": "301273000", "totalRevenue": "1355021000", "costOfRevenue": "1053748000", "costofGoodsAndServicesSold": "1053748000", "operatingIncome": "86486000", "sellingGeneralAndAdministrative": "41817000", "researchAndDevelopment": "0", "operatingExpenses": "214787000", "investmentIncomeNet": "None", "netInterestIncome": "None", "interestIncome": "None", "interestExpense": "4425000", "nonInterestIncome": "None", "otherNonOperatingIncome": "None", "depreciation": "None", "depreciationAndAmortization": "30862000", "incomeBeforeTax": "82061000", "incomeTaxExpense": "30299000", "interestAndDebtExpense": "None", "netIncomeFromContinuingOperations": "0", "comprehensiveIncomeNetOfTax": "None", "ebit": "86486000", "ebitda": "117348000", "netIncome": "51762000"}, {"fiscalDateEnding": "2005-04-30", "reportedCurrency": "USD", "grossProfit": "302946000", "totalRevenue": "1309637000", "costOfRevenue": "1006691000", "costofGoodsAndServicesSold": "1006691000", "operatingIncome": "95036000", "sellingGeneralAndAdministrative": "41226000", "researchAndDevelopment": "0", "operatingExpenses": "207910000", "investmentIncomeNet": "None", "netInterestIncome": "None", "interestIncome": "None", "interestExpense": "278242000", "nonInterestIncome": "None", "otherNonOperatingIncome": "None", "depreciation": "None", "depreciationAndAmortization": "29569000", "incomeBeforeTax": "89216000", "incomeTaxExpense": "33238000", "interestAndDebtExpense": "None", "netIncomeFromContinuingOperations": "0", "comprehensiveIncomeNetOfTax": "None", "ebit": "95036000", "ebitda": "124605000", "netIncome": "55978000"}, {"fiscalDateEnding": "2005-01-31", "reportedCurrency": "USD", "grossProfit": "312068000", "totalRevenue": "1271431000", "costOfRevenue": "959363000", "costofGoodsAndServicesSold": "959363000", "operatingIncome": "104601000", "sellingGeneralAndAdministrative": "40622000", "researchAndDevelopment": "0", "operatingExpenses": "207467000", "investmentIncomeNet": "None", "netInterestIncome": "None", "interestIncome": "None", "interestExpense": "2169000", "nonInterestIncome": "None", "otherNonOperatingIncome": "None", "depreciation": "None", "depreciationAndAmortization": "26160000", "incomeBeforeTax": "102432000", "incomeTaxExpense": "38054000", "interestAndDebtExpense": "None", "netIncomeFromContinuingOperations": "0", "comprehensiveIncomeNetOfTax": "None", "ebit": "104601000", "ebitda": "130761000", "netIncome": "64633000"}]}