{"symbol": "CHRW", "annualReports": [{"fiscalDateEnding": "2024-12-31", "reportedCurrency": "USD", "grossProfit": "1308765000", "totalRevenue": "17724956000", "costOfRevenue": "16416191000", "costofGoodsAndServicesSold": "16416191000", "operatingIncome": "669141000", "sellingGeneralAndAdministrative": "639624000", "researchAndDevelopment": "None", "operatingExpenses": "639624000", "investmentIncomeNet": "None", "netInterestIncome": "-89937000", "interestIncome": "None", "interestExpense": "89937000", "nonInterestIncome": "None", "otherNonOperatingIncome": "None", "depreciation": "None", "depreciationAndAmortization": "97160000", "incomeBeforeTax": "579204000", "incomeTaxExpense": "113514000", "interestAndDebtExpense": "None", "netIncomeFromContinuingOperations": "465690000", "comprehensiveIncomeNetOfTax": "None", "ebit": "669141000", "ebitda": "766301000", "netIncome": "465690000"}, {"fiscalDateEnding": "2023-12-31", "reportedCurrency": "USD", "grossProfit": "1138873000", "totalRevenue": "17596443000", "costOfRevenue": "16457570000", "costofGoodsAndServicesSold": "16457570000", "operatingIncome": "514607000", "sellingGeneralAndAdministrative": "651722000", "researchAndDevelopment": "33620000", "operatingExpenses": "624266000", "investmentIncomeNet": "None", "netInterestIncome": "-109748000", "interestIncome": "None", "interestExpense": "105421000", "nonInterestIncome": "None", "otherNonOperatingIncome": "None", "depreciation": "None", "depreciationAndAmortization": "98985000", "incomeBeforeTax": "409186000", "incomeTaxExpense": "84057000", "interestAndDebtExpense": "None", "netIncomeFromContinuingOperations": "390349000", "comprehensiveIncomeNetOfTax": "None", "ebit": "514607000", "ebitda": "613592000", "netIncome": "325129000"}, {"fiscalDateEnding": "2022-12-31", "reportedCurrency": "USD", "grossProfit": "1870197000", "totalRevenue": "24696625000", "costOfRevenue": "22826428000", "costofGoodsAndServicesSold": "22826428000", "operatingIncome": "1266782000", "sellingGeneralAndAdministrative": "603415000", "researchAndDevelopment": "25487000", "operatingExpenses": "603415000", "investmentIncomeNet": "None", "netInterestIncome": "-100017000", "interestIncome": "None", "interestExpense": "100017000", "nonInterestIncome": "None", "otherNonOperatingIncome": "None", "depreciation": "None", "depreciationAndAmortization": "92776000", "incomeBeforeTax": "1166765000", "incomeTaxExpense": "226241000", "interestAndDebtExpense": "None", "netIncomeFromContinuingOperations": "940524000", "comprehensiveIncomeNetOfTax": "None", "ebit": "1266782000", "ebitda": "1359558000", "netIncome": "940524000"}, {"fiscalDateEnding": "2021-12-31", "reportedCurrency": "USD", "grossProfit": "1608479000", "totalRevenue": "23102138000", "costOfRevenue": "21493659000", "costofGoodsAndServicesSold": "21493659000", "operatingIncome": "1082108000", "sellingGeneralAndAdministrative": "526371000", "researchAndDevelopment": "20208000", "operatingExpenses": "526371000", "investmentIncomeNet": "None", "netInterestIncome": "-59817000", "interestIncome": "None", "interestExpense": "59817000", "nonInterestIncome": "None", "otherNonOperatingIncome": "None", "depreciation": "None", "depreciationAndAmortization": "91259000", "incomeBeforeTax": "1022291000", "incomeTaxExpense": "178046000", "interestAndDebtExpense": "None", "netIncomeFromContinuingOperations": "844245000", "comprehensiveIncomeNetOfTax": "None", "ebit": "1082108000", "ebitda": "1173367000", "netIncome": "844245000"}, {"fiscalDateEnding": "2020-12-31", "reportedCurrency": "USD", "grossProfit": "1169390000", "totalRevenue": "16207106000", "costOfRevenue": "15037716000", "costofGoodsAndServicesSold": "15037716000", "operatingIncome": "673268000", "sellingGeneralAndAdministrative": "496122000", "researchAndDevelopment": "16634000", "operatingExpenses": "496122000", "investmentIncomeNet": "None", "netInterestIncome": "-44937000", "interestIncome": "None", "interestExpense": "44937000", "nonInterestIncome": "None", "otherNonOperatingIncome": "None", "depreciation": "None", "depreciationAndAmortization": "101727000", "incomeBeforeTax": "628331000", "incomeTaxExpense": "121910000", "interestAndDebtExpense": "None", "netIncomeFromContinuingOperations": "506421000", "comprehensiveIncomeNetOfTax": "None", "ebit": "673268000", "ebitda": "774995000", "netIncome": "506421000"}, {"fiscalDateEnding": "2019-12-31", "reportedCurrency": "USD", "grossProfit": "1287782000", "totalRevenue": "15309508000", "costOfRevenue": "14021726000", "costofGoodsAndServicesSold": "14021726000", "operatingIncome": "789976000", "sellingGeneralAndAdministrative": "497806000", "researchAndDevelopment": "11492000", "operatingExpenses": "497806000", "investmentIncomeNet": "None", "netInterestIncome": "-47719000", "interestIncome": "47719000", "interestExpense": "47719000", "nonInterestIncome": "None", "otherNonOperatingIncome": "None", "depreciation": "None", "depreciationAndAmortization": "100449000", "incomeBeforeTax": "742257000", "incomeTaxExpense": "165289000", "interestAndDebtExpense": "None", "netIncomeFromContinuingOperations": "576968000", "comprehensiveIncomeNetOfTax": "None", "ebit": "789976000", "ebitda": "890425000", "netIncome": "576968000"}, {"fiscalDateEnding": "2018-12-31", "reportedCurrency": "USD", "grossProfit": "1361693000", "totalRevenue": "16631172000", "costOfRevenue": "15269479000", "costofGoodsAndServicesSold": "15269479000", "operatingIncome": "912083000", "sellingGeneralAndAdministrative": "449610000", "researchAndDevelopment": "9664000", "operatingExpenses": "449610000", "investmentIncomeNet": "None", "netInterestIncome": "-31810000", "interestIncome": "31810000", "interestExpense": "31810000", "nonInterestIncome": "None", "otherNonOperatingIncome": "None", "depreciation": "None", "depreciationAndAmortization": "96729000", "incomeBeforeTax": "880273000", "incomeTaxExpense": "215768000", "interestAndDebtExpense": "None", "netIncomeFromContinuingOperations": "664505000", "comprehensiveIncomeNetOfTax": "None", "ebit": "912083000", "ebitda": "1008812000", "netIncome": "664505000"}, {"fiscalDateEnding": "2017-12-31", "reportedCurrency": "USD", "grossProfit": "1188523000", "totalRevenue": "14869380000", "costOfRevenue": "13680857000", "costofGoodsAndServicesSold": "13680857000", "operatingIncome": "775119000", "sellingGeneralAndAdministrative": "413404000", "researchAndDevelopment": "0", "operatingExpenses": "413404000", "investmentIncomeNet": "None", "netInterestIncome": "-46656000", "interestIncome": "46656000", "interestExpense": "46656000", "nonInterestIncome": "None", "otherNonOperatingIncome": "None", "depreciation": "None", "depreciationAndAmortization": "92977000", "incomeBeforeTax": "728463000", "incomeTaxExpense": "223570000", "interestAndDebtExpense": "None", "netIncomeFromContinuingOperations": "504893000", "comprehensiveIncomeNetOfTax": "None", "ebit": "775119000", "ebitda": "868096000", "netIncome": "504893000"}, {"fiscalDateEnding": "2016-12-31", "reportedCurrency": "USD", "grossProfit": "1212592000", "totalRevenue": "13144413000", "costOfRevenue": "11931821000", "costofGoodsAndServicesSold": "11931821000", "operatingIncome": "837531000", "sellingGeneralAndAdministrative": "375061000", "researchAndDevelopment": "0", "operatingExpenses": "375061000", "investmentIncomeNet": "None", "netInterestIncome": "-25581000", "interestIncome": "25581000", "interestExpense": "25581000", "nonInterestIncome": "None", "otherNonOperatingIncome": "None", "depreciation": "None", "depreciationAndAmortization": "74669000", "incomeBeforeTax": "811950000", "incomeTaxExpense": "298566000", "interestAndDebtExpense": "None", "netIncomeFromContinuingOperations": "513384000", "comprehensiveIncomeNetOfTax": "None", "ebit": "837531000", "ebitda": "912200000", "netIncome": "513384000"}, {"fiscalDateEnding": "2015-12-31", "reportedCurrency": "USD", "grossProfit": "1217070000", "totalRevenue": "13476084000", "costOfRevenue": "12259014000", "costofGoodsAndServicesSold": "12259014000", "operatingIncome": "858310000", "sellingGeneralAndAdministrative": "358760000", "researchAndDevelopment": "0", "operatingExpenses": "358760000", "investmentIncomeNet": "None", "netInterestIncome": "None", "interestIncome": "42729000", "interestExpense": "35529000", "nonInterestIncome": "None", "otherNonOperatingIncome": "None", "depreciation": "None", "depreciationAndAmortization": "66409000", "incomeBeforeTax": "822781000", "incomeTaxExpense": "313082000", "interestAndDebtExpense": "None", "netIncomeFromContinuingOperations": "509699000", "comprehensiveIncomeNetOfTax": "None", "ebit": "858310000", "ebitda": "924719000", "netIncome": "509699000"}, {"fiscalDateEnding": "2014-12-31", "reportedCurrency": "USD", "grossProfit": "1068631000", "totalRevenue": "13470067000", "costOfRevenue": "12401436000", "costofGoodsAndServicesSold": "12401436000", "operatingIncome": "748418000", "sellingGeneralAndAdministrative": "320213000", "researchAndDevelopment": "0", "operatingExpenses": "320213000", "investmentIncomeNet": "None", "netInterestIncome": "None", "interestIncome": "None", "interestExpense": "24987000", "nonInterestIncome": "None", "otherNonOperatingIncome": "None", "depreciation": "None", "depreciationAndAmortization": "57009000", "incomeBeforeTax": "723431000", "incomeTaxExpense": "273720000", "interestAndDebtExpense": "None", "netIncomeFromContinuingOperations": "449711000", "comprehensiveIncomeNetOfTax": "None", "ebit": "748418000", "ebitda": "805427000", "netIncome": "449711000"}, {"fiscalDateEnding": "2013-12-31", "reportedCurrency": "USD", "grossProfit": "1009434000", "totalRevenue": "12752076000", "costOfRevenue": "11742642000", "costofGoodsAndServicesSold": "11742642000", "operatingIncome": "682650000", "sellingGeneralAndAdministrative": "326784000", "researchAndDevelopment": "0", "operatingExpenses": "326784000", "investmentIncomeNet": "None", "netInterestIncome": "None", "interestIncome": "None", "interestExpense": "0", "nonInterestIncome": "None", "otherNonOperatingIncome": "None", "depreciation": "None", "depreciationAndAmortization": "56882000", "incomeBeforeTax": "673361000", "incomeTaxExpense": "257457000", "interestAndDebtExpense": "None", "netIncomeFromContinuingOperations": "415904000", "comprehensiveIncomeNetOfTax": "None", "ebit": "682650000", "ebitda": "739532000", "netIncome": "415904000"}, {"fiscalDateEnding": "2012-12-31", "reportedCurrency": "USD", "grossProfit": "951565000", "totalRevenue": "11359113000", "costOfRevenue": "10407548000", "costofGoodsAndServicesSold": "10407548000", "operatingIncome": "675320000", "sellingGeneralAndAdministrative": "276245000", "researchAndDevelopment": "0", "operatingExpenses": "276245000", "investmentIncomeNet": "None", "netInterestIncome": "None", "interestIncome": "None", "interestExpense": "0", "nonInterestIncome": "None", "otherNonOperatingIncome": "None", "depreciation": "None", "depreciationAndAmortization": "38090000", "incomeBeforeTax": "958462000", "incomeTaxExpense": "364658000", "interestAndDebtExpense": "None", "netIncomeFromContinuingOperations": "593804000", "comprehensiveIncomeNetOfTax": "None", "ebit": "675320000", "ebitda": "713410000", "netIncome": "593804000"}, {"fiscalDateEnding": "2011-12-31", "reportedCurrency": "USD", "grossProfit": "1632658000", "totalRevenue": "10336346000", "costOfRevenue": "8703688000", "costofGoodsAndServicesSold": "8703688000", "operatingIncome": "692730000", "sellingGeneralAndAdministrative": "939928000", "researchAndDevelopment": "0", "operatingExpenses": "939928000", "investmentIncomeNet": "None", "netInterestIncome": "None", "interestIncome": "None", "interestExpense": "0", "nonInterestIncome": "None", "otherNonOperatingIncome": "None", "depreciation": "None", "depreciationAndAmortization": "32498000", "incomeBeforeTax": "694704000", "incomeTaxExpense": "263092000", "interestAndDebtExpense": "None", "netIncomeFromContinuingOperations": "431612000", "comprehensiveIncomeNetOfTax": "None", "ebit": "660232000", "ebitda": "692730000", "netIncome": "431612000"}, {"fiscalDateEnding": "2010-12-31", "reportedCurrency": "USD", "grossProfit": "1467978000", "totalRevenue": "9274305000", "costOfRevenue": "7806327000", "costofGoodsAndServicesSold": "7806327000", "operatingIncome": "622860000", "sellingGeneralAndAdministrative": "845118000", "researchAndDevelopment": "0", "operatingExpenses": "845118000", "investmentIncomeNet": "None", "netInterestIncome": "None", "interestIncome": "None", "interestExpense": "0", "nonInterestIncome": "None", "otherNonOperatingIncome": "None", "depreciation": "None", "depreciationAndAmortization": "29369000", "incomeBeforeTax": "624102000", "incomeTaxExpense": "237076000", "interestAndDebtExpense": "None", "netIncomeFromContinuingOperations": "387026000", "comprehensiveIncomeNetOfTax": "None", "ebit": "621618000", "ebitda": "650987000", "netIncome": "387026000"}, {"fiscalDateEnding": "2009-12-31", "reportedCurrency": "USD", "grossProfit": "1381959000", "totalRevenue": "7577189000", "costOfRevenue": "6195230000", "costofGoodsAndServicesSold": "6195230000", "operatingIncome": "584811000", "sellingGeneralAndAdministrative": "797148000", "researchAndDevelopment": "0", "operatingExpenses": "797148000", "investmentIncomeNet": "None", "netInterestIncome": "None", "interestIncome": "None", "interestExpense": "0", "nonInterestIncome": "None", "otherNonOperatingIncome": "None", "depreciation": "None", "depreciationAndAmortization": "30514000", "incomeBeforeTax": "587061000", "incomeTaxExpense": "226231000", "interestAndDebtExpense": "None", "netIncomeFromContinuingOperations": "360830000", "comprehensiveIncomeNetOfTax": "None", "ebit": "582561000", "ebitda": "613075000", "netIncome": "360830000"}, {"fiscalDateEnding": "2008-12-31", "reportedCurrency": "USD", "grossProfit": "1374963000", "totalRevenue": "8578614000", "costOfRevenue": "7203651000", "costofGoodsAndServicesSold": "7203651000", "operatingIncome": "571586000", "sellingGeneralAndAdministrative": "201555000", "researchAndDevelopment": "None", "operatingExpenses": "803377000", "investmentIncomeNet": "None", "netInterestIncome": "None", "interestIncome": "None", "interestExpense": "0", "nonInterestIncome": "None", "otherNonOperatingIncome": "None", "depreciation": "None", "depreciationAndAmortization": "31164000", "incomeBeforeTax": "578387000", "incomeTaxExpense": "219210000", "interestAndDebtExpense": "None", "netIncomeFromContinuingOperations": "None", "comprehensiveIncomeNetOfTax": "None", "ebit": "571586000", "ebitda": "602750000", "netIncome": "359177000"}, {"fiscalDateEnding": "2007-12-31", "reportedCurrency": "USD", "grossProfit": "1243778000", "totalRevenue": "7316223000", "costOfRevenue": "6072445000", "costofGoodsAndServicesSold": "6072445000", "operatingIncome": "509684000", "sellingGeneralAndAdministrative": "734094000", "researchAndDevelopment": "None", "operatingExpenses": "734094000", "investmentIncomeNet": "None", "netInterestIncome": "None", "interestIncome": "None", "interestExpense": "0", "nonInterestIncome": "None", "otherNonOperatingIncome": "None", "depreciation": "None", "depreciationAndAmortization": "27366000", "incomeBeforeTax": "523514000", "incomeTaxExpense": "199253000", "interestAndDebtExpense": "None", "netIncomeFromContinuingOperations": "None", "comprehensiveIncomeNetOfTax": "None", "ebit": "495854000", "ebitda": "523220000", "netIncome": "324261000"}, {"fiscalDateEnding": "2006-12-31", "reportedCurrency": "USD", "grossProfit": "1082544000", "totalRevenue": "6556194000", "costOfRevenue": "5473650000", "costofGoodsAndServicesSold": "5473650000", "operatingIncome": "417845000", "sellingGeneralAndAdministrative": "664699000", "researchAndDevelopment": "None", "operatingExpenses": "664699000", "investmentIncomeNet": "None", "netInterestIncome": "None", "interestIncome": "None", "interestExpense": "0", "nonInterestIncome": "None", "otherNonOperatingIncome": "None", "depreciation": "None", "depreciationAndAmortization": "23932000", "incomeBeforeTax": "429688000", "incomeTaxExpense": "162763000", "interestAndDebtExpense": "None", "netIncomeFromContinuingOperations": "None", "comprehensiveIncomeNetOfTax": "None", "ebit": "417845000", "ebitda": "441777000", "netIncome": "266925000"}, {"fiscalDateEnding": "2005-12-31", "reportedCurrency": "USD", "grossProfit": "879750000", "totalRevenue": "5688948000", "costOfRevenue": "4809198000", "costofGoodsAndServicesSold": "4809198000", "operatingIncome": "326361000", "sellingGeneralAndAdministrative": "553389000", "researchAndDevelopment": "None", "operatingExpenses": "553389000", "investmentIncomeNet": "None", "netInterestIncome": "None", "interestIncome": "None", "interestExpense": "0", "nonInterestIncome": "None", "otherNonOperatingIncome": "None", "depreciation": "None", "depreciationAndAmortization": "18500000", "incomeBeforeTax": "332753000", "incomeTaxExpense": "129395000", "interestAndDebtExpense": "None", "netIncomeFromContinuingOperations": "None", "comprehensiveIncomeNetOfTax": "None", "ebit": "326361000", "ebitda": "344861000", "netIncome": "203358000"}], "quarterlyReports": [{"fiscalDateEnding": "2024-12-31", "reportedCurrency": "USD", "grossProfit": "330242000", "totalRevenue": "4184656000", "costOfRevenue": "3854414000", "costofGoodsAndServicesSold": "3854414000", "operatingIncome": "183799000", "sellingGeneralAndAdministrative": "146443000", "researchAndDevelopment": "None", "operatingExpenses": "146443000", "investmentIncomeNet": "None", "netInterestIncome": "-15350000", "interestIncome": "None", "interestExpense": "15350000", "nonInterestIncome": "None", "otherNonOperatingIncome": "None", "depreciation": "None", "depreciationAndAmortization": "None", "incomeBeforeTax": "168449000", "incomeTaxExpense": "19143000", "interestAndDebtExpense": "None", "netIncomeFromContinuingOperations": "149306000", "comprehensiveIncomeNetOfTax": "None", "ebit": "None", "ebitda": "183799000", "netIncome": "149306000"}, {"fiscalDateEnding": "2024-09-30", "reportedCurrency": "USD", "grossProfit": "373694000", "totalRevenue": "4644641000", "costOfRevenue": "4270947000", "costofGoodsAndServicesSold": "4270947000", "operatingIncome": "180119000", "sellingGeneralAndAdministrative": "193575000", "researchAndDevelopment": "21105000", "operatingExpenses": "193575000", "investmentIncomeNet": "None", "netInterestIncome": "-36282000", "interestIncome": "None", "interestExpense": "36282000", "nonInterestIncome": "None", "otherNonOperatingIncome": "None", "depreciation": "None", "depreciationAndAmortization": "23948000", "incomeBeforeTax": "143837000", "incomeTaxExpense": "46608000", "interestAndDebtExpense": "None", "netIncomeFromContinuingOperations": "97229000", "comprehensiveIncomeNetOfTax": "None", "ebit": "180119000", "ebitda": "204067000", "netIncome": "97229000"}, {"fiscalDateEnding": "2024-06-30", "reportedCurrency": "USD", "grossProfit": "335656000", "totalRevenue": "4483348000", "costOfRevenue": "4147692000", "costofGoodsAndServicesSold": "4147692000", "operatingIncome": "193299000", "sellingGeneralAndAdministrative": "148097000", "researchAndDevelopment": "10883000", "operatingExpenses": "142357000", "investmentIncomeNet": "None", "netInterestIncome": "-21525000", "interestIncome": "None", "interestExpense": "22900000", "nonInterestIncome": "None", "otherNonOperatingIncome": "None", "depreciation": "None", "depreciationAndAmortization": "25054000", "incomeBeforeTax": "156565000", "incomeTaxExpense": "30314000", "interestAndDebtExpense": "None", "netIncomeFromContinuingOperations": "126251000", "comprehensiveIncomeNetOfTax": "None", "ebit": "193299000", "ebitda": "218353000", "netIncome": "126251000"}, {"fiscalDateEnding": "2024-03-31", "reportedCurrency": "USD", "grossProfit": "286584000", "totalRevenue": "4412311000", "costOfRevenue": "4125727000", "costofGoodsAndServicesSold": "4125727000", "operatingIncome": "140044000", "sellingGeneralAndAdministrative": "151509000", "researchAndDevelopment": "10222000", "operatingExpenses": "146540000", "investmentIncomeNet": "None", "netInterestIncome": "-16780000", "interestIncome": "None", "interestExpense": "22100000", "nonInterestIncome": "None", "otherNonOperatingIncome": "None", "depreciation": "None", "depreciationAndAmortization": "23878000", "incomeBeforeTax": "110353000", "incomeTaxExpense": "17449000", "interestAndDebtExpense": "None", "netIncomeFromContinuingOperations": "92904000", "comprehensiveIncomeNetOfTax": "None", "ebit": "140044000", "ebitda": "163922000", "netIncome": "92904000"}, {"fiscalDateEnding": "2023-12-31", "reportedCurrency": "USD", "grossProfit": "255468999", "totalRevenue": "4221886999", "costOfRevenue": "3966418000", "costofGoodsAndServicesSold": "3966418000", "operatingIncome": "103153000", "sellingGeneralAndAdministrative": "149374000", "researchAndDevelopment": "9321000", "operatingExpenses": "152316000", "investmentIncomeNet": "None", "netInterestIncome": "-38149000", "interestIncome": "None", "interestExpense": "21600000", "nonInterestIncome": "None", "otherNonOperatingIncome": "None", "depreciation": "None", "depreciationAndAmortization": "23086000", "incomeBeforeTax": "69280000", "incomeTaxExpense": "38307000", "interestAndDebtExpense": "None", "netIncomeFromContinuingOperations": "30973000", "comprehensiveIncomeNetOfTax": "None", "ebit": "107429000", "ebitda": "130515000", "netIncome": "30973000"}, {"fiscalDateEnding": "2023-09-30", "reportedCurrency": "USD", "grossProfit": "291317000", "totalRevenue": "4341030000", "costOfRevenue": "4049713000", "costofGoodsAndServicesSold": "4049713000", "operatingIncome": "113522000", "sellingGeneralAndAdministrative": "177795000", "researchAndDevelopment": "8233000", "operatingExpenses": "177795000", "investmentIncomeNet": "None", "netInterestIncome": "-20748000", "interestIncome": "None", "interestExpense": "20748000", "nonInterestIncome": "None", "otherNonOperatingIncome": "None", "depreciation": "None", "depreciationAndAmortization": "25544000", "incomeBeforeTax": "92774000", "incomeTaxExpense": "10825000", "interestAndDebtExpense": "None", "netIncomeFromContinuingOperations": "81949000", "comprehensiveIncomeNetOfTax": "None", "ebit": "113522000", "ebitda": "139066000", "netIncome": "81949000"}, {"fiscalDateEnding": "2023-06-30", "reportedCurrency": "USD", "grossProfit": "288219000", "totalRevenue": "4421856000", "costOfRevenue": "4133637000", "costofGoodsAndServicesSold": "4133637000", "operatingIncome": "132623000", "sellingGeneralAndAdministrative": "155596000", "researchAndDevelopment": "8749000", "operatingExpenses": "155596000", "investmentIncomeNet": "None", "netInterestIncome": "-18259000", "interestIncome": "None", "interestExpense": "18259000", "nonInterestIncome": "None", "otherNonOperatingIncome": "None", "depreciation": "None", "depreciationAndAmortization": "25975000", "incomeBeforeTax": "114364000", "incomeTaxExpense": "17048000", "interestAndDebtExpense": "None", "netIncomeFromContinuingOperations": "97316000", "comprehensiveIncomeNetOfTax": "None", "ebit": "132623000", "ebitda": "158598000", "netIncome": "97316000"}, {"fiscalDateEnding": "2023-03-31", "reportedCurrency": "USD", "grossProfit": "302534000", "totalRevenue": "4611670000", "costOfRevenue": "4309136000", "costofGoodsAndServicesSold": "4309136000", "operatingIncome": "161033000", "sellingGeneralAndAdministrative": "141501000", "researchAndDevelopment": "7317000", "operatingExpenses": "141501000", "investmentIncomeNet": "None", "netInterestIncome": "-28265000", "interestIncome": "None", "interestExpense": "28265000", "nonInterestIncome": "None", "otherNonOperatingIncome": "None", "depreciation": "None", "depreciationAndAmortization": "24380000", "incomeBeforeTax": "132768000", "incomeTaxExpense": "17877000", "interestAndDebtExpense": "None", "netIncomeFromContinuingOperations": "114891000", "comprehensiveIncomeNetOfTax": "None", "ebit": "161033000", "ebitda": "185413000", "netIncome": "114891000"}, {"fiscalDateEnding": "2022-12-31", "reportedCurrency": "USD", "grossProfit": "340864000", "totalRevenue": "5066821000", "costOfRevenue": "4725957000", "costofGoodsAndServicesSold": "4725957000", "operatingIncome": "164034000", "sellingGeneralAndAdministrative": "176830000", "researchAndDevelopment": "6656000", "operatingExpenses": "176830000", "investmentIncomeNet": "None", "netInterestIncome": "-42476000", "interestIncome": "None", "interestExpense": "42476000", "nonInterestIncome": "None", "otherNonOperatingIncome": "None", "depreciation": "None", "depreciationAndAmortization": "24053000", "incomeBeforeTax": "121558000", "incomeTaxExpense": "25365000", "interestAndDebtExpense": "None", "netIncomeFromContinuingOperations": "96193000", "comprehensiveIncomeNetOfTax": "None", "ebit": "164034000", "ebitda": "188087000", "netIncome": "96193000"}, {"fiscalDateEnding": "2022-09-30", "reportedCurrency": "USD", "grossProfit": "449649000", "totalRevenue": "6015376000", "costOfRevenue": "5565727000", "costofGoodsAndServicesSold": "5565727000", "operatingIncome": "287609000", "sellingGeneralAndAdministrative": "599585000", "researchAndDevelopment": "6457000", "operatingExpenses": "162040000", "investmentIncomeNet": "None", "netInterestIncome": "-15972000", "interestIncome": "None", "interestExpense": "15972000", "nonInterestIncome": "None", "otherNonOperatingIncome": "None", "depreciation": "None", "depreciationAndAmortization": "22975000", "incomeBeforeTax": "271637000", "incomeTaxExpense": "45839000", "interestAndDebtExpense": "None", "netIncomeFromContinuingOperations": "225798000", "comprehensiveIncomeNetOfTax": "None", "ebit": "287609000", "ebitda": "310584000", "netIncome": "225798000"}, {"fiscalDateEnding": "2022-06-30", "reportedCurrency": "USD", "grossProfit": "586849000", "totalRevenue": "6798475000", "costOfRevenue": "6211626000", "costofGoodsAndServicesSold": "6211626000", "operatingIncome": "469665000", "sellingGeneralAndAdministrative": "561948000", "researchAndDevelopment": "6640000", "operatingExpenses": "117184000", "investmentIncomeNet": "None", "netInterestIncome": "-27395000", "interestIncome": "None", "interestExpense": "27395000", "nonInterestIncome": "None", "otherNonOperatingIncome": "None", "depreciation": "None", "depreciationAndAmortization": "23262000", "incomeBeforeTax": "442270000", "incomeTaxExpense": "94085000", "interestAndDebtExpense": "None", "netIncomeFromContinuingOperations": "348185000", "comprehensiveIncomeNetOfTax": "None", "ebit": "469665000", "ebitda": "492927000", "netIncome": "348185000"}, {"fiscalDateEnding": "2022-03-31", "reportedCurrency": "USD", "grossProfit": "492835000", "totalRevenue": "6815953000", "costOfRevenue": "6323118000", "costofGoodsAndServicesSold": "6323118000", "operatingIncome": "345474000", "sellingGeneralAndAdministrative": "147361000", "researchAndDevelopment": "5734000", "operatingExpenses": "147361000", "investmentIncomeNet": "None", "netInterestIncome": "-14174000", "interestIncome": "None", "interestExpense": "14174000", "nonInterestIncome": "None", "otherNonOperatingIncome": "None", "depreciation": "None", "depreciationAndAmortization": "22486000", "incomeBeforeTax": "331300000", "incomeTaxExpense": "60952000", "interestAndDebtExpense": "None", "netIncomeFromContinuingOperations": "270348000", "comprehensiveIncomeNetOfTax": "None", "ebit": "345474000", "ebitda": "367960000", "netIncome": "270348000"}, {"fiscalDateEnding": "2021-12-31", "reportedCurrency": "USD", "grossProfit": "436347000", "totalRevenue": "6501848000", "costOfRevenue": "6065501000", "costofGoodsAndServicesSold": "6065501000", "operatingIncome": "287406000", "sellingGeneralAndAdministrative": "148941000", "researchAndDevelopment": "5607000", "operatingExpenses": "148941000", "investmentIncomeNet": "None", "netInterestIncome": "-18398000", "interestIncome": "None", "interestExpense": "18398000", "nonInterestIncome": "None", "otherNonOperatingIncome": "None", "depreciation": "None", "depreciationAndAmortization": "22638000", "incomeBeforeTax": "269008000", "incomeTaxExpense": "38910000", "interestAndDebtExpense": "None", "netIncomeFromContinuingOperations": "230098000", "comprehensiveIncomeNetOfTax": "None", "ebit": "287406000", "ebitda": "310044000", "netIncome": "230098000"}, {"fiscalDateEnding": "2021-09-30", "reportedCurrency": "USD", "grossProfit": "444312000", "totalRevenue": "6263695000", "costOfRevenue": "5819383000", "costofGoodsAndServicesSold": "5819383000", "operatingIncome": "310769000", "sellingGeneralAndAdministrative": "133543000", "researchAndDevelopment": "5152000", "operatingExpenses": "133543000", "investmentIncomeNet": "None", "netInterestIncome": "-16662000", "interestIncome": "None", "interestExpense": "16662000", "nonInterestIncome": "None", "otherNonOperatingIncome": "None", "depreciation": "None", "depreciationAndAmortization": "22406000", "incomeBeforeTax": "294107000", "incomeTaxExpense": "47054000", "interestAndDebtExpense": "None", "netIncomeFromContinuingOperations": "247053000", "comprehensiveIncomeNetOfTax": "None", "ebit": "310769000", "ebitda": "333175000", "netIncome": "247053000"}, {"fiscalDateEnding": "2021-06-30", "reportedCurrency": "USD", "grossProfit": "386275000", "totalRevenue": "5532726000", "costOfRevenue": "5146451000", "costofGoodsAndServicesSold": "5146451000", "operatingIncome": "260604000", "sellingGeneralAndAdministrative": "125671000", "researchAndDevelopment": "4802000", "operatingExpenses": "125671000", "investmentIncomeNet": "None", "netInterestIncome": "-13497000", "interestIncome": "None", "interestExpense": "13497000", "nonInterestIncome": "None", "otherNonOperatingIncome": "None", "depreciation": "None", "depreciationAndAmortization": "22937000", "incomeBeforeTax": "247107000", "incomeTaxExpense": "53318000", "interestAndDebtExpense": "None", "netIncomeFromContinuingOperations": "193789000", "comprehensiveIncomeNetOfTax": "None", "ebit": "260604000", "ebitda": "283541000", "netIncome": "193789000"}, {"fiscalDateEnding": "2021-03-31", "reportedCurrency": "USD", "grossProfit": "341545000", "totalRevenue": "4803869000", "costOfRevenue": "4462324000", "costofGoodsAndServicesSold": "4462324000", "operatingIncome": "223329000", "sellingGeneralAndAdministrative": "479051000", "researchAndDevelopment": "4647000", "operatingExpenses": "118216000", "investmentIncomeNet": "None", "netInterestIncome": "-11260000", "interestIncome": "None", "interestExpense": "11260000", "nonInterestIncome": "None", "otherNonOperatingIncome": "None", "depreciation": "None", "depreciationAndAmortization": "23278000", "incomeBeforeTax": "212069000", "incomeTaxExpense": "38764000", "interestAndDebtExpense": "None", "netIncomeFromContinuingOperations": "173305000", "comprehensiveIncomeNetOfTax": "None", "ebit": "223329000", "ebitda": "246607000", "netIncome": "173305000"}, {"fiscalDateEnding": "2020-12-31", "reportedCurrency": "USD", "grossProfit": "331318000", "totalRevenue": "4549452000", "costOfRevenue": "4218134000", "costofGoodsAndServicesSold": "4218134000", "operatingIncome": "206802000", "sellingGeneralAndAdministrative": "496122000", "researchAndDevelopment": "4510000", "operatingExpenses": "124516000", "investmentIncomeNet": "None", "netInterestIncome": "-12033000", "interestIncome": "None", "interestExpense": "12033000", "nonInterestIncome": "None", "otherNonOperatingIncome": "None", "depreciation": "None", "depreciationAndAmortization": "24660000", "incomeBeforeTax": "194769000", "incomeTaxExpense": "46962000", "interestAndDebtExpense": "None", "netIncomeFromContinuingOperations": "147807000", "comprehensiveIncomeNetOfTax": "None", "ebit": "206802000", "ebitda": "231462000", "netIncome": "147807000"}, {"fiscalDateEnding": "2020-09-30", "reportedCurrency": "USD", "grossProfit": "286369000", "totalRevenue": "4224800000", "costOfRevenue": "3938431000", "costofGoodsAndServicesSold": "3938431000", "operatingIncome": "168239000", "sellingGeneralAndAdministrative": "118130000", "researchAndDevelopment": "4388000", "operatingExpenses": "118130000", "investmentIncomeNet": "None", "netInterestIncome": "-7465000", "interestIncome": "None", "interestExpense": "7465000", "nonInterestIncome": "None", "otherNonOperatingIncome": "None", "depreciation": "None", "depreciationAndAmortization": "26916000", "incomeBeforeTax": "160774000", "incomeTaxExpense": "24245000", "interestAndDebtExpense": "None", "netIncomeFromContinuingOperations": "136529000", "comprehensiveIncomeNetOfTax": "None", "ebit": "168239000", "ebitda": "195155000", "netIncome": "136529000"}, {"fiscalDateEnding": "2020-06-30", "reportedCurrency": "USD", "grossProfit": "313970000", "totalRevenue": "3627846000", "costOfRevenue": "3313876000", "costofGoodsAndServicesSold": "3313876000", "operatingIncome": "188787000", "sellingGeneralAndAdministrative": "125183000", "researchAndDevelopment": "None", "operatingExpenses": "125183000", "investmentIncomeNet": "None", "netInterestIncome": "-10211000", "interestIncome": "None", "interestExpense": "10211000", "nonInterestIncome": "None", "otherNonOperatingIncome": "None", "depreciation": "None", "depreciationAndAmortization": "25758000", "incomeBeforeTax": "178576000", "incomeTaxExpense": "34637000", "interestAndDebtExpense": "None", "netIncomeFromContinuingOperations": "143939000", "comprehensiveIncomeNetOfTax": "None", "ebit": "188787000", "ebitda": "214545000", "netIncome": "143939000"}, {"fiscalDateEnding": "2020-03-31", "reportedCurrency": "USD", "grossProfit": "237733000", "totalRevenue": "3805008000", "costOfRevenue": "3567275000", "costofGoodsAndServicesSold": "3567275000", "operatingIncome": "109440000", "sellingGeneralAndAdministrative": "128293000", "researchAndDevelopment": "3745000", "operatingExpenses": "128293000", "investmentIncomeNet": "None", "netInterestIncome": "-15228000", "interestIncome": "15228000", "interestExpense": "15228000", "nonInterestIncome": "None", "otherNonOperatingIncome": "None", "depreciation": "None", "depreciationAndAmortization": "24393000", "incomeBeforeTax": "94212000", "incomeTaxExpense": "16066000", "interestAndDebtExpense": "None", "netIncomeFromContinuingOperations": "78146000", "comprehensiveIncomeNetOfTax": "None", "ebit": "109440000", "ebitda": "133833000", "netIncome": "78146000"}, {"fiscalDateEnding": "2019-12-31", "reportedCurrency": "USD", "grossProfit": "279882000", "totalRevenue": "3793326000", "costOfRevenue": "3513444000", "costofGoodsAndServicesSold": "3513444000", "operatingIncome": "136806000", "sellingGeneralAndAdministrative": "143076000", "researchAndDevelopment": "11492000", "operatingExpenses": "143076000", "investmentIncomeNet": "None", "netInterestIncome": "-10784000", "interestIncome": "10784000", "interestExpense": "10784000", "nonInterestIncome": "None", "otherNonOperatingIncome": "None", "depreciation": "None", "depreciationAndAmortization": "25327000", "incomeBeforeTax": "126022000", "incomeTaxExpense": "26916000", "interestAndDebtExpense": "None", "netIncomeFromContinuingOperations": "99106000", "comprehensiveIncomeNetOfTax": "None", "ebit": "136806000", "ebitda": "162133000", "netIncome": "99106000"}, {"fiscalDateEnding": "2019-09-30", "reportedCurrency": "USD", "grossProfit": "312868000", "totalRevenue": "3856132000", "costOfRevenue": "3543264000", "costofGoodsAndServicesSold": "3543264000", "operatingIncome": "201085000", "sellingGeneralAndAdministrative": "111783000", "researchAndDevelopment": "None", "operatingExpenses": "111783000", "investmentIncomeNet": "None", "netInterestIncome": "-13180000", "interestIncome": "13180000", "interestExpense": "13180000", "nonInterestIncome": "None", "otherNonOperatingIncome": "None", "depreciation": "None", "depreciationAndAmortization": "25480000", "incomeBeforeTax": "187905000", "incomeTaxExpense": "41011000", "interestAndDebtExpense": "None", "netIncomeFromContinuingOperations": "146894000", "comprehensiveIncomeNetOfTax": "None", "ebit": "201085000", "ebitda": "226565000", "netIncome": "146894000"}, {"fiscalDateEnding": "2019-06-30", "reportedCurrency": "USD", "grossProfit": "356330000", "totalRevenue": "3908840000", "costOfRevenue": "3552510000", "costofGoodsAndServicesSold": "3552510000", "operatingIncome": "227535000", "sellingGeneralAndAdministrative": "128795000", "researchAndDevelopment": "None", "operatingExpenses": "128795000", "investmentIncomeNet": "None", "netInterestIncome": "-6615000", "interestIncome": "6615000", "interestExpense": "6615000", "nonInterestIncome": "None", "otherNonOperatingIncome": "None", "depreciation": "None", "depreciationAndAmortization": "25082000", "incomeBeforeTax": "220920000", "incomeTaxExpense": "51740000", "interestAndDebtExpense": "None", "netIncomeFromContinuingOperations": "169180000", "comprehensiveIncomeNetOfTax": "None", "ebit": "227535000", "ebitda": "252617000", "netIncome": "169180000"}, {"fiscalDateEnding": "2019-03-31", "reportedCurrency": "USD", "grossProfit": "338702000", "totalRevenue": "3751210000", "costOfRevenue": "3412508000", "costofGoodsAndServicesSold": "3412508000", "operatingIncome": "224550000", "sellingGeneralAndAdministrative": "114152000", "researchAndDevelopment": "None", "operatingExpenses": "114152000", "investmentIncomeNet": "None", "netInterestIncome": "-17140000", "interestIncome": "17140000", "interestExpense": "17140000", "nonInterestIncome": "None", "otherNonOperatingIncome": "None", "depreciation": "None", "depreciationAndAmortization": "24560000", "incomeBeforeTax": "207410000", "incomeTaxExpense": "45622000", "interestAndDebtExpense": "None", "netIncomeFromContinuingOperations": "161788000", "comprehensiveIncomeNetOfTax": "None", "ebit": "224550000", "ebitda": "249110000", "netIncome": "161788000"}, {"fiscalDateEnding": "2018-12-31", "reportedCurrency": "USD", "grossProfit": "374467000", "totalRevenue": "4137908000", "costOfRevenue": "3763441000", "costofGoodsAndServicesSold": "3763441000", "operatingIncome": "255517000", "sellingGeneralAndAdministrative": "118950000", "researchAndDevelopment": "0", "operatingExpenses": "118950000", "investmentIncomeNet": "None", "netInterestIncome": "None", "interestIncome": "None", "interestExpense": "9456000", "nonInterestIncome": "None", "otherNonOperatingIncome": "None", "depreciation": "None", "depreciationAndAmortization": "24327000", "incomeBeforeTax": "246061000", "incomeTaxExpense": "58911000", "interestAndDebtExpense": "None", "netIncomeFromContinuingOperations": "187150000", "comprehensiveIncomeNetOfTax": "None", "ebit": "255517000", "ebitda": "279844000", "netIncome": "187150000"}, {"fiscalDateEnding": "2018-09-30", "reportedCurrency": "USD", "grossProfit": "358745000", "totalRevenue": "4291900000", "costOfRevenue": "3933155000", "costofGoodsAndServicesSold": "3933155000", "operatingIncome": "245973000", "sellingGeneralAndAdministrative": "112772000", "researchAndDevelopment": "0", "operatingExpenses": "112772000", "investmentIncomeNet": "None", "netInterestIncome": "None", "interestIncome": "None", "interestExpense": "6526000", "nonInterestIncome": "None", "otherNonOperatingIncome": "None", "depreciation": "None", "depreciationAndAmortization": "23923000", "incomeBeforeTax": "239447000", "incomeTaxExpense": "63552000", "interestAndDebtExpense": "None", "netIncomeFromContinuingOperations": "175895000", "comprehensiveIncomeNetOfTax": "None", "ebit": "245973000", "ebitda": "269896000", "netIncome": "175895000"}, {"fiscalDateEnding": "2018-06-30", "reportedCurrency": "USD", "grossProfit": "330853000", "totalRevenue": "4276037000", "costOfRevenue": "3945184000", "costofGoodsAndServicesSold": "3945184000", "operatingIncome": "219008000", "sellingGeneralAndAdministrative": "111845000", "researchAndDevelopment": "0", "operatingExpenses": "111845000", "investmentIncomeNet": "None", "netInterestIncome": "None", "interestIncome": "None", "interestExpense": "5128000", "nonInterestIncome": "None", "otherNonOperatingIncome": "None", "depreciation": "None", "depreciationAndAmortization": "24238000", "incomeBeforeTax": "213880000", "incomeTaxExpense": "54717000", "interestAndDebtExpense": "None", "netIncomeFromContinuingOperations": "159163000", "comprehensiveIncomeNetOfTax": "None", "ebit": "219008000", "ebitda": "243246000", "netIncome": "159163000"}, {"fiscalDateEnding": "2018-03-31", "reportedCurrency": "USD", "grossProfit": "297628000", "totalRevenue": "3925327000", "costOfRevenue": "3627699000", "costofGoodsAndServicesSold": "3627699000", "operatingIncome": "191585000", "sellingGeneralAndAdministrative": "106043000", "researchAndDevelopment": "0", "operatingExpenses": "106043000", "investmentIncomeNet": "None", "netInterestIncome": "None", "interestIncome": "None", "interestExpense": "10700000", "nonInterestIncome": "None", "otherNonOperatingIncome": "None", "depreciation": "None", "depreciationAndAmortization": "24241000", "incomeBeforeTax": "180885000", "incomeTaxExpense": "38588000", "interestAndDebtExpense": "None", "netIncomeFromContinuingOperations": "142297000", "comprehensiveIncomeNetOfTax": "None", "ebit": "191585000", "ebitda": "215826000", "netIncome": "142297000"}, {"fiscalDateEnding": "2017-12-31", "reportedCurrency": "USD", "grossProfit": "320250000", "totalRevenue": "3959786000", "costOfRevenue": "3639536000", "costofGoodsAndServicesSold": "3639536000", "operatingIncome": "210876000", "sellingGeneralAndAdministrative": "109374000", "researchAndDevelopment": "0", "operatingExpenses": "109374000", "investmentIncomeNet": "None", "netInterestIncome": "None", "interestIncome": "None", "interestExpense": "17502000", "nonInterestIncome": "None", "otherNonOperatingIncome": "None", "depreciation": "None", "depreciationAndAmortization": "23637000", "incomeBeforeTax": "193374000", "incomeTaxExpense": "40818000", "interestAndDebtExpense": "None", "netIncomeFromContinuingOperations": "152556000", "comprehensiveIncomeNetOfTax": "None", "ebit": "210876000", "ebitda": "234513000", "netIncome": "152556000"}, {"fiscalDateEnding": "2017-09-30", "reportedCurrency": "USD", "grossProfit": "300642000", "totalRevenue": "3784451000", "costOfRevenue": "3483809000", "costofGoodsAndServicesSold": "3483809000", "operatingIncome": "194465000", "sellingGeneralAndAdministrative": "106177000", "researchAndDevelopment": "0", "operatingExpenses": "106177000", "investmentIncomeNet": "None", "netInterestIncome": "None", "interestIncome": "None", "interestExpense": "10484000", "nonInterestIncome": "None", "otherNonOperatingIncome": "None", "depreciation": "None", "depreciationAndAmortization": "23963000", "incomeBeforeTax": "183981000", "incomeTaxExpense": "64795000", "interestAndDebtExpense": "None", "netIncomeFromContinuingOperations": "119186000", "comprehensiveIncomeNetOfTax": "None", "ebit": "194465000", "ebitda": "218428000", "netIncome": "119186000"}, {"fiscalDateEnding": "2017-06-30", "reportedCurrency": "USD", "grossProfit": "289569000", "totalRevenue": "3710018000", "costOfRevenue": "3420449000", "costofGoodsAndServicesSold": "3420449000", "operatingIncome": "181820000", "sellingGeneralAndAdministrative": "107749000", "researchAndDevelopment": "0", "operatingExpenses": "107749000", "investmentIncomeNet": "None", "netInterestIncome": "None", "interestIncome": "None", "interestExpense": "9368000", "nonInterestIncome": "None", "otherNonOperatingIncome": "None", "depreciation": "None", "depreciationAndAmortization": "22946000", "incomeBeforeTax": "172452000", "incomeTaxExpense": "61381000", "interestAndDebtExpense": "None", "netIncomeFromContinuingOperations": "111071000", "comprehensiveIncomeNetOfTax": "None", "ebit": "181820000", "ebitda": "204766000", "netIncome": "111071000"}, {"fiscalDateEnding": "2017-03-31", "reportedCurrency": "USD", "grossProfit": "278062000", "totalRevenue": "3415125000", "costOfRevenue": "3137063000", "costofGoodsAndServicesSold": "3137063000", "operatingIncome": "187958000", "sellingGeneralAndAdministrative": "90104000", "researchAndDevelopment": "0", "operatingExpenses": "90104000", "investmentIncomeNet": "None", "netInterestIncome": "None", "interestIncome": "None", "interestExpense": "9302000", "nonInterestIncome": "None", "otherNonOperatingIncome": "None", "depreciation": "None", "depreciationAndAmortization": "22431000", "incomeBeforeTax": "178656000", "incomeTaxExpense": "56576000", "interestAndDebtExpense": "None", "netIncomeFromContinuingOperations": "122080000", "comprehensiveIncomeNetOfTax": "None", "ebit": "187958000", "ebitda": "210389000", "netIncome": "122080000"}, {"fiscalDateEnding": "2016-12-31", "reportedCurrency": "USD", "grossProfit": "301211000", "totalRevenue": "3414975000", "costOfRevenue": "3113764000", "costofGoodsAndServicesSold": "3113764000", "operatingIncome": "193565000", "sellingGeneralAndAdministrative": "107646000", "researchAndDevelopment": "0", "operatingExpenses": "107646000", "investmentIncomeNet": "None", "netInterestIncome": "None", "interestIncome": "None", "interestExpense": "3118000", "nonInterestIncome": "None", "otherNonOperatingIncome": "None", "depreciation": "None", "depreciationAndAmortization": "21953000", "incomeBeforeTax": "190447000", "incomeTaxExpense": "68144000", "interestAndDebtExpense": "None", "netIncomeFromContinuingOperations": "122303000", "comprehensiveIncomeNetOfTax": "None", "ebit": "193565000", "ebitda": "215518000", "netIncome": "122303000"}, {"fiscalDateEnding": "2016-09-30", "reportedCurrency": "USD", "grossProfit": "301579000", "totalRevenue": "3355754000", "costOfRevenue": "3054175000", "costofGoodsAndServicesSold": "3054175000", "operatingIncome": "211267000", "sellingGeneralAndAdministrative": "90312000", "researchAndDevelopment": "0", "operatingExpenses": "90312000", "investmentIncomeNet": "None", "netInterestIncome": "None", "interestIncome": "None", "interestExpense": "7426000", "nonInterestIncome": "None", "otherNonOperatingIncome": "None", "depreciation": "None", "depreciationAndAmortization": "17657000", "incomeBeforeTax": "203841000", "incomeTaxExpense": "74813000", "interestAndDebtExpense": "None", "netIncomeFromContinuingOperations": "129028000", "comprehensiveIncomeNetOfTax": "None", "ebit": "211267000", "ebitda": "228924000", "netIncome": "129028000"}, {"fiscalDateEnding": "2016-06-30", "reportedCurrency": "USD", "grossProfit": "323964000", "totalRevenue": "3299741000", "costOfRevenue": "2975777000", "costofGoodsAndServicesSold": "2975777000", "operatingIncome": "233747000", "sellingGeneralAndAdministrative": "90217000", "researchAndDevelopment": "0", "operatingExpenses": "90217000", "investmentIncomeNet": "None", "netInterestIncome": "None", "interestIncome": "None", "interestExpense": "6265000", "nonInterestIncome": "None", "otherNonOperatingIncome": "None", "depreciation": "None", "depreciationAndAmortization": "18184000", "incomeBeforeTax": "227482000", "incomeTaxExpense": "84392000", "interestAndDebtExpense": "None", "netIncomeFromContinuingOperations": "143090000", "comprehensiveIncomeNetOfTax": "None", "ebit": "233747000", "ebitda": "251931000", "netIncome": "143090000"}, {"fiscalDateEnding": "2016-03-31", "reportedCurrency": "USD", "grossProfit": "285838000", "totalRevenue": "3073943000", "costOfRevenue": "2788105000", "costofGoodsAndServicesSold": "2788105000", "operatingIncome": "198952000", "sellingGeneralAndAdministrative": "86886000", "researchAndDevelopment": "0", "operatingExpenses": "86886000", "investmentIncomeNet": "None", "netInterestIncome": "None", "interestIncome": "None", "interestExpense": "8772000", "nonInterestIncome": "None", "otherNonOperatingIncome": "None", "depreciation": "None", "depreciationAndAmortization": "16875000", "incomeBeforeTax": "190180000", "incomeTaxExpense": "71217000", "interestAndDebtExpense": "None", "netIncomeFromContinuingOperations": "118963000", "comprehensiveIncomeNetOfTax": "None", "ebit": "198952000", "ebitda": "215827000", "netIncome": "118963000"}, {"fiscalDateEnding": "2015-12-31", "reportedCurrency": "USD", "grossProfit": "302587000", "totalRevenue": "3210853000", "costOfRevenue": "2908266000", "costofGoodsAndServicesSold": "2908266000", "operatingIncome": "214579000", "sellingGeneralAndAdministrative": "88008000", "researchAndDevelopment": "0", "operatingExpenses": "88008000", "investmentIncomeNet": "None", "netInterestIncome": "None", "interestIncome": "None", "interestExpense": "13471000", "nonInterestIncome": "None", "otherNonOperatingIncome": "None", "depreciation": "None", "depreciationAndAmortization": "16896000", "incomeBeforeTax": "201108000", "incomeTaxExpense": "74525000", "interestAndDebtExpense": "None", "netIncomeFromContinuingOperations": "126583000", "comprehensiveIncomeNetOfTax": "None", "ebit": "204955000", "ebitda": "221851000", "netIncome": "126583000"}, {"fiscalDateEnding": "2015-09-30", "reportedCurrency": "USD", "grossProfit": "324498000", "totalRevenue": "3419253000", "costOfRevenue": "3094755000", "costofGoodsAndServicesSold": "3094755000", "operatingIncome": "232711000", "sellingGeneralAndAdministrative": "91787000", "researchAndDevelopment": "0", "operatingExpenses": "91787000", "investmentIncomeNet": "None", "netInterestIncome": "None", "interestIncome": "None", "interestExpense": "6559000", "nonInterestIncome": "None", "otherNonOperatingIncome": "None", "depreciation": "None", "depreciationAndAmortization": "16831000", "incomeBeforeTax": "226152000", "incomeTaxExpense": "86720000", "interestAndDebtExpense": "None", "netIncomeFromContinuingOperations": "139432000", "comprehensiveIncomeNetOfTax": "None", "ebit": "232711000", "ebitda": "249542000", "netIncome": "139432000"}, {"fiscalDateEnding": "2015-06-30", "reportedCurrency": "USD", "grossProfit": "320019000", "totalRevenue": "3545088000", "costOfRevenue": "3225069000", "costofGoodsAndServicesSold": "3225069000", "operatingIncome": "229095000", "sellingGeneralAndAdministrative": "90924000", "researchAndDevelopment": "0", "operatingExpenses": "90924000", "investmentIncomeNet": "None", "netInterestIncome": "None", "interestIncome": "None", "interestExpense": "5894000", "nonInterestIncome": "None", "otherNonOperatingIncome": "None", "depreciation": "None", "depreciationAndAmortization": "16439000", "incomeBeforeTax": "223201000", "incomeTaxExpense": "85993000", "interestAndDebtExpense": "None", "netIncomeFromContinuingOperations": "137208000", "comprehensiveIncomeNetOfTax": "None", "ebit": "229095000", "ebitda": "245534000", "netIncome": "137208000"}, {"fiscalDateEnding": "2015-03-31", "reportedCurrency": "USD", "grossProfit": "269966000", "totalRevenue": "3300890000", "costOfRevenue": "3030924000", "costofGoodsAndServicesSold": "3030924000", "operatingIncome": "181925000", "sellingGeneralAndAdministrative": "88041000", "researchAndDevelopment": "0", "operatingExpenses": "88041000", "investmentIncomeNet": "None", "netInterestIncome": "None", "interestIncome": "None", "interestExpense": "9605000", "nonInterestIncome": "None", "otherNonOperatingIncome": "None", "depreciation": "None", "depreciationAndAmortization": "16243000", "incomeBeforeTax": "172320000", "incomeTaxExpense": "65844000", "interestAndDebtExpense": "None", "netIncomeFromContinuingOperations": "106476000", "comprehensiveIncomeNetOfTax": "None", "ebit": "181925000", "ebitda": "198168000", "netIncome": "106476000"}, {"fiscalDateEnding": "2014-12-31", "reportedCurrency": "USD", "grossProfit": "266699000", "totalRevenue": "3357202000", "costOfRevenue": "3090503000", "costofGoodsAndServicesSold": "3090503000", "operatingIncome": "187728000", "sellingGeneralAndAdministrative": "78971000", "researchAndDevelopment": "0", "operatingExpenses": "78971000", "investmentIncomeNet": "None", "netInterestIncome": "None", "interestIncome": "None", "interestExpense": "6400000", "nonInterestIncome": "None", "otherNonOperatingIncome": "None", "depreciation": "None", "depreciationAndAmortization": "13567000", "incomeBeforeTax": "181328000", "incomeTaxExpense": "68381000", "interestAndDebtExpense": "None", "netIncomeFromContinuingOperations": "112947000", "comprehensiveIncomeNetOfTax": "None", "ebit": "178807000", "ebitda": "192374000", "netIncome": "112947000"}, {"fiscalDateEnding": "2014-09-30", "reportedCurrency": "USD", "grossProfit": "282943000", "totalRevenue": "3467362000", "costOfRevenue": "3184419000", "costofGoodsAndServicesSold": "3184419000", "operatingIncome": "203337000", "sellingGeneralAndAdministrative": "79606000", "researchAndDevelopment": "0", "operatingExpenses": "79606000", "investmentIncomeNet": "None", "netInterestIncome": "None", "interestIncome": "None", "interestExpense": "6204000", "nonInterestIncome": "None", "otherNonOperatingIncome": "None", "depreciation": "None", "depreciationAndAmortization": "14093000", "incomeBeforeTax": "197133000", "incomeTaxExpense": "72152000", "interestAndDebtExpense": "None", "netIncomeFromContinuingOperations": "124981000", "comprehensiveIncomeNetOfTax": "None", "ebit": "203337000", "ebitda": "217430000", "netIncome": "124981000"}, {"fiscalDateEnding": "2014-06-30", "reportedCurrency": "USD", "grossProfit": "282051000", "totalRevenue": "3502918000", "costOfRevenue": "3220867000", "costofGoodsAndServicesSold": "3220867000", "operatingIncome": "200382000", "sellingGeneralAndAdministrative": "81669000", "researchAndDevelopment": "0", "operatingExpenses": "81669000", "investmentIncomeNet": "None", "netInterestIncome": "None", "interestIncome": "None", "interestExpense": "6252000", "nonInterestIncome": "None", "otherNonOperatingIncome": "None", "depreciation": "None", "depreciationAndAmortization": "14800000", "incomeBeforeTax": "194130000", "incomeTaxExpense": "75534000", "interestAndDebtExpense": "None", "netIncomeFromContinuingOperations": "118596000", "comprehensiveIncomeNetOfTax": "None", "ebit": "200382000", "ebitda": "215182000", "netIncome": "118596000"}, {"fiscalDateEnding": "2014-03-31", "reportedCurrency": "USD", "grossProfit": "236938000", "totalRevenue": "3142585000", "costOfRevenue": "2905647000", "costofGoodsAndServicesSold": "2905647000", "operatingIncome": "156971000", "sellingGeneralAndAdministrative": "79967000", "researchAndDevelopment": "0", "operatingExpenses": "79967000", "investmentIncomeNet": "None", "netInterestIncome": "None", "interestIncome": "None", "interestExpense": "6131000", "nonInterestIncome": "None", "otherNonOperatingIncome": "None", "depreciation": "None", "depreciationAndAmortization": "14549000", "incomeBeforeTax": "150840000", "incomeTaxExpense": "57653000", "interestAndDebtExpense": "None", "netIncomeFromContinuingOperations": "93187000", "comprehensiveIncomeNetOfTax": "None", "ebit": "156971000", "ebitda": "171520000", "netIncome": "93187000"}, {"fiscalDateEnding": "2013-12-31", "reportedCurrency": "USD", "grossProfit": "240846000", "totalRevenue": "3152882000", "costOfRevenue": "2912036000", "costofGoodsAndServicesSold": "2912036000", "operatingIncome": "155113000", "sellingGeneralAndAdministrative": "85733000", "researchAndDevelopment": "0", "operatingExpenses": "85733000", "investmentIncomeNet": "None", "netInterestIncome": "None", "interestIncome": "None", "interestExpense": "6005000", "nonInterestIncome": "None", "otherNonOperatingIncome": "None", "depreciation": "None", "depreciationAndAmortization": "14830000", "incomeBeforeTax": "149108000", "incomeTaxExpense": "56156000", "interestAndDebtExpense": "None", "netIncomeFromContinuingOperations": "92952000", "comprehensiveIncomeNetOfTax": "None", "ebit": "146354000", "ebitda": "161184000", "netIncome": "92952000"}, {"fiscalDateEnding": "2013-09-30", "reportedCurrency": "USD", "grossProfit": "258918000", "totalRevenue": "3316665000", "costOfRevenue": "3057747000", "costofGoodsAndServicesSold": "3057747000", "operatingIncome": "176355000", "sellingGeneralAndAdministrative": "82563000", "researchAndDevelopment": "0", "operatingExpenses": "82563000", "investmentIncomeNet": "None", "netInterestIncome": "None", "interestIncome": "None", "interestExpense": "2635000", "nonInterestIncome": "None", "otherNonOperatingIncome": "None", "depreciation": "None", "depreciationAndAmortization": "14100000", "incomeBeforeTax": "173720000", "incomeTaxExpense": "65983000", "interestAndDebtExpense": "None", "netIncomeFromContinuingOperations": "107737000", "comprehensiveIncomeNetOfTax": "None", "ebit": "176355000", "ebitda": "190455000", "netIncome": "107737000"}, {"fiscalDateEnding": "2013-06-30", "reportedCurrency": "USD", "grossProfit": "266593000", "totalRevenue": "3288262000", "costOfRevenue": "3021669000", "costofGoodsAndServicesSold": "3021669000", "operatingIncome": "182476000", "sellingGeneralAndAdministrative": "84117000", "researchAndDevelopment": "0", "operatingExpenses": "84117000", "investmentIncomeNet": "None", "netInterestIncome": "None", "interestIncome": "None", "interestExpense": "589000", "nonInterestIncome": "None", "otherNonOperatingIncome": "None", "depreciation": "None", "depreciationAndAmortization": "14145000", "incomeBeforeTax": "181887000", "incomeTaxExpense": "70015000", "interestAndDebtExpense": "None", "netIncomeFromContinuingOperations": "111872000", "comprehensiveIncomeNetOfTax": "None", "ebit": "182476000", "ebitda": "196621000", "netIncome": "111872000"}, {"fiscalDateEnding": "2013-03-31", "reportedCurrency": "USD", "grossProfit": "243077000", "totalRevenue": "2994267000", "costOfRevenue": "2751190000", "costofGoodsAndServicesSold": "2751190000", "operatingIncome": "168706000", "sellingGeneralAndAdministrative": "74371000", "researchAndDevelopment": "0", "operatingExpenses": "74371000", "investmentIncomeNet": "None", "netInterestIncome": "None", "interestIncome": "None", "interestExpense": "60000", "nonInterestIncome": "None", "otherNonOperatingIncome": "None", "depreciation": "None", "depreciationAndAmortization": "13807000", "incomeBeforeTax": "168646000", "incomeTaxExpense": "65303000", "interestAndDebtExpense": "None", "netIncomeFromContinuingOperations": "103343000", "comprehensiveIncomeNetOfTax": "None", "ebit": "168706000", "ebitda": "182513000", "netIncome": "103343000"}, {"fiscalDateEnding": "2012-12-31", "reportedCurrency": "USD", "grossProfit": "218590000", "totalRevenue": "2970876000", "costOfRevenue": "2752286000", "costofGoodsAndServicesSold": "2752286000", "operatingIncome": "133604000", "sellingGeneralAndAdministrative": "731223000", "researchAndDevelopment": "0", "operatingExpenses": "84986000", "investmentIncomeNet": "None", "netInterestIncome": "None", "interestIncome": "None", "interestExpense": "282166000", "nonInterestIncome": "None", "otherNonOperatingIncome": "None", "depreciation": "None", "depreciationAndAmortization": "12009000", "incomeBeforeTax": "415770000", "incomeTaxExpense": "159378000", "interestAndDebtExpense": "None", "netIncomeFromContinuingOperations": "256392000", "comprehensiveIncomeNetOfTax": "None", "ebit": "133604000", "ebitda": "145613000", "netIncome": "256392000"}, {"fiscalDateEnding": "2012-09-30", "reportedCurrency": "USD", "grossProfit": "432670000", "totalRevenue": "2880409000", "costOfRevenue": "2447739000", "costofGoodsAndServicesSold": "2447739000", "operatingIncome": "187257000", "sellingGeneralAndAdministrative": "245413000", "researchAndDevelopment": "0", "operatingExpenses": "245413000", "investmentIncomeNet": "None", "netInterestIncome": "None", "interestIncome": "None", "interestExpense": "76000", "nonInterestIncome": "None", "otherNonOperatingIncome": "None", "depreciation": "None", "depreciationAndAmortization": "8873000", "incomeBeforeTax": "187333000", "incomeTaxExpense": "71003000", "interestAndDebtExpense": "None", "netIncomeFromContinuingOperations": "116330000", "comprehensiveIncomeNetOfTax": "None", "ebit": "187257000", "ebitda": "196130000", "netIncome": "116330000"}, {"fiscalDateEnding": "2012-06-30", "reportedCurrency": "USD", "grossProfit": "425523000", "totalRevenue": "2955714000", "costOfRevenue": "2530191000", "costofGoodsAndServicesSold": "2530191000", "operatingIncome": "184914000", "sellingGeneralAndAdministrative": "240609000", "researchAndDevelopment": "0", "operatingExpenses": "240609000", "investmentIncomeNet": "None", "netInterestIncome": "None", "interestIncome": "None", "interestExpense": "686000", "nonInterestIncome": "None", "otherNonOperatingIncome": "None", "depreciation": "None", "depreciationAndAmortization": "8791000", "incomeBeforeTax": "185600000", "incomeTaxExpense": "71018000", "interestAndDebtExpense": "None", "netIncomeFromContinuingOperations": "114582000", "comprehensiveIncomeNetOfTax": "None", "ebit": "176123000", "ebitda": "184914000", "netIncome": "114582000"}, {"fiscalDateEnding": "2012-03-31", "reportedCurrency": "USD", "grossProfit": "414746000", "totalRevenue": "2552114000", "costOfRevenue": "2137368000", "costofGoodsAndServicesSold": "2137368000", "operatingIncome": "169545000", "sellingGeneralAndAdministrative": "245201000", "researchAndDevelopment": "0", "operatingExpenses": "245201000", "investmentIncomeNet": "None", "netInterestIncome": "None", "interestIncome": "None", "interestExpense": "214000", "nonInterestIncome": "None", "otherNonOperatingIncome": "None", "depreciation": "None", "depreciationAndAmortization": "8417000", "incomeBeforeTax": "169759000", "incomeTaxExpense": "63259000", "interestAndDebtExpense": "None", "netIncomeFromContinuingOperations": "106500000", "comprehensiveIncomeNetOfTax": "None", "ebit": "161128000", "ebitda": "169545000", "netIncome": "106500000"}, {"fiscalDateEnding": "2011-12-31", "reportedCurrency": "USD", "grossProfit": "401385000", "totalRevenue": "2568284000", "costOfRevenue": "2166899000", "costofGoodsAndServicesSold": "2166899000", "operatingIncome": "171955000", "sellingGeneralAndAdministrative": "229430000", "researchAndDevelopment": "0", "operatingExpenses": "229430000", "investmentIncomeNet": "None", "netInterestIncome": "None", "interestIncome": "None", "interestExpense": "1373000", "nonInterestIncome": "None", "otherNonOperatingIncome": "None", "depreciation": "None", "depreciationAndAmortization": "8784000", "incomeBeforeTax": "173328000", "incomeTaxExpense": "64114000", "interestAndDebtExpense": "None", "netIncomeFromContinuingOperations": "109214000", "comprehensiveIncomeNetOfTax": "None", "ebit": "171955000", "ebitda": "180739000", "netIncome": "109214000"}, {"fiscalDateEnding": "2011-09-30", "reportedCurrency": "USD", "grossProfit": "423066000", "totalRevenue": "2694928000", "costOfRevenue": "2271862000", "costofGoodsAndServicesSold": "2271862000", "operatingIncome": "183965000", "sellingGeneralAndAdministrative": "239101000", "researchAndDevelopment": "0", "operatingExpenses": "239101000", "investmentIncomeNet": "None", "netInterestIncome": "None", "interestIncome": "None", "interestExpense": "50000", "nonInterestIncome": "None", "otherNonOperatingIncome": "None", "depreciation": "None", "depreciationAndAmortization": "8415000", "incomeBeforeTax": "184015000", "incomeTaxExpense": "69668000", "interestAndDebtExpense": "None", "netIncomeFromContinuingOperations": "114347000", "comprehensiveIncomeNetOfTax": "None", "ebit": "175550000", "ebitda": "183965000", "netIncome": "114347000"}, {"fiscalDateEnding": "2011-06-30", "reportedCurrency": "USD", "grossProfit": "417866000", "totalRevenue": "2707662000", "costOfRevenue": "2289796000", "costofGoodsAndServicesSold": "2289796000", "operatingIncome": "180095000", "sellingGeneralAndAdministrative": "237771000", "researchAndDevelopment": "0", "operatingExpenses": "237771000", "investmentIncomeNet": "None", "netInterestIncome": "None", "interestIncome": "None", "interestExpense": "326000", "nonInterestIncome": "None", "otherNonOperatingIncome": "None", "depreciation": "None", "depreciationAndAmortization": "8160000", "incomeBeforeTax": "180421000", "incomeTaxExpense": "69398000", "interestAndDebtExpense": "None", "netIncomeFromContinuingOperations": "111023000", "comprehensiveIncomeNetOfTax": "None", "ebit": "171935000", "ebitda": "180095000", "netIncome": "111023000"}, {"fiscalDateEnding": "2011-03-31", "reportedCurrency": "USD", "grossProfit": "390341000", "totalRevenue": "2365472000", "costOfRevenue": "1975131000", "costofGoodsAndServicesSold": "1975131000", "operatingIncome": "156715000", "sellingGeneralAndAdministrative": "233626000", "researchAndDevelopment": "0", "operatingExpenses": "233626000", "investmentIncomeNet": "None", "netInterestIncome": "None", "interestIncome": "None", "interestExpense": "225000", "nonInterestIncome": "None", "otherNonOperatingIncome": "None", "depreciation": "None", "depreciationAndAmortization": "7139000", "incomeBeforeTax": "156940000", "incomeTaxExpense": "59912000", "interestAndDebtExpense": "None", "netIncomeFromContinuingOperations": "97028000", "comprehensiveIncomeNetOfTax": "None", "ebit": "149576000", "ebitda": "156715000", "netIncome": "97028000"}, {"fiscalDateEnding": "2010-12-31", "reportedCurrency": "USD", "grossProfit": "388164000", "totalRevenue": "2325349000", "costOfRevenue": "1937185000", "costofGoodsAndServicesSold": "1937185000", "operatingIncome": "164065000", "sellingGeneralAndAdministrative": "224099000", "researchAndDevelopment": "0", "operatingExpenses": "224099000", "investmentIncomeNet": "None", "netInterestIncome": "None", "interestIncome": "None", "interestExpense": "256000", "nonInterestIncome": "None", "otherNonOperatingIncome": "None", "depreciation": "None", "depreciationAndAmortization": "7256000", "incomeBeforeTax": "164321000", "incomeTaxExpense": "61160000", "interestAndDebtExpense": "None", "netIncomeFromContinuingOperations": "103161000", "comprehensiveIncomeNetOfTax": "None", "ebit": "164065000", "ebitda": "171321000", "netIncome": "103161000"}, {"fiscalDateEnding": "2010-09-30", "reportedCurrency": "USD", "grossProfit": "382580000", "totalRevenue": "2420357000", "costOfRevenue": "2037777000", "costofGoodsAndServicesSold": "2037777000", "operatingIncome": "166333000", "sellingGeneralAndAdministrative": "216247000", "researchAndDevelopment": "0", "operatingExpenses": "216247000", "investmentIncomeNet": "None", "netInterestIncome": "None", "interestIncome": "None", "interestExpense": "149000", "nonInterestIncome": "None", "otherNonOperatingIncome": "None", "depreciation": "None", "depreciationAndAmortization": "7412000", "incomeBeforeTax": "166482000", "incomeTaxExpense": "63855000", "interestAndDebtExpense": "None", "netIncomeFromContinuingOperations": "102627000", "comprehensiveIncomeNetOfTax": "None", "ebit": "158921000", "ebitda": "166333000", "netIncome": "102627000"}, {"fiscalDateEnding": "2010-06-30", "reportedCurrency": "USD", "grossProfit": "364633000", "totalRevenue": "2453982000", "costOfRevenue": "2089349000", "costofGoodsAndServicesSold": "2089349000", "operatingIncome": "156455000", "sellingGeneralAndAdministrative": "208178000", "researchAndDevelopment": "0", "operatingExpenses": "208178000", "investmentIncomeNet": "None", "netInterestIncome": "None", "interestIncome": "None", "interestExpense": "363000", "nonInterestIncome": "None", "otherNonOperatingIncome": "None", "depreciation": "None", "depreciationAndAmortization": "7142000", "incomeBeforeTax": "156818000", "incomeTaxExpense": "59592000", "interestAndDebtExpense": "None", "netIncomeFromContinuingOperations": "97226000", "comprehensiveIncomeNetOfTax": "None", "ebit": "149313000", "ebitda": "156455000", "netIncome": "97226000"}, {"fiscalDateEnding": "2010-03-31", "reportedCurrency": "USD", "grossProfit": "332601000", "totalRevenue": "2074617000", "costOfRevenue": "1742016000", "costofGoodsAndServicesSold": "1742016000", "operatingIncome": "136007000", "sellingGeneralAndAdministrative": "196594000", "researchAndDevelopment": "0", "operatingExpenses": "196594000", "investmentIncomeNet": "None", "netInterestIncome": "None", "interestIncome": "None", "interestExpense": "474000", "nonInterestIncome": "None", "otherNonOperatingIncome": "None", "depreciation": "None", "depreciationAndAmortization": "7559000", "incomeBeforeTax": "136481000", "incomeTaxExpense": "52469000", "interestAndDebtExpense": "None", "netIncomeFromContinuingOperations": "84012000", "comprehensiveIncomeNetOfTax": "None", "ebit": "128448000", "ebitda": "136007000", "netIncome": "84012000"}, {"fiscalDateEnding": "2009-12-31", "reportedCurrency": "USD", "grossProfit": "339086000", "totalRevenue": "2008366000", "costOfRevenue": "1669280000", "costofGoodsAndServicesSold": "1669280000", "operatingIncome": "142758000", "sellingGeneralAndAdministrative": "196328000", "researchAndDevelopment": "0", "operatingExpenses": "196328000", "investmentIncomeNet": "None", "netInterestIncome": "None", "interestIncome": "None", "interestExpense": "0", "nonInterestIncome": "None", "otherNonOperatingIncome": "None", "depreciation": "None", "depreciationAndAmortization": "8319000", "incomeBeforeTax": "143350000", "incomeTaxExpense": "55616000", "interestAndDebtExpense": "None", "netIncomeFromContinuingOperations": "0", "comprehensiveIncomeNetOfTax": "None", "ebit": "142758000", "ebitda": "151077000", "netIncome": "87734000"}, {"fiscalDateEnding": "2009-09-30", "reportedCurrency": "USD", "grossProfit": "352566000", "totalRevenue": "1954803000", "costOfRevenue": "1602237000", "costofGoodsAndServicesSold": "1602237000", "operatingIncome": "154801000", "sellingGeneralAndAdministrative": "197765000", "researchAndDevelopment": "0", "operatingExpenses": "197765000", "investmentIncomeNet": "None", "netInterestIncome": "None", "interestIncome": "None", "interestExpense": "439000", "nonInterestIncome": "None", "otherNonOperatingIncome": "None", "depreciation": "None", "depreciationAndAmortization": "7541000", "incomeBeforeTax": "155240000", "incomeTaxExpense": "59780000", "interestAndDebtExpense": "None", "netIncomeFromContinuingOperations": "95460000", "comprehensiveIncomeNetOfTax": "None", "ebit": "147260000", "ebitda": "154801000", "netIncome": "95460000"}, {"fiscalDateEnding": "2009-06-30", "reportedCurrency": "USD", "grossProfit": "351704000", "totalRevenue": "1926020000", "costOfRevenue": "1574316000", "costofGoodsAndServicesSold": "1574316000", "operatingIncome": "149884000", "sellingGeneralAndAdministrative": "201820000", "researchAndDevelopment": "0", "operatingExpenses": "201820000", "investmentIncomeNet": "None", "netInterestIncome": "None", "interestIncome": "None", "interestExpense": "729000", "nonInterestIncome": "None", "otherNonOperatingIncome": "None", "depreciation": "None", "depreciationAndAmortization": "7173000", "incomeBeforeTax": "150613000", "incomeTaxExpense": "58360000", "interestAndDebtExpense": "None", "netIncomeFromContinuingOperations": "92253000", "comprehensiveIncomeNetOfTax": "None", "ebit": "142711000", "ebitda": "149884000", "netIncome": "92253000"}, {"fiscalDateEnding": "2009-03-31", "reportedCurrency": "USD", "grossProfit": "338603000", "totalRevenue": "1688000000", "costOfRevenue": "1349397000", "costofGoodsAndServicesSold": "1349397000", "operatingIncome": "137368000", "sellingGeneralAndAdministrative": "201235000", "researchAndDevelopment": "0", "operatingExpenses": "201235000", "investmentIncomeNet": "None", "netInterestIncome": "None", "interestIncome": "None", "interestExpense": "0", "nonInterestIncome": "None", "otherNonOperatingIncome": "None", "depreciation": "None", "depreciationAndAmortization": "7481000", "incomeBeforeTax": "137858000", "incomeTaxExpense": "52475000", "interestAndDebtExpense": "None", "netIncomeFromContinuingOperations": "0", "comprehensiveIncomeNetOfTax": "None", "ebit": "129887000", "ebitda": "137368000", "netIncome": "85383000"}, {"fiscalDateEnding": "2008-12-31", "reportedCurrency": "USD", "grossProfit": "344160000", "totalRevenue": "1955103000", "costOfRevenue": "1610943000", "costofGoodsAndServicesSold": "1610943000", "operatingIncome": "142384000", "sellingGeneralAndAdministrative": "201776000", "researchAndDevelopment": "0", "operatingExpenses": "201776000", "investmentIncomeNet": "None", "netInterestIncome": "None", "interestIncome": "None", "interestExpense": "0", "nonInterestIncome": "None", "otherNonOperatingIncome": "None", "depreciation": "None", "depreciationAndAmortization": "7966000", "incomeBeforeTax": "143407000", "incomeTaxExpense": "54526000", "interestAndDebtExpense": "None", "netIncomeFromContinuingOperations": "0", "comprehensiveIncomeNetOfTax": "None", "ebit": "142384000", "ebitda": "150350000", "netIncome": "88881000"}, {"fiscalDateEnding": "2008-09-30", "reportedCurrency": "USD", "grossProfit": "351588000", "totalRevenue": "2316593000", "costOfRevenue": "1965005000", "costofGoodsAndServicesSold": "1965005000", "operatingIncome": "148619000", "sellingGeneralAndAdministrative": "202969000", "researchAndDevelopment": "0", "operatingExpenses": "202969000", "investmentIncomeNet": "None", "netInterestIncome": "None", "interestIncome": "None", "interestExpense": "0", "nonInterestIncome": "None", "otherNonOperatingIncome": "None", "depreciation": "None", "depreciationAndAmortization": "7828000", "incomeBeforeTax": "150214000", "incomeTaxExpense": "56654000", "interestAndDebtExpense": "None", "netIncomeFromContinuingOperations": "0", "comprehensiveIncomeNetOfTax": "None", "ebit": "140791000", "ebitda": "148619000", "netIncome": "93560000"}, {"fiscalDateEnding": "2008-06-30", "reportedCurrency": "USD", "grossProfit": "341186000", "totalRevenue": "2321706000", "costOfRevenue": "1980520000", "costofGoodsAndServicesSold": "1980520000", "operatingIncome": "144506000", "sellingGeneralAndAdministrative": "196680000", "researchAndDevelopment": "0", "operatingExpenses": "196680000", "investmentIncomeNet": "None", "netInterestIncome": "None", "interestIncome": "None", "interestExpense": "0", "nonInterestIncome": "None", "otherNonOperatingIncome": "None", "depreciation": "None", "depreciationAndAmortization": "7707000", "incomeBeforeTax": "146215000", "incomeTaxExpense": "55797000", "interestAndDebtExpense": "None", "netIncomeFromContinuingOperations": "0", "comprehensiveIncomeNetOfTax": "None", "ebit": "136799000", "ebitda": "144506000", "netIncome": "90418000"}, {"fiscalDateEnding": "2008-03-31", "reportedCurrency": "USD", "grossProfit": "338029000", "totalRevenue": "1985212000", "costOfRevenue": "1647183000", "costofGoodsAndServicesSold": "1647183000", "operatingIncome": "136077000", "sellingGeneralAndAdministrative": "201952000", "researchAndDevelopment": "0", "operatingExpenses": "201952000", "investmentIncomeNet": "None", "netInterestIncome": "None", "interestIncome": "None", "interestExpense": "0", "nonInterestIncome": "None", "otherNonOperatingIncome": "None", "depreciation": "None", "depreciationAndAmortization": "7663000", "incomeBeforeTax": "138551000", "incomeTaxExpense": "52233000", "interestAndDebtExpense": "None", "netIncomeFromContinuingOperations": "0", "comprehensiveIncomeNetOfTax": "None", "ebit": "128414000", "ebitda": "136077000", "netIncome": "86318000"}, {"fiscalDateEnding": "2007-12-31", "reportedCurrency": "USD", "grossProfit": "322754000", "totalRevenue": "1952022000", "costOfRevenue": "1629268000", "costofGoodsAndServicesSold": "1629268000", "operatingIncome": "132873000", "sellingGeneralAndAdministrative": "189881000", "researchAndDevelopment": "0", "operatingExpenses": "189881000", "investmentIncomeNet": "None", "netInterestIncome": "None", "interestIncome": "None", "interestExpense": "0", "nonInterestIncome": "None", "otherNonOperatingIncome": "None", "depreciation": "None", "depreciationAndAmortization": "7301000", "incomeBeforeTax": "136210000", "incomeTaxExpense": "50956000", "interestAndDebtExpense": "None", "netIncomeFromContinuingOperations": "0", "comprehensiveIncomeNetOfTax": "None", "ebit": "132873000", "ebitda": "140174000", "netIncome": "85254000"}, {"fiscalDateEnding": "2007-09-30", "reportedCurrency": "USD", "grossProfit": "313196000", "totalRevenue": "1865150000", "costOfRevenue": "1551954000", "costofGoodsAndServicesSold": "1551954000", "operatingIncome": "131828000", "sellingGeneralAndAdministrative": "181368000", "researchAndDevelopment": "0", "operatingExpenses": "181368000", "investmentIncomeNet": "None", "netInterestIncome": "None", "interestIncome": "None", "interestExpense": "0", "nonInterestIncome": "None", "otherNonOperatingIncome": "None", "depreciation": "None", "depreciationAndAmortization": "6903000", "incomeBeforeTax": "135295000", "incomeTaxExpense": "51552000", "interestAndDebtExpense": "None", "netIncomeFromContinuingOperations": "0", "comprehensiveIncomeNetOfTax": "None", "ebit": "124925000", "ebitda": "131828000", "netIncome": "83743000"}, {"fiscalDateEnding": "2007-06-30", "reportedCurrency": "USD", "grossProfit": "310898000", "totalRevenue": "1879726000", "costOfRevenue": "1568828000", "costofGoodsAndServicesSold": "1568828000", "operatingIncome": "129794000", "sellingGeneralAndAdministrative": "181104000", "researchAndDevelopment": "0", "operatingExpenses": "181104000", "investmentIncomeNet": "None", "netInterestIncome": "None", "interestIncome": "None", "interestExpense": "0", "nonInterestIncome": "None", "otherNonOperatingIncome": "None", "depreciation": "None", "depreciationAndAmortization": "6610000", "incomeBeforeTax": "133224000", "incomeTaxExpense": "50925000", "interestAndDebtExpense": "None", "netIncomeFromContinuingOperations": "0", "comprehensiveIncomeNetOfTax": "None", "ebit": "123184000", "ebitda": "129794000", "netIncome": "82299000"}, {"fiscalDateEnding": "2007-03-31", "reportedCurrency": "USD", "grossProfit": "296930000", "totalRevenue": "1619325000", "costOfRevenue": "1322395000", "costofGoodsAndServicesSold": "1322395000", "operatingIncome": "115189000", "sellingGeneralAndAdministrative": "181741000", "researchAndDevelopment": "0", "operatingExpenses": "181741000", "investmentIncomeNet": "None", "netInterestIncome": "None", "interestIncome": "None", "interestExpense": "0", "nonInterestIncome": "None", "otherNonOperatingIncome": "None", "depreciation": "None", "depreciationAndAmortization": "6552000", "incomeBeforeTax": "118785000", "incomeTaxExpense": "45820000", "interestAndDebtExpense": "None", "netIncomeFromContinuingOperations": "0", "comprehensiveIncomeNetOfTax": "None", "ebit": "108637000", "ebitda": "115189000", "netIncome": "72965000"}, {"fiscalDateEnding": "2006-12-31", "reportedCurrency": "USD", "grossProfit": "278522000", "totalRevenue": "1642591000", "costOfRevenue": "1364069000", "costofGoodsAndServicesSold": "1364069000", "operatingIncome": "110375000", "sellingGeneralAndAdministrative": "168147000", "researchAndDevelopment": "0", "operatingExpenses": "168147000", "investmentIncomeNet": "None", "netInterestIncome": "None", "interestIncome": "None", "interestExpense": "0", "nonInterestIncome": "None", "otherNonOperatingIncome": "None", "depreciation": "None", "depreciationAndAmortization": "6190000", "incomeBeforeTax": "113705000", "incomeTaxExpense": "41878000", "interestAndDebtExpense": "None", "netIncomeFromContinuingOperations": "0", "comprehensiveIncomeNetOfTax": "None", "ebit": "110375000", "ebitda": "116565000", "netIncome": "71827000"}, {"fiscalDateEnding": "2006-09-30", "reportedCurrency": "USD", "grossProfit": "278346000", "totalRevenue": "1713491000", "costOfRevenue": "1435145000", "costofGoodsAndServicesSold": "1435145000", "operatingIncome": "111118000", "sellingGeneralAndAdministrative": "167228000", "researchAndDevelopment": "0", "operatingExpenses": "167228000", "investmentIncomeNet": "None", "netInterestIncome": "None", "interestIncome": "None", "interestExpense": "0", "nonInterestIncome": "None", "otherNonOperatingIncome": "None", "depreciation": "None", "depreciationAndAmortization": "6195000", "incomeBeforeTax": "114089000", "incomeTaxExpense": "43699000", "interestAndDebtExpense": "None", "netIncomeFromContinuingOperations": "0", "comprehensiveIncomeNetOfTax": "None", "ebit": "104923000", "ebitda": "111118000", "netIncome": "70390000"}, {"fiscalDateEnding": "2006-06-30", "reportedCurrency": "USD", "grossProfit": "270619000", "totalRevenue": "1700997000", "costOfRevenue": "1430378000", "costofGoodsAndServicesSold": "1430378000", "operatingIncome": "103918000", "sellingGeneralAndAdministrative": "166701000", "researchAndDevelopment": "0", "operatingExpenses": "166701000", "investmentIncomeNet": "None", "netInterestIncome": "None", "interestIncome": "None", "interestExpense": "0", "nonInterestIncome": "None", "otherNonOperatingIncome": "None", "depreciation": "None", "depreciationAndAmortization": "5980000", "incomeBeforeTax": "106795000", "incomeTaxExpense": "40201000", "interestAndDebtExpense": "None", "netIncomeFromContinuingOperations": "0", "comprehensiveIncomeNetOfTax": "None", "ebit": "97938000", "ebitda": "103918000", "netIncome": "66594000"}, {"fiscalDateEnding": "2006-03-31", "reportedCurrency": "USD", "grossProfit": "255057000", "totalRevenue": "1499115000", "costOfRevenue": "1244058000", "costofGoodsAndServicesSold": "1244058000", "operatingIncome": "92434000", "sellingGeneralAndAdministrative": "162623000", "researchAndDevelopment": "0", "operatingExpenses": "162623000", "investmentIncomeNet": "None", "netInterestIncome": "None", "interestIncome": "None", "interestExpense": "0", "nonInterestIncome": "None", "otherNonOperatingIncome": "None", "depreciation": "None", "depreciationAndAmortization": "5567000", "incomeBeforeTax": "95099000", "incomeTaxExpense": "36985000", "interestAndDebtExpense": "None", "netIncomeFromContinuingOperations": "0", "comprehensiveIncomeNetOfTax": "None", "ebit": "86867000", "ebitda": "92434000", "netIncome": "58114000"}, {"fiscalDateEnding": "2005-12-31", "reportedCurrency": "USD", "grossProfit": "236082000", "totalRevenue": "1583497000", "costOfRevenue": "1347415000", "costofGoodsAndServicesSold": "1347415000", "operatingIncome": "92622000", "sellingGeneralAndAdministrative": "143460000", "researchAndDevelopment": "0", "operatingExpenses": "143460000", "investmentIncomeNet": "None", "netInterestIncome": "None", "interestIncome": "None", "interestExpense": "0", "nonInterestIncome": "None", "otherNonOperatingIncome": "None", "depreciation": "None", "depreciationAndAmortization": "5174000", "incomeBeforeTax": "94731000", "incomeTaxExpense": "36585000", "interestAndDebtExpense": "None", "netIncomeFromContinuingOperations": "0", "comprehensiveIncomeNetOfTax": "None", "ebit": "92622000", "ebitda": "97796000", "netIncome": "58146000"}, {"fiscalDateEnding": "2005-09-30", "reportedCurrency": "USD", "grossProfit": "228874000", "totalRevenue": "1485369000", "costOfRevenue": "1256495000", "costofGoodsAndServicesSold": "1256495000", "operatingIncome": "85618000", "sellingGeneralAndAdministrative": "143256000", "researchAndDevelopment": "0", "operatingExpenses": "143256000", "investmentIncomeNet": "None", "netInterestIncome": "None", "interestIncome": "None", "interestExpense": "0", "nonInterestIncome": "None", "otherNonOperatingIncome": "None", "depreciation": "None", "depreciationAndAmortization": "4712000", "incomeBeforeTax": "87483000", "incomeTaxExpense": "33394000", "interestAndDebtExpense": "None", "netIncomeFromContinuingOperations": "0", "comprehensiveIncomeNetOfTax": "None", "ebit": "80906000", "ebitda": "85618000", "netIncome": "54089000"}, {"fiscalDateEnding": "2005-06-30", "reportedCurrency": "USD", "grossProfit": "215412000", "totalRevenue": "1405142000", "costOfRevenue": "1189730000", "costofGoodsAndServicesSold": "1189730000", "operatingIncome": "80329000", "sellingGeneralAndAdministrative": "135083000", "researchAndDevelopment": "0", "operatingExpenses": "135083000", "investmentIncomeNet": "None", "netInterestIncome": "None", "interestIncome": "None", "interestExpense": "0", "nonInterestIncome": "None", "otherNonOperatingIncome": "None", "depreciation": "None", "depreciationAndAmortization": "4731000", "incomeBeforeTax": "81616000", "incomeTaxExpense": "32269000", "interestAndDebtExpense": "None", "netIncomeFromContinuingOperations": "0", "comprehensiveIncomeNetOfTax": "None", "ebit": "75598000", "ebitda": "80329000", "netIncome": "49347000"}, {"fiscalDateEnding": "2005-03-31", "reportedCurrency": "USD", "grossProfit": "199382000", "totalRevenue": "1214940000", "costOfRevenue": "1015558000", "costofGoodsAndServicesSold": "1015558000", "operatingIncome": "67792000", "sellingGeneralAndAdministrative": "131590000", "researchAndDevelopment": "0", "operatingExpenses": "131590000", "investmentIncomeNet": "None", "netInterestIncome": "None", "interestIncome": "None", "interestExpense": "0", "nonInterestIncome": "None", "otherNonOperatingIncome": "None", "depreciation": "None", "depreciationAndAmortization": "3883000", "incomeBeforeTax": "68923000", "incomeTaxExpense": "27147000", "interestAndDebtExpense": "None", "netIncomeFromContinuingOperations": "0", "comprehensiveIncomeNetOfTax": "None", "ebit": "63909000", "ebitda": "67792000", "netIncome": "41776000"}, {"fiscalDateEnding": "2004-12-31", "reportedCurrency": "USD", "grossProfit": "181179000", "totalRevenue": "1194021000", "costOfRevenue": "1012842000", "costofGoodsAndServicesSold": "1012842000", "operatingIncome": "62069000", "sellingGeneralAndAdministrative": "119110000", "researchAndDevelopment": "0", "operatingExpenses": "119110000", "investmentIncomeNet": "None", "netInterestIncome": "None", "interestIncome": "None", "interestExpense": "0", "nonInterestIncome": "None", "otherNonOperatingIncome": "None", "depreciation": "None", "depreciationAndAmortization": "3353000", "incomeBeforeTax": "63407000", "incomeTaxExpense": "24852000", "interestAndDebtExpense": "None", "netIncomeFromContinuingOperations": "0", "comprehensiveIncomeNetOfTax": "None", "ebit": "62069000", "ebitda": "65422000", "netIncome": "38555000"}]}