{"symbol": "IP", "annualReports": [{"fiscalDateEnding": "2024-12-31", "reportedCurrency": "USD", "grossProfit": "5243000000", "totalRevenue": "18619000000", "costOfRevenue": "13376000000", "costofGoodsAndServicesSold": "13376000000", "operatingIncome": "557000000", "sellingGeneralAndAdministrative": "365000000", "researchAndDevelopment": "None", "operatingExpenses": "1840000000", "investmentIncomeNet": "None", "netInterestIncome": "-208000000", "interestIncome": "222000000", "interestExpense": "208000000", "nonInterestIncome": "None", "otherNonOperatingIncome": "None", "depreciation": "None", "depreciationAndAmortization": "1305000000", "incomeBeforeTax": "147000000", "incomeTaxExpense": "-415000000", "interestAndDebtExpense": "None", "netIncomeFromContinuingOperations": "557000000", "comprehensiveIncomeNetOfTax": "None", "ebit": "577000000", "ebitda": "1882000000", "netIncome": "557000000"}, {"fiscalDateEnding": "2023-12-31", "reportedCurrency": "USD", "grossProfit": "5287000000", "totalRevenue": "18916000000", "costOfRevenue": "13629000000", "costofGoodsAndServicesSold": "13629000000", "operatingIncome": "1188000000", "sellingGeneralAndAdministrative": "1360000000", "researchAndDevelopment": "None", "operatingExpenses": "5287000000", "investmentIncomeNet": "None", "netInterestIncome": "-238000000", "interestIncome": "166000000", "interestExpense": "421000000", "nonInterestIncome": "None", "otherNonOperatingIncome": "None", "depreciation": "None", "depreciationAndAmortization": "1468000000", "incomeBeforeTax": "382000000", "incomeTaxExpense": "59000000", "interestAndDebtExpense": "None", "netIncomeFromContinuingOperations": "757000000", "comprehensiveIncomeNetOfTax": "None", "ebit": "767000000", "ebitda": "2235000000", "netIncome": "288000000"}, {"fiscalDateEnding": "2022-12-31", "reportedCurrency": "USD", "grossProfit": "6018000000", "totalRevenue": "21161000000", "costOfRevenue": "15143000000", "costofGoodsAndServicesSold": "15143000000", "operatingIncome": "1936000000", "sellingGeneralAndAdministrative": "490000000", "researchAndDevelopment": "None", "operatingExpenses": "4264000000", "investmentIncomeNet": "None", "netInterestIncome": "-325000000", "interestIncome": "270000000", "interestExpense": "325000000", "nonInterestIncome": "None", "otherNonOperatingIncome": "-16000000", "depreciation": "None", "depreciationAndAmortization": "1103000000", "incomeBeforeTax": "1511000000", "incomeTaxExpense": "-236000000", "interestAndDebtExpense": "None", "netIncomeFromContinuingOperations": "1741000000", "comprehensiveIncomeNetOfTax": "None", "ebit": "1883000000", "ebitda": "2986000000", "netIncome": "1504000000"}, {"fiscalDateEnding": "2021-12-31", "reportedCurrency": "USD", "grossProfit": "5531000000", "totalRevenue": "19363000000", "costOfRevenue": "13832000000", "costofGoodsAndServicesSold": "13832000000", "operatingIncome": "1666000000", "sellingGeneralAndAdministrative": "1385000000", "researchAndDevelopment": "None", "operatingExpenses": "4065000000", "investmentIncomeNet": "None", "netInterestIncome": "-337000000", "interestIncome": "165000000", "interestExpense": "337000000", "nonInterestIncome": "None", "otherNonOperatingIncome": "524000000", "depreciation": "None", "depreciationAndAmortization": "1107000000", "incomeBeforeTax": "999000000", "incomeTaxExpense": "188000000", "interestAndDebtExpense": "None", "netIncomeFromContinuingOperations": "1124000000", "comprehensiveIncomeNetOfTax": "None", "ebit": "1428000000", "ebitda": "2535000000", "netIncome": "811000000"}, {"fiscalDateEnding": "2020-12-31", "reportedCurrency": "USD", "grossProfit": "6207000000", "totalRevenue": "20580000000", "costOfRevenue": "14373000000", "costofGoodsAndServicesSold": "14373000000", "operatingIncome": "1719000000", "sellingGeneralAndAdministrative": "1520000000", "researchAndDevelopment": "None", "operatingExpenses": "4529000000", "investmentIncomeNet": "None", "netInterestIncome": "-444000000", "interestIncome": "409000000", "interestExpense": "444000000", "nonInterestIncome": "None", "otherNonOperatingIncome": "-353000000", "depreciation": "None", "depreciationAndAmortization": "1132000000", "incomeBeforeTax": "650000000", "incomeTaxExpense": "245000000", "interestAndDebtExpense": "None", "netIncomeFromContinuingOperations": "482000000", "comprehensiveIncomeNetOfTax": "None", "ebit": "925000000", "ebitda": "2057000000", "netIncome": "482000000"}, {"fiscalDateEnding": "2019-12-31", "reportedCurrency": "USD", "grossProfit": "7108000000", "totalRevenue": "22376000000", "costOfRevenue": "15268000000", "costofGoodsAndServicesSold": "15268000000", "operatingIncome": "2389000000", "sellingGeneralAndAdministrative": "1647000000", "researchAndDevelopment": "29000000", "operatingExpenses": "4683000000", "investmentIncomeNet": "None", "netInterestIncome": "-491000000", "interestIncome": "215000000", "interestExpense": "491000000", "nonInterestIncome": "None", "otherNonOperatingIncome": "45000000", "depreciation": "None", "depreciationAndAmortization": "1306000000", "incomeBeforeTax": "1604000000", "incomeTaxExpense": "634000000", "interestAndDebtExpense": "None", "netIncomeFromContinuingOperations": "1220000000", "comprehensiveIncomeNetOfTax": "None", "ebit": "2310000000", "ebitda": "3616000000", "netIncome": "970000000"}, {"fiscalDateEnding": "2018-12-31", "reportedCurrency": "USD", "grossProfit": "7751000000", "totalRevenue": "23306000000", "costOfRevenue": "15555000000", "costofGoodsAndServicesSold": "15555000000", "operatingIncome": "2962000000", "sellingGeneralAndAdministrative": "1723000000", "researchAndDevelopment": "30000000", "operatingExpenses": "4789000000", "investmentIncomeNet": "None", "netInterestIncome": "-536000000", "interestIncome": "198000000", "interestExpense": "536000000", "nonInterestIncome": "None", "otherNonOperatingIncome": "214000000", "depreciation": "None", "depreciationAndAmortization": "1328000000", "incomeBeforeTax": "1781000000", "incomeTaxExpense": "445000000", "interestAndDebtExpense": "None", "netIncomeFromContinuingOperations": "1672000000", "comprehensiveIncomeNetOfTax": "None", "ebit": "2468000000", "ebitda": "3796000000", "netIncome": "2012000000"}, {"fiscalDateEnding": "2017-12-31", "reportedCurrency": "USD", "grossProfit": "6443000000", "totalRevenue": "21743000000", "costOfRevenue": "15300000000", "costofGoodsAndServicesSold": "15300000000", "operatingIncome": "1844000000", "sellingGeneralAndAdministrative": "1653000000", "researchAndDevelopment": "28000000", "operatingExpenses": "4599000000", "investmentIncomeNet": "None", "netInterestIncome": "-572000000", "interestIncome": "186000000", "interestExpense": "572000000", "nonInterestIncome": "None", "otherNonOperatingIncome": "174000000", "depreciation": "None", "depreciationAndAmortization": "1343000000", "incomeBeforeTax": "848000000", "incomeTaxExpense": "-1085000000", "interestAndDebtExpense": "None", "netIncomeFromContinuingOperations": "2110000000", "comprehensiveIncomeNetOfTax": "None", "ebit": "1606000000", "ebitda": "2949000000", "netIncome": "2144000000"}, {"fiscalDateEnding": "2016-12-31", "reportedCurrency": "USD", "grossProfit": "5927000000", "totalRevenue": "21079000000", "costOfRevenue": "15152000000", "costofGoodsAndServicesSold": "15152000000", "operatingIncome": "1600000000", "sellingGeneralAndAdministrative": "1575000000", "researchAndDevelopment": "730000000", "operatingExpenses": "4327000000", "investmentIncomeNet": "None", "netInterestIncome": "-520000000", "interestIncome": "175000000", "interestExpense": "520000000", "nonInterestIncome": "None", "otherNonOperatingIncome": "128000000", "depreciation": "None", "depreciationAndAmortization": "1124000000", "incomeBeforeTax": "956000000", "incomeTaxExpense": "247000000", "interestAndDebtExpense": "None", "netIncomeFromContinuingOperations": "907000000", "comprehensiveIncomeNetOfTax": "None", "ebit": "1486000000", "ebitda": "2610000000", "netIncome": "904000000"}, {"fiscalDateEnding": "2015-12-31", "reportedCurrency": "USD", "grossProfit": "6897000000", "totalRevenue": "22365000000", "costOfRevenue": "15468000000", "costofGoodsAndServicesSold": "15468000000", "operatingIncome": "2384000000", "sellingGeneralAndAdministrative": "1645000000", "researchAndDevelopment": "27000000", "operatingExpenses": "4513000000", "investmentIncomeNet": "None", "netInterestIncome": "None", "interestIncome": "553000000", "interestExpense": "555000000", "nonInterestIncome": "None", "otherNonOperatingIncome": "117000000", "depreciation": "None", "depreciationAndAmortization": "1294000000", "incomeBeforeTax": "1266000000", "incomeTaxExpense": "466000000", "interestAndDebtExpense": "None", "netIncomeFromContinuingOperations": "917000000", "comprehensiveIncomeNetOfTax": "None", "ebit": "1923000000", "ebitda": "3217000000", "netIncome": "938000000"}, {"fiscalDateEnding": "2014-12-31", "reportedCurrency": "USD", "grossProfit": "7363000000", "totalRevenue": "23617000000", "costOfRevenue": "16254000000", "costofGoodsAndServicesSold": "16254000000", "operatingIncome": "2463000000", "sellingGeneralAndAdministrative": "1793000000", "researchAndDevelopment": "16000000", "operatingExpenses": "4900000000", "investmentIncomeNet": "None", "netInterestIncome": "None", "interestIncome": "None", "interestExpense": "607000000", "nonInterestIncome": "None", "otherNonOperatingIncome": "-200000000", "depreciation": "None", "depreciationAndAmortization": "1414000000", "incomeBeforeTax": "872000000", "incomeTaxExpense": "123000000", "interestAndDebtExpense": "None", "netIncomeFromContinuingOperations": "549000000", "comprehensiveIncomeNetOfTax": "None", "ebit": "2454000000", "ebitda": "3868000000", "netIncome": "555000000"}, {"fiscalDateEnding": "2013-12-31", "reportedCurrency": "USD", "grossProfit": "7857000000", "totalRevenue": "29080000000", "costOfRevenue": "21223000000", "costofGoodsAndServicesSold": "21223000000", "operatingIncome": "2188000000", "sellingGeneralAndAdministrative": "2205000000", "researchAndDevelopment": "18000000", "operatingExpenses": "5669000000", "investmentIncomeNet": "None", "netInterestIncome": "None", "interestIncome": "None", "interestExpense": "612000000", "nonInterestIncome": "None", "otherNonOperatingIncome": "-55000000", "depreciation": "None", "depreciationAndAmortization": "1547000000", "incomeBeforeTax": "849000000", "incomeTaxExpense": "-523000000", "interestAndDebtExpense": "None", "netIncomeFromContinuingOperations": "1333000000", "comprehensiveIncomeNetOfTax": "None", "ebit": "1516000000", "ebitda": "3063000000", "netIncome": "1395000000"}, {"fiscalDateEnding": "2012-12-31", "reportedCurrency": "USD", "grossProfit": "7246000000", "totalRevenue": "27833000000", "costOfRevenue": "20587000000", "costofGoodsAndServicesSold": "20587000000", "operatingIncome": "1891000000", "sellingGeneralAndAdministrative": "2092000000", "researchAndDevelopment": "13000000", "operatingExpenses": "5355000000", "investmentIncomeNet": "None", "netInterestIncome": "None", "interestIncome": "None", "interestExpense": "672000000", "nonInterestIncome": "None", "otherNonOperatingIncome": "-25000000", "depreciation": "None", "depreciationAndAmortization": "1486000000", "incomeBeforeTax": "1024000000", "incomeTaxExpense": "331000000", "interestAndDebtExpense": "None", "netIncomeFromContinuingOperations": "754000000", "comprehensiveIncomeNetOfTax": "None", "ebit": "1763000000", "ebitda": "3249000000", "netIncome": "794000000"}, {"fiscalDateEnding": "2011-12-31", "reportedCurrency": "USD", "grossProfit": "7074000000", "totalRevenue": "26034000000", "costOfRevenue": "18960000000", "costofGoodsAndServicesSold": "18960000000", "operatingIncome": "2319000000", "sellingGeneralAndAdministrative": "3277000000", "researchAndDevelopment": "13000000", "operatingExpenses": "4755000000", "investmentIncomeNet": "None", "netInterestIncome": "None", "interestIncome": "None", "interestExpense": "541000000", "nonInterestIncome": "None", "otherNonOperatingIncome": "-59000000", "depreciation": "None", "depreciationAndAmortization": "1332000000", "incomeBeforeTax": "1458000000", "incomeTaxExpense": "311000000", "interestAndDebtExpense": "None", "netIncomeFromContinuingOperations": "1306000000", "comprehensiveIncomeNetOfTax": "None", "ebit": "2051000000", "ebitda": "3383000000", "netIncome": "1322000000"}, {"fiscalDateEnding": "2010-12-31", "reportedCurrency": "USD", "grossProfit": "6697000000", "totalRevenue": "25179000000", "costOfRevenue": "18482000000", "costofGoodsAndServicesSold": "18482000000", "operatingIncome": "1801000000", "sellingGeneralAndAdministrative": "3248000000", "researchAndDevelopment": "12000000", "operatingExpenses": "4896000000", "investmentIncomeNet": "None", "netInterestIncome": "None", "interestIncome": "None", "interestExpense": "608000000", "nonInterestIncome": "None", "otherNonOperatingIncome": "87000000", "depreciation": "None", "depreciationAndAmortization": "1456000000", "incomeBeforeTax": "822000000", "incomeTaxExpense": "221000000", "interestAndDebtExpense": "None", "netIncomeFromContinuingOperations": "665000000", "comprehensiveIncomeNetOfTax": "None", "ebit": "1465000000", "ebitda": "2921000000", "netIncome": "644000000"}, {"fiscalDateEnding": "2009-12-31", "reportedCurrency": "USD", "grossProfit": "8146000000", "totalRevenue": "23366000000", "costOfRevenue": "15220000000", "costofGoodsAndServicesSold": "15220000000", "operatingIncome": "3280000000", "sellingGeneralAndAdministrative": "3206000000", "researchAndDevelopment": "13000000", "operatingExpenses": "4866000000", "investmentIncomeNet": "None", "netInterestIncome": "None", "interestIncome": "None", "interestExpense": "669000000", "nonInterestIncome": "None", "otherNonOperatingIncome": "-108000000", "depreciation": "None", "depreciationAndAmortization": "1472000000", "incomeBeforeTax": "1199000000", "incomeTaxExpense": "469000000", "interestAndDebtExpense": "None", "netIncomeFromContinuingOperations": "681000000", "comprehensiveIncomeNetOfTax": "None", "ebit": "1901000000", "ebitda": "3373000000", "netIncome": "663000000"}, {"fiscalDateEnding": "2008-12-31", "reportedCurrency": "USD", "grossProfit": "6087000000", "totalRevenue": "24829000000", "costOfRevenue": "18742000000", "costofGoodsAndServicesSold": "18742000000", "operatingIncome": "1325000000", "sellingGeneralAndAdministrative": "3233000000", "researchAndDevelopment": "22000000", "operatingExpenses": "4762000000", "investmentIncomeNet": "None", "netInterestIncome": "None", "interestIncome": "None", "interestExpense": "572000000", "nonInterestIncome": "None", "otherNonOperatingIncome": "None", "depreciation": "None", "depreciationAndAmortization": "1347000000", "incomeBeforeTax": "-1153000000", "incomeTaxExpense": "162000000", "interestAndDebtExpense": "None", "netIncomeFromContinuingOperations": "None", "comprehensiveIncomeNetOfTax": "None", "ebit": "-581000000", "ebitda": "766000000", "netIncome": "-1282000000"}, {"fiscalDateEnding": "2007-12-31", "reportedCurrency": "USD", "grossProfit": "5830000000", "totalRevenue": "21890000000", "costOfRevenue": "16060000000", "costofGoodsAndServicesSold": "16060000000", "operatingIncome": "1710000000", "sellingGeneralAndAdministrative": "1831000000", "researchAndDevelopment": "24000000", "operatingExpenses": "4120000000", "investmentIncomeNet": "None", "netInterestIncome": "None", "interestIncome": "None", "interestExpense": "297000000", "nonInterestIncome": "None", "otherNonOperatingIncome": "None", "depreciation": "None", "depreciationAndAmortization": "1086000000", "incomeBeforeTax": "1654000000", "incomeTaxExpense": "415000000", "interestAndDebtExpense": "None", "netIncomeFromContinuingOperations": "None", "comprehensiveIncomeNetOfTax": "None", "ebit": "2105000000", "ebitda": "3191000000", "netIncome": "1168000000"}, {"fiscalDateEnding": "2006-12-31", "reportedCurrency": "USD", "grossProfit": "5747000000", "totalRevenue": "21995000000", "costOfRevenue": "16248000000", "costofGoodsAndServicesSold": "16248000000", "operatingIncome": "1451000000", "sellingGeneralAndAdministrative": "1848000000", "researchAndDevelopment": "45000000", "operatingExpenses": "4296000000", "investmentIncomeNet": "None", "netInterestIncome": "None", "interestIncome": "None", "interestExpense": "521000000", "nonInterestIncome": "None", "otherNonOperatingIncome": "None", "depreciation": "None", "depreciationAndAmortization": "1158000000", "incomeBeforeTax": "3188000000", "incomeTaxExpense": "1889000000", "interestAndDebtExpense": "None", "netIncomeFromContinuingOperations": "None", "comprehensiveIncomeNetOfTax": "None", "ebit": "3845000000", "ebitda": "5003000000", "netIncome": "1050000000"}, {"fiscalDateEnding": "2005-12-31", "reportedCurrency": "USD", "grossProfit": "5958000000", "totalRevenue": "24097000000", "costOfRevenue": "18139000000", "costofGoodsAndServicesSold": "18139000000", "operatingIncome": "1386000000", "sellingGeneralAndAdministrative": "1876000000", "researchAndDevelopment": "63000000", "operatingExpenses": "4572000000", "investmentIncomeNet": "None", "netInterestIncome": "None", "interestIncome": "None", "interestExpense": "593000000", "nonInterestIncome": "None", "otherNonOperatingIncome": "None", "depreciation": "None", "depreciationAndAmortization": "1376000000", "incomeBeforeTax": "586000000", "incomeTaxExpense": "-285000000", "interestAndDebtExpense": "None", "netIncomeFromContinuingOperations": "None", "comprehensiveIncomeNetOfTax": "None", "ebit": "865000000", "ebitda": "2241000000", "netIncome": "1100000000"}], "quarterlyReports": [{"fiscalDateEnding": "2024-12-31", "reportedCurrency": "USD", "grossProfit": "1330000000", "totalRevenue": "4580000000", "costOfRevenue": "3250000000", "costofGoodsAndServicesSold": "3250000000", "operatingIncome": "29000000", "sellingGeneralAndAdministrative": "445000000", "researchAndDevelopment": "None", "operatingExpenses": "1402000000", "investmentIncomeNet": "None", "netInterestIncome": "-56000000", "interestIncome": "52000000", "interestExpense": "56000000", "nonInterestIncome": "None", "otherNonOperatingIncome": "None", "depreciation": "None", "depreciationAndAmortization": "499000000", "incomeBeforeTax": "-224000000", "incomeTaxExpense": "-78000000", "interestAndDebtExpense": "None", "netIncomeFromContinuingOperations": "-147000000", "comprehensiveIncomeNetOfTax": "None", "ebit": "-116000000", "ebitda": "383000000", "netIncome": "-147000000"}, {"fiscalDateEnding": "2024-09-30", "reportedCurrency": "USD", "grossProfit": "1344000000", "totalRevenue": "4686000000", "costOfRevenue": "3342000000", "costofGoodsAndServicesSold": "3342000000", "operatingIncome": "150000000", "sellingGeneralAndAdministrative": "508000000", "researchAndDevelopment": "None", "operatingExpenses": "1344000000", "investmentIncomeNet": "None", "netInterestIncome": "-51000000", "interestIncome": "55000000", "interestExpense": "51000000", "nonInterestIncome": "None", "otherNonOperatingIncome": "None", "depreciation": "None", "depreciationAndAmortization": "267000000", "incomeBeforeTax": "80000000", "incomeTaxExpense": "-71000000", "interestAndDebtExpense": "None", "netIncomeFromContinuingOperations": "150000000", "comprehensiveIncomeNetOfTax": "None", "ebit": "186000000", "ebitda": "453000000", "netIncome": "150000000"}, {"fiscalDateEnding": "2024-06-30", "reportedCurrency": "USD", "grossProfit": "1113000000", "totalRevenue": "4734000000", "costOfRevenue": "3621000000", "costofGoodsAndServicesSold": "3621000000", "operatingIncome": "246000000", "sellingGeneralAndAdministrative": "453000000", "researchAndDevelopment": "None", "operatingExpenses": "867000000", "investmentIncomeNet": "None", "netInterestIncome": "-55000000", "interestIncome": "52000000", "interestExpense": "107000000", "nonInterestIncome": "None", "otherNonOperatingIncome": "None", "depreciation": "None", "depreciationAndAmortization": "280000000", "incomeBeforeTax": "206000000", "incomeTaxExpense": "-293000000", "interestAndDebtExpense": "None", "netIncomeFromContinuingOperations": "498000000", "comprehensiveIncomeNetOfTax": "None", "ebit": "313000000", "ebitda": "593000000", "netIncome": "498000000"}, {"fiscalDateEnding": "2024-03-31", "reportedCurrency": "USD", "grossProfit": "922000000", "totalRevenue": "4619000000", "costOfRevenue": "3697000000", "costofGoodsAndServicesSold": "3697000000", "operatingIncome": "132000000", "sellingGeneralAndAdministrative": "358000000", "researchAndDevelopment": "None", "operatingExpenses": "790000000", "investmentIncomeNet": "None", "netInterestIncome": "-46000000", "interestIncome": "63000000", "interestExpense": "109000000", "nonInterestIncome": "None", "otherNonOperatingIncome": "None", "depreciation": "None", "depreciationAndAmortization": "273000000", "incomeBeforeTax": "85000000", "incomeTaxExpense": "27000000", "interestAndDebtExpense": "None", "netIncomeFromContinuingOperations": "56000000", "comprehensiveIncomeNetOfTax": "None", "ebit": "194000000", "ebitda": "467000000", "netIncome": "56000000"}, {"fiscalDateEnding": "2023-12-31", "reportedCurrency": "USD", "grossProfit": "637000000", "totalRevenue": "4601000000", "costOfRevenue": "3964000000", "costofGoodsAndServicesSold": "3964000000", "operatingIncome": "-154000000", "sellingGeneralAndAdministrative": "357000000", "researchAndDevelopment": "None", "operatingExpenses": "791000000", "investmentIncomeNet": "None", "netInterestIncome": "-52000000", "interestIncome": "58000000", "interestExpense": "58000000", "nonInterestIncome": "None", "otherNonOperatingIncome": "None", "depreciation": "None", "depreciationAndAmortization": "696000000", "incomeBeforeTax": "-326000000", "incomeTaxExpense": "-61000000", "interestAndDebtExpense": "None", "netIncomeFromContinuingOperations": "-284000000", "comprehensiveIncomeNetOfTax": "None", "ebit": "-216000000", "ebitda": "480000000", "netIncome": "-284000000"}, {"fiscalDateEnding": "2023-09-30", "reportedCurrency": "USD", "grossProfit": "1268000000", "totalRevenue": "4613000000", "costOfRevenue": "3345000000", "costofGoodsAndServicesSold": "3345000000", "operatingIncome": "192000000", "sellingGeneralAndAdministrative": "96000000", "researchAndDevelopment": "None", "operatingExpenses": "965000000", "investmentIncomeNet": "None", "netInterestIncome": "-58000000", "interestIncome": "47000000", "interestExpense": "58000000", "nonInterestIncome": "None", "otherNonOperatingIncome": "None", "depreciation": "None", "depreciationAndAmortization": "258000000", "incomeBeforeTax": "232000000", "incomeTaxExpense": "39000000", "interestAndDebtExpense": "None", "netIncomeFromContinuingOperations": "192000000", "comprehensiveIncomeNetOfTax": "None", "ebit": "290000000", "ebitda": "548000000", "netIncome": "165000000"}, {"fiscalDateEnding": "2023-06-30", "reportedCurrency": "USD", "grossProfit": "1322000000", "totalRevenue": "4682000000", "costOfRevenue": "3360000000", "costofGoodsAndServicesSold": "3360000000", "operatingIncome": "222000000", "sellingGeneralAndAdministrative": "40000000", "researchAndDevelopment": "None", "operatingExpenses": "996000000", "investmentIncomeNet": "None", "netInterestIncome": "-59000000", "interestIncome": "59000000", "interestExpense": "59000000", "nonInterestIncome": "None", "otherNonOperatingIncome": "None", "depreciation": "None", "depreciationAndAmortization": "244000000", "incomeBeforeTax": "255000000", "incomeTaxExpense": "33000000", "interestAndDebtExpense": "None", "netIncomeFromContinuingOperations": "222000000", "comprehensiveIncomeNetOfTax": "None", "ebit": "314000000", "ebitda": "558000000", "netIncome": "235000000"}, {"fiscalDateEnding": "2023-03-31", "reportedCurrency": "USD", "grossProfit": "1378000000", "totalRevenue": "5020000000", "costOfRevenue": "3642000000", "costofGoodsAndServicesSold": "3642000000", "operatingIncome": "283000000", "sellingGeneralAndAdministrative": "381000000", "researchAndDevelopment": "None", "operatingExpenses": "1080000000", "investmentIncomeNet": "None", "netInterestIncome": "-62000000", "interestIncome": "41000000", "interestExpense": "62000000", "nonInterestIncome": "None", "otherNonOperatingIncome": "-1000000", "depreciation": "None", "depreciationAndAmortization": "241000000", "incomeBeforeTax": "221000000", "incomeTaxExpense": "48000000", "interestAndDebtExpense": "None", "netIncomeFromContinuingOperations": "172000000", "comprehensiveIncomeNetOfTax": "None", "ebit": "283000000", "ebitda": "524000000", "netIncome": "172000000"}, {"fiscalDateEnding": "2022-12-31", "reportedCurrency": "USD", "grossProfit": "1465000000", "totalRevenue": "5133000000", "costOfRevenue": "3668000000", "costofGoodsAndServicesSold": "3668000000", "operatingIncome": "453000000", "sellingGeneralAndAdministrative": "131000000", "researchAndDevelopment": "None", "operatingExpenses": "1050000000", "investmentIncomeNet": "None", "netInterestIncome": "-59000000", "interestIncome": "69000000", "interestExpense": "59000000", "nonInterestIncome": "None", "otherNonOperatingIncome": "-265000000", "depreciation": "None", "depreciationAndAmortization": "299000000", "incomeBeforeTax": "322000000", "incomeTaxExpense": "148000000", "interestAndDebtExpense": "None", "netIncomeFromContinuingOperations": "171000000", "comprehensiveIncomeNetOfTax": "None", "ebit": "405000000", "ebitda": "704000000", "netIncome": "174000000"}, {"fiscalDateEnding": "2022-09-30", "reportedCurrency": "USD", "grossProfit": "1572000000", "totalRevenue": "5402000000", "costOfRevenue": "3830000000", "costofGoodsAndServicesSold": "3830000000", "operatingIncome": "513000000", "sellingGeneralAndAdministrative": "846000000", "researchAndDevelopment": "None", "operatingExpenses": "1107000000", "investmentIncomeNet": "None", "netInterestIncome": "-123000000", "interestIncome": "27000000", "interestExpense": "123000000", "nonInterestIncome": "None", "otherNonOperatingIncome": "63000000", "depreciation": "None", "depreciationAndAmortization": "261000000", "incomeBeforeTax": "313000000", "incomeTaxExpense": "-575000000", "interestAndDebtExpense": "None", "netIncomeFromContinuingOperations": "951000000", "comprehensiveIncomeNetOfTax": "None", "ebit": "513000000", "ebitda": "774000000", "netIncome": "951000000"}, {"fiscalDateEnding": "2022-06-30", "reportedCurrency": "USD", "grossProfit": "1583000000", "totalRevenue": "5389000000", "costOfRevenue": "3806000000", "costofGoodsAndServicesSold": "3806000000", "operatingIncome": "585000000", "sellingGeneralAndAdministrative": "778000000", "researchAndDevelopment": "None", "operatingExpenses": "1045000000", "investmentIncomeNet": "None", "netInterestIncome": "-74000000", "interestIncome": "9000000", "interestExpense": "74000000", "nonInterestIncome": "None", "otherNonOperatingIncome": "93000000", "depreciation": "None", "depreciationAndAmortization": "267000000", "incomeBeforeTax": "514000000", "incomeTaxExpense": "96000000", "interestAndDebtExpense": "None", "netIncomeFromContinuingOperations": "511000000", "comprehensiveIncomeNetOfTax": "None", "ebit": "585000000", "ebitda": "852000000", "netIncome": "511000000"}, {"fiscalDateEnding": "2022-03-31", "reportedCurrency": "USD", "grossProfit": "1398000000", "totalRevenue": "5237000000", "costOfRevenue": "3839000000", "costofGoodsAndServicesSold": "3839000000", "operatingIncome": "385000000", "sellingGeneralAndAdministrative": "801000000", "researchAndDevelopment": "None", "operatingExpenses": "1062000000", "investmentIncomeNet": "None", "netInterestIncome": "-69000000", "interestIncome": "8000000", "interestExpense": "69000000", "nonInterestIncome": "None", "otherNonOperatingIncome": "93000000", "depreciation": "None", "depreciationAndAmortization": "261000000", "incomeBeforeTax": "362000000", "incomeTaxExpense": "95000000", "interestAndDebtExpense": "None", "netIncomeFromContinuingOperations": "360000000", "comprehensiveIncomeNetOfTax": "None", "ebit": "385000000", "ebitda": "646000000", "netIncome": "267000000"}, {"fiscalDateEnding": "2021-12-31", "reportedCurrency": "USD", "grossProfit": "1427000000", "totalRevenue": "5086000000", "costOfRevenue": "3659000000", "costofGoodsAndServicesSold": "3659000000", "operatingIncome": "20000000", "sellingGeneralAndAdministrative": "377000000", "researchAndDevelopment": "None", "operatingExpenses": "1056000000", "investmentIncomeNet": "None", "netInterestIncome": "-76000000", "interestIncome": "108000000", "interestExpense": "76000000", "nonInterestIncome": "None", "otherNonOperatingIncome": "-381000000", "depreciation": "None", "depreciationAndAmortization": "277000000", "incomeBeforeTax": "44000000", "incomeTaxExpense": "-5000000", "interestAndDebtExpense": "None", "netIncomeFromContinuingOperations": "115000000", "comprehensiveIncomeNetOfTax": "None", "ebit": "119000000", "ebitda": "396000000", "netIncome": "107000000"}, {"fiscalDateEnding": "2021-09-30", "reportedCurrency": "USD", "grossProfit": "1790000000", "totalRevenue": "5714000000", "costOfRevenue": "3924000000", "costofGoodsAndServicesSold": "3924000000", "operatingIncome": "550000000", "sellingGeneralAndAdministrative": "880000000", "researchAndDevelopment": "None", "operatingExpenses": "1240000000", "investmentIncomeNet": "None", "netInterestIncome": "-93000000", "interestIncome": "92000000", "interestExpense": "93000000", "nonInterestIncome": "None", "otherNonOperatingIncome": "541000000", "depreciation": "None", "depreciationAndAmortization": "318000000", "incomeBeforeTax": "916000000", "incomeTaxExpense": "146000000", "interestAndDebtExpense": "None", "netIncomeFromContinuingOperations": "864000000", "comprehensiveIncomeNetOfTax": "None", "ebit": "518000000", "ebitda": "836000000", "netIncome": "864000000"}, {"fiscalDateEnding": "2021-06-30", "reportedCurrency": "USD", "grossProfit": "1703000000", "totalRevenue": "5616000000", "costOfRevenue": "3913000000", "costofGoodsAndServicesSold": "3913000000", "operatingIncome": "472000000", "sellingGeneralAndAdministrative": "880000000", "researchAndDevelopment": "None", "operatingExpenses": "1231000000", "investmentIncomeNet": "None", "netInterestIncome": "-57000000", "interestIncome": "60000000", "interestExpense": "57000000", "nonInterestIncome": "None", "otherNonOperatingIncome": "243000000", "depreciation": "None", "depreciationAndAmortization": "306000000", "incomeBeforeTax": "432000000", "incomeTaxExpense": "102000000", "interestAndDebtExpense": "None", "netIncomeFromContinuingOperations": "434000000", "comprehensiveIncomeNetOfTax": "None", "ebit": "549000000", "ebitda": "855000000", "netIncome": "432000000"}, {"fiscalDateEnding": "2021-03-31", "reportedCurrency": "USD", "grossProfit": "1516000000", "totalRevenue": "5363000000", "costOfRevenue": "3847000000", "costofGoodsAndServicesSold": "3847000000", "operatingIncome": "396000000", "sellingGeneralAndAdministrative": "361000000", "researchAndDevelopment": "None", "operatingExpenses": "1120000000", "investmentIncomeNet": "None", "netInterestIncome": "-92000000", "interestIncome": "32000000", "interestExpense": "92000000", "nonInterestIncome": "None", "otherNonOperatingIncome": "121000000", "depreciation": "None", "depreciationAndAmortization": "309000000", "incomeBeforeTax": "399000000", "incomeTaxExpense": "99000000", "interestAndDebtExpense": "None", "netIncomeFromContinuingOperations": "300000000", "comprehensiveIncomeNetOfTax": "None", "ebit": "523000000", "ebitda": "832000000", "netIncome": "349000000"}, {"fiscalDateEnding": "2020-12-31", "reportedCurrency": "USD", "grossProfit": "1580000000", "totalRevenue": "5239000000", "costOfRevenue": "3659000000", "costofGoodsAndServicesSold": "3659000000", "operatingIncome": "394000000", "sellingGeneralAndAdministrative": "410000000", "researchAndDevelopment": "None", "operatingExpenses": "1186000000", "investmentIncomeNet": "None", "netInterestIncome": "-99000000", "interestIncome": "99000000", "interestExpense": "99000000", "nonInterestIncome": "None", "otherNonOperatingIncome": "-54000000", "depreciation": "None", "depreciationAndAmortization": "332000000", "incomeBeforeTax": "123000000", "incomeTaxExpense": "34000000", "interestAndDebtExpense": "None", "netIncomeFromContinuingOperations": "166000000", "comprehensiveIncomeNetOfTax": "None", "ebit": "256000000", "ebitda": "588000000", "netIncome": "153000000"}, {"fiscalDateEnding": "2020-09-30", "reportedCurrency": "USD", "grossProfit": "1582000000", "totalRevenue": "5123000000", "costOfRevenue": "3541000000", "costofGoodsAndServicesSold": "3541000000", "operatingIncome": "481000000", "sellingGeneralAndAdministrative": "360000000", "researchAndDevelopment": "None", "operatingExpenses": "1101000000", "investmentIncomeNet": "None", "netInterestIncome": "-112000000", "interestIncome": "110000000", "interestExpense": "112000000", "nonInterestIncome": "None", "otherNonOperatingIncome": "-21000000", "depreciation": "None", "depreciationAndAmortization": "320000000", "incomeBeforeTax": "282000000", "incomeTaxExpense": "50000000", "interestAndDebtExpense": "None", "netIncomeFromContinuingOperations": "232000000", "comprehensiveIncomeNetOfTax": "None", "ebit": "492000000", "ebitda": "812000000", "netIncome": "204000000"}, {"fiscalDateEnding": "2020-06-30", "reportedCurrency": "USD", "grossProfit": "1439000000", "totalRevenue": "4866000000", "costOfRevenue": "3427000000", "costofGoodsAndServicesSold": "3427000000", "operatingIncome": "389000000", "sellingGeneralAndAdministrative": "332000000", "researchAndDevelopment": "None", "operatingExpenses": "1050000000", "investmentIncomeNet": "None", "netInterestIncome": "-116000000", "interestIncome": "40000000", "interestExpense": "116000000", "nonInterestIncome": "None", "otherNonOperatingIncome": "64000000", "depreciation": "None", "depreciationAndAmortization": "312000000", "incomeBeforeTax": "261000000", "incomeTaxExpense": "67000000", "interestAndDebtExpense": "None", "netIncomeFromContinuingOperations": "194000000", "comprehensiveIncomeNetOfTax": "None", "ebit": "403000000", "ebitda": "715000000", "netIncome": "266000000"}, {"fiscalDateEnding": "2020-03-31", "reportedCurrency": "USD", "grossProfit": "1606000000", "totalRevenue": "5352000000", "costOfRevenue": "3746000000", "costofGoodsAndServicesSold": "3746000000", "operatingIncome": "414000000", "sellingGeneralAndAdministrative": "418000000", "researchAndDevelopment": "None", "operatingExpenses": "1192000000", "investmentIncomeNet": "None", "netInterestIncome": "-117000000", "interestIncome": "46000000", "interestExpense": "117000000", "nonInterestIncome": "None", "otherNonOperatingIncome": "-342000000", "depreciation": "None", "depreciationAndAmortization": "323000000", "incomeBeforeTax": "-16000000", "incomeTaxExpense": "94000000", "interestAndDebtExpense": "None", "netIncomeFromContinuingOperations": "-110000000", "comprehensiveIncomeNetOfTax": "None", "ebit": "420000000", "ebitda": "743000000", "netIncome": "-141000000"}, {"fiscalDateEnding": "2019-12-31", "reportedCurrency": "USD", "grossProfit": "1832000000", "totalRevenue": "5498000000", "costOfRevenue": "3666000000", "costofGoodsAndServicesSold": "3666000000", "operatingIncome": "610000000", "sellingGeneralAndAdministrative": "445000000", "researchAndDevelopment": "None", "operatingExpenses": "1222000000", "investmentIncomeNet": "None", "netInterestIncome": "-113000000", "interestIncome": "55000000", "interestExpense": "113000000", "nonInterestIncome": "None", "otherNonOperatingIncome": "-23000000", "depreciation": "None", "depreciationAndAmortization": "343000000", "incomeBeforeTax": "400000000", "incomeTaxExpense": "263000000", "interestAndDebtExpense": "None", "netIncomeFromContinuingOperations": "166000000", "comprehensiveIncomeNetOfTax": "None", "ebit": "601000000", "ebitda": "944000000", "netIncome": "165000000"}, {"fiscalDateEnding": "2019-09-30", "reportedCurrency": "USD", "grossProfit": "1796000000", "totalRevenue": "5568000000", "costOfRevenue": "3772000000", "costofGoodsAndServicesSold": "3772000000", "operatingIncome": "645000000", "sellingGeneralAndAdministrative": "387000000", "researchAndDevelopment": "None", "operatingExpenses": "1151000000", "investmentIncomeNet": "None", "netInterestIncome": "-123000000", "interestIncome": "54000000", "interestExpense": "123000000", "nonInterestIncome": "None", "otherNonOperatingIncome": "19000000", "depreciation": "None", "depreciationAndAmortization": "327000000", "incomeBeforeTax": "452000000", "incomeTaxExpense": "137000000", "interestAndDebtExpense": "None", "netIncomeFromContinuingOperations": "342000000", "comprehensiveIncomeNetOfTax": "None", "ebit": "629000000", "ebitda": "956000000", "netIncome": "344000000"}, {"fiscalDateEnding": "2019-06-30", "reportedCurrency": "USD", "grossProfit": "1766000000", "totalRevenue": "5667000000", "costOfRevenue": "3901000000", "costofGoodsAndServicesSold": "3901000000", "operatingIncome": "616000000", "sellingGeneralAndAdministrative": "402000000", "researchAndDevelopment": "None", "operatingExpenses": "1150000000", "investmentIncomeNet": "None", "netInterestIncome": "-122000000", "interestIncome": "55000000", "interestExpense": "122000000", "nonInterestIncome": "None", "otherNonOperatingIncome": "-72000000", "depreciation": "None", "depreciationAndAmortization": "321000000", "incomeBeforeTax": "334000000", "incomeTaxExpense": "128000000", "interestAndDebtExpense": "None", "netIncomeFromContinuingOperations": "286000000", "comprehensiveIncomeNetOfTax": "None", "ebit": "608000000", "ebitda": "929000000", "netIncome": "292000000"}, {"fiscalDateEnding": "2019-03-31", "reportedCurrency": "USD", "grossProfit": "1714000000", "totalRevenue": "5643000000", "costOfRevenue": "3929000000", "costofGoodsAndServicesSold": "3929000000", "operatingIncome": "421000000", "sellingGeneralAndAdministrative": "413000000", "researchAndDevelopment": "None", "operatingExpenses": "1160000000", "investmentIncomeNet": "None", "netInterestIncome": "-133000000", "interestIncome": "130000000", "interestExpense": "133000000", "nonInterestIncome": "None", "otherNonOperatingIncome": "121000000", "depreciation": "None", "depreciationAndAmortization": "315000000", "incomeBeforeTax": "418000000", "incomeTaxExpense": "106000000", "interestAndDebtExpense": "None", "netIncomeFromContinuingOperations": "426000000", "comprehensiveIncomeNetOfTax": "None", "ebit": "544000000", "ebitda": "859000000", "netIncome": "424000000"}, {"fiscalDateEnding": "2018-12-31", "reportedCurrency": "USD", "grossProfit": "2153000000", "totalRevenue": "5951000000", "costOfRevenue": "3798000000", "costofGoodsAndServicesSold": "3798000000", "operatingIncome": "927000000", "sellingGeneralAndAdministrative": "446000000", "researchAndDevelopment": "30000000", "operatingExpenses": "1226000000", "investmentIncomeNet": "None", "netInterestIncome": "None", "interestIncome": "None", "interestExpense": "135000000", "nonInterestIncome": "None", "otherNonOperatingIncome": "79000000", "depreciation": "None", "depreciationAndAmortization": "338000000", "incomeBeforeTax": "382000000", "incomeTaxExpense": "143000000", "interestAndDebtExpense": "None", "netIncomeFromContinuingOperations": "318000000", "comprehensiveIncomeNetOfTax": "None", "ebit": "498000000", "ebitda": "836000000", "netIncome": "316000000"}, {"fiscalDateEnding": "2018-09-30", "reportedCurrency": "USD", "grossProfit": "2014000000", "totalRevenue": "5901000000", "costOfRevenue": "3887000000", "costofGoodsAndServicesSold": "3887000000", "operatingIncome": "700000000", "sellingGeneralAndAdministrative": "405000000", "researchAndDevelopment": "0", "operatingExpenses": "1181000000", "investmentIncomeNet": "None", "netInterestIncome": "None", "interestIncome": "None", "interestExpense": "133000000", "nonInterestIncome": "None", "otherNonOperatingIncome": "-30000000", "depreciation": "None", "depreciationAndAmortization": "335000000", "incomeBeforeTax": "553000000", "incomeTaxExpense": "83000000", "interestAndDebtExpense": "None", "netIncomeFromContinuingOperations": "562000000", "comprehensiveIncomeNetOfTax": "None", "ebit": "808000000", "ebitda": "1143000000", "netIncome": "562000000"}, {"fiscalDateEnding": "2018-06-30", "reportedCurrency": "USD", "grossProfit": "1911000000", "totalRevenue": "5833000000", "costOfRevenue": "3922000000", "costofGoodsAndServicesSold": "3922000000", "operatingIncome": "685000000", "sellingGeneralAndAdministrative": "451000000", "researchAndDevelopment": "0", "operatingExpenses": "1226000000", "investmentIncomeNet": "None", "netInterestIncome": "None", "interestIncome": "None", "interestExpense": "133000000", "nonInterestIncome": "None", "otherNonOperatingIncome": "70000000", "depreciation": "None", "depreciationAndAmortization": "330000000", "incomeBeforeTax": "490000000", "incomeTaxExpense": "130000000", "interestAndDebtExpense": "None", "netIncomeFromContinuingOperations": "430000000", "comprehensiveIncomeNetOfTax": "None", "ebit": "649000000", "ebitda": "979000000", "netIncome": "405000000"}, {"fiscalDateEnding": "2018-03-31", "reportedCurrency": "USD", "grossProfit": "1673000000", "totalRevenue": "5621000000", "costOfRevenue": "3948000000", "costofGoodsAndServicesSold": "3948000000", "operatingIncome": "382000000", "sellingGeneralAndAdministrative": "421000000", "researchAndDevelopment": "0", "operatingExpenses": "1156000000", "investmentIncomeNet": "None", "netInterestIncome": "None", "interestIncome": "None", "interestExpense": "135000000", "nonInterestIncome": "None", "otherNonOperatingIncome": "95000000", "depreciation": "None", "depreciationAndAmortization": "325000000", "incomeBeforeTax": "356000000", "incomeTaxExpense": "89000000", "interestAndDebtExpense": "None", "netIncomeFromContinuingOperations": "362000000", "comprehensiveIncomeNetOfTax": "None", "ebit": "513000000", "ebitda": "838000000", "netIncome": "729000000"}, {"fiscalDateEnding": "2017-12-31", "reportedCurrency": "USD", "grossProfit": "1625000000", "totalRevenue": "5711000000", "costOfRevenue": "4086000000", "costofGoodsAndServicesSold": "4086000000", "operatingIncome": "354000000", "sellingGeneralAndAdministrative": "447000000", "researchAndDevelopment": "28000000", "operatingExpenses": "1204000000", "investmentIncomeNet": "None", "netInterestIncome": "None", "interestIncome": "None", "interestExpense": "141000000", "nonInterestIncome": "None", "otherNonOperatingIncome": "61000000", "depreciation": "None", "depreciationAndAmortization": "348000000", "incomeBeforeTax": "197000000", "incomeTaxExpense": "-1207000000", "interestAndDebtExpense": "None", "netIncomeFromContinuingOperations": "1426000000", "comprehensiveIncomeNetOfTax": "None", "ebit": "430000000", "ebitda": "778000000", "netIncome": "1460000000"}, {"fiscalDateEnding": "2017-09-30", "reportedCurrency": "USD", "grossProfit": "1889000000", "totalRevenue": "5913000000", "costOfRevenue": "4024000000", "costofGoodsAndServicesSold": "4024000000", "operatingIncome": "655000000", "sellingGeneralAndAdministrative": "431000000", "researchAndDevelopment": "0", "operatingExpenses": "1234000000", "investmentIncomeNet": "None", "netInterestIncome": "None", "interestIncome": "None", "interestExpense": "152000000", "nonInterestIncome": "None", "otherNonOperatingIncome": "45000000", "depreciation": "None", "depreciationAndAmortization": "373000000", "incomeBeforeTax": "503000000", "incomeTaxExpense": "153000000", "interestAndDebtExpense": "None", "netIncomeFromContinuingOperations": "395000000", "comprehensiveIncomeNetOfTax": "None", "ebit": "701000000", "ebitda": "1074000000", "netIncome": "395000000"}, {"fiscalDateEnding": "2017-06-30", "reportedCurrency": "USD", "grossProfit": "1667000000", "totalRevenue": "5772000000", "costOfRevenue": "4105000000", "costofGoodsAndServicesSold": "4105000000", "operatingIncome": "455000000", "sellingGeneralAndAdministrative": "422000000", "researchAndDevelopment": "0", "operatingExpenses": "1212000000", "investmentIncomeNet": "None", "netInterestIncome": "None", "interestIncome": "None", "interestExpense": "137000000", "nonInterestIncome": "None", "otherNonOperatingIncome": "20000000", "depreciation": "None", "depreciationAndAmortization": "357000000", "incomeBeforeTax": "-29000000", "incomeTaxExpense": "-89000000", "interestAndDebtExpense": "None", "netIncomeFromContinuingOperations": "80000000", "comprehensiveIncomeNetOfTax": "None", "ebit": "157000000", "ebitda": "514000000", "netIncome": "80000000"}, {"fiscalDateEnding": "2017-03-31", "reportedCurrency": "USD", "grossProfit": "1571000000", "totalRevenue": "5511000000", "costOfRevenue": "3940000000", "costofGoodsAndServicesSold": "3940000000", "operatingIncome": "238000000", "sellingGeneralAndAdministrative": "422000000", "researchAndDevelopment": "0", "operatingExpenses": "1191000000", "investmentIncomeNet": "None", "netInterestIncome": "None", "interestIncome": "None", "interestExpense": "142000000", "nonInterestIncome": "None", "otherNonOperatingIncome": "48000000", "depreciation": "None", "depreciationAndAmortization": "345000000", "incomeBeforeTax": "244000000", "incomeTaxExpense": "83000000", "interestAndDebtExpense": "None", "netIncomeFromContinuingOperations": "209000000", "comprehensiveIncomeNetOfTax": "None", "ebit": "431000000", "ebitda": "776000000", "netIncome": "209000000"}, {"fiscalDateEnding": "2016-12-31", "reportedCurrency": "USD", "grossProfit": "1574000000", "totalRevenue": "5381000000", "costOfRevenue": "3807000000", "costofGoodsAndServicesSold": "3807000000", "operatingIncome": "423000000", "sellingGeneralAndAdministrative": "433000000", "researchAndDevelopment": "20000000", "operatingExpenses": "1151000000", "investmentIncomeNet": "None", "netInterestIncome": "None", "interestIncome": "None", "interestExpense": "136000000", "nonInterestIncome": "None", "otherNonOperatingIncome": "-23000000", "depreciation": "None", "depreciationAndAmortization": "328000000", "incomeBeforeTax": "280000000", "incomeTaxExpense": "108000000", "interestAndDebtExpense": "None", "netIncomeFromContinuingOperations": "219000000", "comprehensiveIncomeNetOfTax": "None", "ebit": "462000000", "ebitda": "790000000", "netIncome": "218000000"}, {"fiscalDateEnding": "2016-09-30", "reportedCurrency": "USD", "grossProfit": "1644000000", "totalRevenue": "5266000000", "costOfRevenue": "3622000000", "costofGoodsAndServicesSold": "3622000000", "operatingIncome": "556000000", "sellingGeneralAndAdministrative": "380000000", "researchAndDevelopment": "0", "operatingExpenses": "1088000000", "investmentIncomeNet": "None", "netInterestIncome": "None", "interestIncome": "None", "interestExpense": "132000000", "nonInterestIncome": "None", "otherNonOperatingIncome": "43000000", "depreciation": "None", "depreciationAndAmortization": "314000000", "incomeBeforeTax": "373000000", "incomeTaxExpense": "107000000", "interestAndDebtExpense": "None", "netIncomeFromContinuingOperations": "309000000", "comprehensiveIncomeNetOfTax": "None", "ebit": "556000000", "ebitda": "870000000", "netIncome": "312000000"}, {"fiscalDateEnding": "2016-06-30", "reportedCurrency": "USD", "grossProfit": "1210000000", "totalRevenue": "5322000000", "costOfRevenue": "4112000000", "costofGoodsAndServicesSold": "4112000000", "operatingIncome": "143000000", "sellingGeneralAndAdministrative": "386000000", "researchAndDevelopment": "0", "operatingExpenses": "1067000000", "investmentIncomeNet": "None", "netInterestIncome": "None", "interestIncome": "None", "interestExpense": "129000000", "nonInterestIncome": "None", "otherNonOperatingIncome": "45000000", "depreciation": "None", "depreciationAndAmortization": "301000000", "incomeBeforeTax": "-14000000", "incomeTaxExpense": "-9000000", "interestAndDebtExpense": "None", "netIncomeFromContinuingOperations": "40000000", "comprehensiveIncomeNetOfTax": "None", "ebit": "143000000", "ebitda": "444000000", "netIncome": "40000000"}, {"fiscalDateEnding": "2016-03-31", "reportedCurrency": "USD", "grossProfit": "1499000000", "totalRevenue": "5110000000", "costOfRevenue": "3611000000", "costofGoodsAndServicesSold": "3611000000", "operatingIncome": "355000000", "sellingGeneralAndAdministrative": "376000000", "researchAndDevelopment": "0", "operatingExpenses": "1021000000", "investmentIncomeNet": "None", "netInterestIncome": "None", "interestIncome": "None", "interestExpense": "123000000", "nonInterestIncome": "None", "otherNonOperatingIncome": "63000000", "depreciation": "None", "depreciationAndAmortization": "284000000", "incomeBeforeTax": "317000000", "incomeTaxExpense": "41000000", "interestAndDebtExpense": "None", "netIncomeFromContinuingOperations": "339000000", "comprehensiveIncomeNetOfTax": "None", "ebit": "478000000", "ebitda": "762000000", "netIncome": "334000000"}, {"fiscalDateEnding": "2015-12-31", "reportedCurrency": "USD", "grossProfit": "1678000000", "totalRevenue": "5443000000", "costOfRevenue": "3765000000", "costofGoodsAndServicesSold": "3765000000", "operatingIncome": "556000000", "sellingGeneralAndAdministrative": "419000000", "researchAndDevelopment": "27000000", "operatingExpenses": "1122000000", "investmentIncomeNet": "None", "netInterestIncome": "None", "interestIncome": "None", "interestExpense": "133000000", "nonInterestIncome": "None", "otherNonOperatingIncome": "33000000", "depreciation": "None", "depreciationAndAmortization": "314000000", "incomeBeforeTax": "265000000", "incomeTaxExpense": "120000000", "interestAndDebtExpense": "None", "netIncomeFromContinuingOperations": "178000000", "comprehensiveIncomeNetOfTax": "None", "ebit": "572000000", "ebitda": "886000000", "netIncome": "178000000"}, {"fiscalDateEnding": "2015-09-30", "reportedCurrency": "USD", "grossProfit": "1800000000", "totalRevenue": "5691000000", "costOfRevenue": "3891000000", "costofGoodsAndServicesSold": "3891000000", "operatingIncome": "681000000", "sellingGeneralAndAdministrative": "417000000", "researchAndDevelopment": "0", "operatingExpenses": "1119000000", "investmentIncomeNet": "None", "netInterestIncome": "None", "interestIncome": "None", "interestExpense": "141000000", "nonInterestIncome": "None", "otherNonOperatingIncome": "-13000000", "depreciation": "None", "depreciationAndAmortization": "329000000", "incomeBeforeTax": "329000000", "incomeTaxExpense": "106000000", "interestAndDebtExpense": "None", "netIncomeFromContinuingOperations": "210000000", "comprehensiveIncomeNetOfTax": "None", "ebit": "681000000", "ebitda": "1010000000", "netIncome": "220000000"}, {"fiscalDateEnding": "2015-06-30", "reportedCurrency": "USD", "grossProfit": "1746000000", "totalRevenue": "5714000000", "costOfRevenue": "3968000000", "costofGoodsAndServicesSold": "3968000000", "operatingIncome": "604000000", "sellingGeneralAndAdministrative": "403000000", "researchAndDevelopment": "0", "operatingExpenses": "1142000000", "investmentIncomeNet": "None", "netInterestIncome": "None", "interestIncome": "None", "interestExpense": "144000000", "nonInterestIncome": "None", "otherNonOperatingIncome": "62000000", "depreciation": "None", "depreciationAndAmortization": "328000000", "incomeBeforeTax": "266000000", "incomeTaxExpense": "110000000", "interestAndDebtExpense": "None", "netIncomeFromContinuingOperations": "218000000", "comprehensiveIncomeNetOfTax": "None", "ebit": "604000000", "ebitda": "932000000", "netIncome": "227000000"}, {"fiscalDateEnding": "2015-03-31", "reportedCurrency": "USD", "grossProfit": "1673000000", "totalRevenue": "5517000000", "costOfRevenue": "3844000000", "costofGoodsAndServicesSold": "3844000000", "operatingIncome": "543000000", "sellingGeneralAndAdministrative": "406000000", "researchAndDevelopment": "0", "operatingExpenses": "1130000000", "investmentIncomeNet": "None", "netInterestIncome": "None", "interestIncome": "None", "interestExpense": "137000000", "nonInterestIncome": "None", "otherNonOperatingIncome": "35000000", "depreciation": "None", "depreciationAndAmortization": "323000000", "incomeBeforeTax": "406000000", "incomeTaxExpense": "130000000", "interestAndDebtExpense": "None", "netIncomeFromContinuingOperations": "311000000", "comprehensiveIncomeNetOfTax": "None", "ebit": "543000000", "ebitda": "866000000", "netIncome": "313000000"}, {"fiscalDateEnding": "2014-12-31", "reportedCurrency": "USD", "grossProfit": "1838000000", "totalRevenue": "5943000000", "costOfRevenue": "4105000000", "costofGoodsAndServicesSold": "4105000000", "operatingIncome": "603000000", "sellingGeneralAndAdministrative": "462000000", "researchAndDevelopment": "16000000", "operatingExpenses": "1235000000", "investmentIncomeNet": "None", "netInterestIncome": "None", "interestIncome": "None", "interestExpense": "142000000", "nonInterestIncome": "None", "otherNonOperatingIncome": "-136000000", "depreciation": "None", "depreciationAndAmortization": "346000000", "incomeBeforeTax": "307000000", "incomeTaxExpense": "34000000", "interestAndDebtExpense": "None", "netIncomeFromContinuingOperations": "152000000", "comprehensiveIncomeNetOfTax": "None", "ebit": "472000000", "ebitda": "818000000", "netIncome": "134000000"}, {"fiscalDateEnding": "2014-09-30", "reportedCurrency": "USD", "grossProfit": "1996000000", "totalRevenue": "6051000000", "costOfRevenue": "4055000000", "costofGoodsAndServicesSold": "4055000000", "operatingIncome": "734000000", "sellingGeneralAndAdministrative": "467000000", "researchAndDevelopment": "0", "operatingExpenses": "1262000000", "investmentIncomeNet": "None", "netInterestIncome": "None", "interestIncome": "None", "interestExpense": "158000000", "nonInterestIncome": "None", "otherNonOperatingIncome": "-72000000", "depreciation": "None", "depreciationAndAmortization": "357000000", "incomeBeforeTax": "552000000", "incomeTaxExpense": "147000000", "interestAndDebtExpense": "None", "netIncomeFromContinuingOperations": "333000000", "comprehensiveIncomeNetOfTax": "None", "ebit": "725000000", "ebitda": "1082000000", "netIncome": "355000000"}, {"fiscalDateEnding": "2014-06-30", "reportedCurrency": "USD", "grossProfit": "1985000000", "totalRevenue": "7213000000", "costOfRevenue": "5228000000", "costofGoodsAndServicesSold": "5228000000", "operatingIncome": "637000000", "sellingGeneralAndAdministrative": "527000000", "researchAndDevelopment": "0", "operatingExpenses": "1348000000", "investmentIncomeNet": "None", "netInterestIncome": "None", "interestIncome": "None", "interestExpense": "165000000", "nonInterestIncome": "None", "otherNonOperatingIncome": "41000000", "depreciation": "None", "depreciationAndAmortization": "359000000", "incomeBeforeTax": "148000000", "incomeTaxExpense": "28000000", "interestAndDebtExpense": "None", "netIncomeFromContinuingOperations": "161000000", "comprehensiveIncomeNetOfTax": "None", "ebit": "328000000", "ebitda": "687000000", "netIncome": "161000000"}, {"fiscalDateEnding": "2014-03-31", "reportedCurrency": "USD", "grossProfit": "1839000000", "totalRevenue": "7014000000", "costOfRevenue": "5175000000", "costofGoodsAndServicesSold": "5175000000", "operatingIncome": "512000000", "sellingGeneralAndAdministrative": "528000000", "researchAndDevelopment": "0", "operatingExpenses": "1327000000", "investmentIncomeNet": "None", "netInterestIncome": "None", "interestIncome": "None", "interestExpense": "142000000", "nonInterestIncome": "None", "otherNonOperatingIncome": "-33000000", "depreciation": "None", "depreciationAndAmortization": "352000000", "incomeBeforeTax": "-147000000", "incomeTaxExpense": "-83000000", "interestAndDebtExpense": "None", "netIncomeFromContinuingOperations": "-97000000", "comprehensiveIncomeNetOfTax": "None", "ebit": "512000000", "ebitda": "864000000", "netIncome": "-95000000"}, {"fiscalDateEnding": "2013-12-31", "reportedCurrency": "USD", "grossProfit": "1973000000", "totalRevenue": "7249000000", "costOfRevenue": "5276000000", "costofGoodsAndServicesSold": "5276000000", "operatingIncome": "586000000", "sellingGeneralAndAdministrative": "551000000", "researchAndDevelopment": "18000000", "operatingExpenses": "1387000000", "investmentIncomeNet": "None", "netInterestIncome": "None", "interestIncome": "None", "interestExpense": "133000000", "nonInterestIncome": "None", "otherNonOperatingIncome": "-25000000", "depreciation": "None", "depreciationAndAmortization": "371000000", "incomeBeforeTax": "-155000000", "incomeTaxExpense": "-589000000", "interestAndDebtExpense": "None", "netIncomeFromContinuingOperations": "425000000", "comprehensiveIncomeNetOfTax": "None", "ebit": "586000000", "ebitda": "957000000", "netIncome": "436000000"}, {"fiscalDateEnding": "2013-09-30", "reportedCurrency": "USD", "grossProfit": "2093000000", "totalRevenue": "7406000000", "costOfRevenue": "5313000000", "costofGoodsAndServicesSold": "5313000000", "operatingIncome": "635000000", "sellingGeneralAndAdministrative": "572000000", "researchAndDevelopment": "0", "operatingExpenses": "1458000000", "investmentIncomeNet": "None", "netInterestIncome": "None", "interestIncome": "None", "interestExpense": "147000000", "nonInterestIncome": "None", "otherNonOperatingIncome": "16000000", "depreciation": "None", "depreciationAndAmortization": "401000000", "incomeBeforeTax": "411000000", "incomeTaxExpense": "41000000", "interestAndDebtExpense": "None", "netIncomeFromContinuingOperations": "386000000", "comprehensiveIncomeNetOfTax": "None", "ebit": "565000000", "ebitda": "966000000", "netIncome": "382000000"}, {"fiscalDateEnding": "2013-06-30", "reportedCurrency": "USD", "grossProfit": "1921000000", "totalRevenue": "7335000000", "costOfRevenue": "5414000000", "costofGoodsAndServicesSold": "5414000000", "operatingIncome": "514000000", "sellingGeneralAndAdministrative": "515000000", "researchAndDevelopment": "0", "operatingExpenses": "1407000000", "investmentIncomeNet": "None", "netInterestIncome": "None", "interestIncome": "None", "interestExpense": "168000000", "nonInterestIncome": "None", "otherNonOperatingIncome": "-36000000", "depreciation": "None", "depreciationAndAmortization": "396000000", "incomeBeforeTax": "363000000", "incomeTaxExpense": "94000000", "interestAndDebtExpense": "None", "netIncomeFromContinuingOperations": "233000000", "comprehensiveIncomeNetOfTax": "None", "ebit": "544000000", "ebitda": "940000000", "netIncome": "259000000"}, {"fiscalDateEnding": "2013-03-31", "reportedCurrency": "USD", "grossProfit": "1870000000", "totalRevenue": "7090000000", "costOfRevenue": "5220000000", "costofGoodsAndServicesSold": "5220000000", "operatingIncome": "289000000", "sellingGeneralAndAdministrative": "567000000", "researchAndDevelopment": "0", "operatingExpenses": "1417000000", "investmentIncomeNet": "None", "netInterestIncome": "None", "interestIncome": "None", "interestExpense": "164000000", "nonInterestIncome": "None", "otherNonOperatingIncome": "-10000000", "depreciation": "None", "depreciationAndAmortization": "379000000", "incomeBeforeTax": "230000000", "incomeTaxExpense": "-69000000", "interestAndDebtExpense": "None", "netIncomeFromContinuingOperations": "289000000", "comprehensiveIncomeNetOfTax": "None", "ebit": "407000000", "ebitda": "786000000", "netIncome": "318000000"}, {"fiscalDateEnding": "2012-12-31", "reportedCurrency": "USD", "grossProfit": "1882000000", "totalRevenue": "7075000000", "costOfRevenue": "5193000000", "costofGoodsAndServicesSold": "5193000000", "operatingIncome": "474000000", "sellingGeneralAndAdministrative": "578000000", "researchAndDevelopment": "13000000", "operatingExpenses": "1408000000", "investmentIncomeNet": "None", "netInterestIncome": "None", "interestIncome": "None", "interestExpense": "169000000", "nonInterestIncome": "None", "otherNonOperatingIncome": "-84000000", "depreciation": "None", "depreciationAndAmortization": "375000000", "incomeBeforeTax": "287000000", "incomeTaxExpense": "74000000", "interestAndDebtExpense": "None", "netIncomeFromContinuingOperations": "222000000", "comprehensiveIncomeNetOfTax": "None", "ebit": "474000000", "ebitda": "849000000", "netIncome": "235000000"}, {"fiscalDateEnding": "2012-09-30", "reportedCurrency": "USD", "grossProfit": "1886000000", "totalRevenue": "7026000000", "costOfRevenue": "5140000000", "costofGoodsAndServicesSold": "5140000000", "operatingIncome": "534000000", "sellingGeneralAndAdministrative": "930000000", "researchAndDevelopment": "0", "operatingExpenses": "1352000000", "investmentIncomeNet": "None", "netInterestIncome": "None", "interestIncome": "None", "interestExpense": "163000000", "nonInterestIncome": "None", "otherNonOperatingIncome": "34000000", "depreciation": "None", "depreciationAndAmortization": "383000000", "incomeBeforeTax": "320000000", "incomeTaxExpense": "130000000", "interestAndDebtExpense": "None", "netIncomeFromContinuingOperations": "224000000", "comprehensiveIncomeNetOfTax": "None", "ebit": "517000000", "ebitda": "900000000", "netIncome": "237000000"}, {"fiscalDateEnding": "2012-06-30", "reportedCurrency": "USD", "grossProfit": "1807000000", "totalRevenue": "7077000000", "costOfRevenue": "5270000000", "costofGoodsAndServicesSold": "5270000000", "operatingIncome": "475000000", "sellingGeneralAndAdministrative": "474000000", "researchAndDevelopment": "0", "operatingExpenses": "1332000000", "investmentIncomeNet": "None", "netInterestIncome": "None", "interestIncome": "None", "interestExpense": "172000000", "nonInterestIncome": "None", "otherNonOperatingIncome": "-26000000", "depreciation": "None", "depreciationAndAmortization": "367000000", "incomeBeforeTax": "204000000", "incomeTaxExpense": "57000000", "interestAndDebtExpense": "None", "netIncomeFromContinuingOperations": "121000000", "comprehensiveIncomeNetOfTax": "None", "ebit": "382000000", "ebitda": "749000000", "netIncome": "134000000"}, {"fiscalDateEnding": "2012-03-31", "reportedCurrency": "USD", "grossProfit": "1671000000", "totalRevenue": "6655000000", "costOfRevenue": "4984000000", "costofGoodsAndServicesSold": "4984000000", "operatingIncome": "408000000", "sellingGeneralAndAdministrative": "513000000", "researchAndDevelopment": "0", "operatingExpenses": "1263000000", "investmentIncomeNet": "None", "netInterestIncome": "None", "interestIncome": "None", "interestExpense": "168000000", "nonInterestIncome": "None", "otherNonOperatingIncome": "51000000", "depreciation": "None", "depreciationAndAmortization": "361000000", "incomeBeforeTax": "213000000", "incomeTaxExpense": "70000000", "interestAndDebtExpense": "None", "netIncomeFromContinuingOperations": "187000000", "comprehensiveIncomeNetOfTax": "None", "ebit": "397000000", "ebitda": "758000000", "netIncome": "188000000"}, {"fiscalDateEnding": "2011-12-31", "reportedCurrency": "USD", "grossProfit": "1705000000", "totalRevenue": "6367000000", "costOfRevenue": "4662000000", "costofGoodsAndServicesSold": "4662000000", "operatingIncome": "790000000", "sellingGeneralAndAdministrative": "778000000", "researchAndDevelopment": "13000000", "operatingExpenses": "915000000", "investmentIncomeNet": "None", "netInterestIncome": "None", "interestIncome": "None", "interestExpense": "138000000", "nonInterestIncome": "None", "otherNonOperatingIncome": "-211000000", "depreciation": "None", "depreciationAndAmortization": "321000000", "incomeBeforeTax": "416000000", "incomeTaxExpense": "154000000", "interestAndDebtExpense": "None", "netIncomeFromContinuingOperations": "261000000", "comprehensiveIncomeNetOfTax": "None", "ebit": "874000000", "ebitda": "1195000000", "netIncome": "257000000"}, {"fiscalDateEnding": "2011-09-30", "reportedCurrency": "USD", "grossProfit": "1839000000", "totalRevenue": "6632000000", "costOfRevenue": "4793000000", "costofGoodsAndServicesSold": "4793000000", "operatingIncome": "560000000", "sellingGeneralAndAdministrative": "829000000", "researchAndDevelopment": "0", "operatingExpenses": "1197000000", "investmentIncomeNet": "None", "netInterestIncome": "None", "interestIncome": "None", "interestExpense": "130000000", "nonInterestIncome": "None", "otherNonOperatingIncome": "50000000", "depreciation": "None", "depreciationAndAmortization": "335000000", "incomeBeforeTax": "381000000", "incomeTaxExpense": "-84000000", "interestAndDebtExpense": "None", "netIncomeFromContinuingOperations": "515000000", "comprehensiveIncomeNetOfTax": "None", "ebit": "642000000", "ebitda": "977000000", "netIncome": "518000000"}, {"fiscalDateEnding": "2011-06-30", "reportedCurrency": "USD", "grossProfit": "1768000000", "totalRevenue": "6648000000", "costOfRevenue": "4880000000", "costofGoodsAndServicesSold": "4880000000", "operatingIncome": "549000000", "sellingGeneralAndAdministrative": "845000000", "researchAndDevelopment": "0", "operatingExpenses": "1219000000", "investmentIncomeNet": "None", "netInterestIncome": "None", "interestIncome": "None", "interestExpense": "137000000", "nonInterestIncome": "None", "otherNonOperatingIncome": "57000000", "depreciation": "None", "depreciationAndAmortization": "336000000", "incomeBeforeTax": "293000000", "incomeTaxExpense": "118000000", "interestAndDebtExpense": "None", "netIncomeFromContinuingOperations": "232000000", "comprehensiveIncomeNetOfTax": "None", "ebit": "430000000", "ebitda": "766000000", "netIncome": "224000000"}, {"fiscalDateEnding": "2011-03-31", "reportedCurrency": "USD", "grossProfit": "1762000000", "totalRevenue": "6387000000", "costOfRevenue": "4625000000", "costofGoodsAndServicesSold": "4625000000", "operatingIncome": "557000000", "sellingGeneralAndAdministrative": "485000000", "researchAndDevelopment": "0", "operatingExpenses": "1205000000", "investmentIncomeNet": "None", "netInterestIncome": "None", "interestIncome": "None", "interestExpense": "136000000", "nonInterestIncome": "None", "otherNonOperatingIncome": "45000000", "depreciation": "None", "depreciationAndAmortization": "340000000", "incomeBeforeTax": "368000000", "incomeTaxExpense": "123000000", "interestAndDebtExpense": "None", "netIncomeFromContinuingOperations": "298000000", "comprehensiveIncomeNetOfTax": "None", "ebit": "610000000", "ebitda": "950000000", "netIncome": "342000000"}, {"fiscalDateEnding": "2010-12-31", "reportedCurrency": "USD", "grossProfit": "1761000000", "totalRevenue": "6531000000", "costOfRevenue": "4770000000", "costofGoodsAndServicesSold": "4770000000", "operatingIncome": "494000000", "sellingGeneralAndAdministrative": "865000000", "researchAndDevelopment": "12000000", "operatingExpenses": "1267000000", "investmentIncomeNet": "None", "netInterestIncome": "None", "interestIncome": "None", "interestExpense": "150000000", "nonInterestIncome": "None", "otherNonOperatingIncome": "60000000", "depreciation": "None", "depreciationAndAmortization": "360000000", "incomeBeforeTax": "332000000", "incomeTaxExpense": "50000000", "interestAndDebtExpense": "None", "netIncomeFromContinuingOperations": "346000000", "comprehensiveIncomeNetOfTax": "None", "ebit": "494000000", "ebitda": "854000000", "netIncome": "316000000"}, {"fiscalDateEnding": "2010-09-30", "reportedCurrency": "USD", "grossProfit": "1962000000", "totalRevenue": "6720000000", "costOfRevenue": "4758000000", "costofGoodsAndServicesSold": "4758000000", "operatingIncome": "699000000", "sellingGeneralAndAdministrative": "843000000", "researchAndDevelopment": "0", "operatingExpenses": "1263000000", "investmentIncomeNet": "None", "netInterestIncome": "None", "interestIncome": "None", "interestExpense": "152000000", "nonInterestIncome": "None", "otherNonOperatingIncome": "22000000", "depreciation": "None", "depreciationAndAmortization": "362000000", "incomeBeforeTax": "547000000", "incomeTaxExpense": "170000000", "interestAndDebtExpense": "None", "netIncomeFromContinuingOperations": "377000000", "comprehensiveIncomeNetOfTax": "None", "ebit": "699000000", "ebitda": "1061000000", "netIncome": "397000000"}, {"fiscalDateEnding": "2010-06-30", "reportedCurrency": "USD", "grossProfit": "1631000000", "totalRevenue": "6121000000", "costOfRevenue": "4490000000", "costofGoodsAndServicesSold": "4490000000", "operatingIncome": "419000000", "sellingGeneralAndAdministrative": "472000000", "researchAndDevelopment": "0", "operatingExpenses": "1212000000", "investmentIncomeNet": "None", "netInterestIncome": "None", "interestIncome": "None", "interestExpense": "157000000", "nonInterestIncome": "None", "otherNonOperatingIncome": "7000000", "depreciation": "None", "depreciationAndAmortization": "363000000", "incomeBeforeTax": "118000000", "incomeTaxExpense": "25000000", "interestAndDebtExpense": "None", "netIncomeFromContinuingOperations": "93000000", "comprehensiveIncomeNetOfTax": "None", "ebit": "563000000", "ebitda": "926000000", "netIncome": "93000000"}, {"fiscalDateEnding": "2010-03-31", "reportedCurrency": "USD", "grossProfit": "1343000000", "totalRevenue": "5807000000", "costOfRevenue": "4464000000", "costofGoodsAndServicesSold": "4464000000", "operatingIncome": "189000000", "sellingGeneralAndAdministrative": "738000000", "researchAndDevelopment": "0", "operatingExpenses": "1154000000", "investmentIncomeNet": "None", "netInterestIncome": "None", "interestIncome": "None", "interestExpense": "149000000", "nonInterestIncome": "None", "otherNonOperatingIncome": "-2000000", "depreciation": "None", "depreciationAndAmortization": "371000000", "incomeBeforeTax": "-175000000", "incomeTaxExpense": "-24000000", "interestAndDebtExpense": "None", "netIncomeFromContinuingOperations": "-151000000", "comprehensiveIncomeNetOfTax": "None", "ebit": "-26000000", "ebitda": "345000000", "netIncome": "-162000000"}, {"fiscalDateEnding": "2009-12-31", "reportedCurrency": "USD", "grossProfit": "2027000000", "totalRevenue": "5977000000", "costOfRevenue": "3950000000", "costofGoodsAndServicesSold": "3950000000", "operatingIncome": "834000000", "sellingGeneralAndAdministrative": "814000000", "researchAndDevelopment": "13000000", "operatingExpenses": "1193000000", "investmentIncomeNet": "None", "netInterestIncome": "None", "interestIncome": "None", "interestExpense": "172000000", "nonInterestIncome": "None", "otherNonOperatingIncome": "None", "depreciation": "None", "depreciationAndAmortization": "384000000", "incomeBeforeTax": "-428000000", "incomeTaxExpense": "-321000000", "interestAndDebtExpense": "None", "netIncomeFromContinuingOperations": "0", "comprehensiveIncomeNetOfTax": "None", "ebit": "843000000", "ebitda": "1227000000", "netIncome": "-101000000"}, {"fiscalDateEnding": "2009-09-30", "reportedCurrency": "USD", "grossProfit": "2161000000", "totalRevenue": "5919000000", "costOfRevenue": "3758000000", "costofGoodsAndServicesSold": "3758000000", "operatingIncome": "909000000", "sellingGeneralAndAdministrative": "826000000", "researchAndDevelopment": "0", "operatingExpenses": "1252000000", "investmentIncomeNet": "None", "netInterestIncome": "None", "interestIncome": "None", "interestExpense": "169000000", "nonInterestIncome": "None", "otherNonOperatingIncome": "None", "depreciation": "None", "depreciationAndAmortization": "378000000", "incomeBeforeTax": "589000000", "incomeTaxExpense": "212000000", "interestAndDebtExpense": "None", "netIncomeFromContinuingOperations": "377000000", "comprehensiveIncomeNetOfTax": "None", "ebit": "1060000000", "ebitda": "1438000000", "netIncome": "371000000"}, {"fiscalDateEnding": "2009-06-30", "reportedCurrency": "USD", "grossProfit": "2021000000", "totalRevenue": "5802000000", "costOfRevenue": "3781000000", "costofGoodsAndServicesSold": "3781000000", "operatingIncome": "820000000", "sellingGeneralAndAdministrative": "508000000", "researchAndDevelopment": "0", "operatingExpenses": "1201000000", "investmentIncomeNet": "None", "netInterestIncome": "None", "interestIncome": "None", "interestExpense": "173000000", "nonInterestIncome": "None", "otherNonOperatingIncome": "None", "depreciation": "None", "depreciationAndAmortization": "367000000", "incomeBeforeTax": "520000000", "incomeTaxExpense": "348000000", "interestAndDebtExpense": "None", "netIncomeFromContinuingOperations": "0", "comprehensiveIncomeNetOfTax": "None", "ebit": "693000000", "ebitda": "1060000000", "netIncome": "136000000"}, {"fiscalDateEnding": "2009-03-31", "reportedCurrency": "USD", "grossProfit": "1937000000", "totalRevenue": "5668000000", "costOfRevenue": "3731000000", "costofGoodsAndServicesSold": "3731000000", "operatingIncome": "765000000", "sellingGeneralAndAdministrative": "779000000", "researchAndDevelopment": "0", "operatingExpenses": "1172000000", "investmentIncomeNet": "None", "netInterestIncome": "None", "interestIncome": "None", "interestExpense": "173000000", "nonInterestIncome": "None", "otherNonOperatingIncome": "None", "depreciation": "None", "depreciationAndAmortization": "343000000", "incomeBeforeTax": "518000000", "incomeTaxExpense": "230000000", "interestAndDebtExpense": "None", "netIncomeFromContinuingOperations": "0", "comprehensiveIncomeNetOfTax": "None", "ebit": "682000000", "ebitda": "1025000000", "netIncome": "257000000"}, {"fiscalDateEnding": "2008-12-31", "reportedCurrency": "USD", "grossProfit": "1524000000", "totalRevenue": "6546000000", "costOfRevenue": "5022000000", "costofGoodsAndServicesSold": "5022000000", "operatingIncome": "263000000", "sellingGeneralAndAdministrative": "833000000", "researchAndDevelopment": "22000000", "operatingExpenses": "1261000000", "investmentIncomeNet": "None", "netInterestIncome": "None", "interestIncome": "None", "interestExpense": "266000000", "nonInterestIncome": "None", "otherNonOperatingIncome": "None", "depreciation": "None", "depreciationAndAmortization": "382000000", "incomeBeforeTax": "-1918000000", "incomeTaxExpense": "-112000000", "interestAndDebtExpense": "None", "netIncomeFromContinuingOperations": "0", "comprehensiveIncomeNetOfTax": "None", "ebit": "343000000", "ebitda": "725000000", "netIncome": "-1791000000"}, {"fiscalDateEnding": "2008-09-30", "reportedCurrency": "USD", "grossProfit": "1654000000", "totalRevenue": "6808000000", "costOfRevenue": "5154000000", "costofGoodsAndServicesSold": "5154000000", "operatingIncome": "349000000", "sellingGeneralAndAdministrative": "507000000", "researchAndDevelopment": "0", "operatingExpenses": "1305000000", "investmentIncomeNet": "None", "netInterestIncome": "None", "interestIncome": "None", "interestExpense": "144000000", "nonInterestIncome": "None", "otherNonOperatingIncome": "None", "depreciation": "None", "depreciationAndAmortization": "374000000", "incomeBeforeTax": "265000000", "incomeTaxExpense": "118000000", "interestAndDebtExpense": "None", "netIncomeFromContinuingOperations": "0", "comprehensiveIncomeNetOfTax": "None", "ebit": "409000000", "ebitda": "783000000", "netIncome": "149000000"}, {"fiscalDateEnding": "2008-06-30", "reportedCurrency": "USD", "grossProfit": "1502000000", "totalRevenue": "5807000000", "costOfRevenue": "4305000000", "costofGoodsAndServicesSold": "4305000000", "operatingIncome": "393000000", "sellingGeneralAndAdministrative": "459000000", "researchAndDevelopment": "0", "operatingExpenses": "1109000000", "investmentIncomeNet": "None", "netInterestIncome": "None", "interestIncome": "None", "interestExpense": "81000000", "nonInterestIncome": "None", "otherNonOperatingIncome": "None", "depreciation": "None", "depreciationAndAmortization": "305000000", "incomeBeforeTax": "302000000", "incomeTaxExpense": "97000000", "interestAndDebtExpense": "None", "netIncomeFromContinuingOperations": "0", "comprehensiveIncomeNetOfTax": "None", "ebit": "413000000", "ebitda": "718000000", "netIncome": "227000000"}, {"fiscalDateEnding": "2008-03-31", "reportedCurrency": "USD", "grossProfit": "1407000000", "totalRevenue": "5668000000", "costOfRevenue": "4261000000", "costofGoodsAndServicesSold": "4261000000", "operatingIncome": "320000000", "sellingGeneralAndAdministrative": "472000000", "researchAndDevelopment": "0", "operatingExpenses": "1087000000", "investmentIncomeNet": "None", "netInterestIncome": "None", "interestIncome": "None", "interestExpense": "81000000", "nonInterestIncome": "None", "otherNonOperatingIncome": "None", "depreciation": "None", "depreciationAndAmortization": "286000000", "incomeBeforeTax": "198000000", "incomeTaxExpense": "59000000", "interestAndDebtExpense": "None", "netIncomeFromContinuingOperations": "0", "comprehensiveIncomeNetOfTax": "None", "ebit": "297000000", "ebitda": "583000000", "netIncome": "133000000"}, {"fiscalDateEnding": "2007-12-31", "reportedCurrency": "USD", "grossProfit": "1599000000", "totalRevenue": "5841000000", "costOfRevenue": "4242000000", "costofGoodsAndServicesSold": "4242000000", "operatingIncome": "514000000", "sellingGeneralAndAdministrative": "500000000", "researchAndDevelopment": "24000000", "operatingExpenses": "1085000000", "investmentIncomeNet": "None", "netInterestIncome": "None", "interestIncome": "None", "interestExpense": "79000000", "nonInterestIncome": "None", "otherNonOperatingIncome": "None", "depreciation": "None", "depreciationAndAmortization": "278000000", "incomeBeforeTax": "439000000", "incomeTaxExpense": "94000000", "interestAndDebtExpense": "None", "netIncomeFromContinuingOperations": "0", "comprehensiveIncomeNetOfTax": "None", "ebit": "514000000", "ebitda": "792000000", "netIncome": "327000000"}, {"fiscalDateEnding": "2007-09-30", "reportedCurrency": "USD", "grossProfit": "1455000000", "totalRevenue": "5541000000", "costOfRevenue": "4086000000", "costofGoodsAndServicesSold": "4086000000", "operatingIncome": "426000000", "sellingGeneralAndAdministrative": "455000000", "researchAndDevelopment": "0", "operatingExpenses": "1029000000", "investmentIncomeNet": "None", "netInterestIncome": "None", "interestIncome": "None", "interestExpense": "77000000", "nonInterestIncome": "None", "otherNonOperatingIncome": "None", "depreciation": "None", "depreciationAndAmortization": "277000000", "incomeBeforeTax": "315000000", "incomeTaxExpense": "89000000", "interestAndDebtExpense": "None", "netIncomeFromContinuingOperations": "0", "comprehensiveIncomeNetOfTax": "None", "ebit": "392000000", "ebitda": "669000000", "netIncome": "217000000"}, {"fiscalDateEnding": "2007-06-30", "reportedCurrency": "USD", "grossProfit": "1410000000", "totalRevenue": "5291000000", "costOfRevenue": "3881000000", "costofGoodsAndServicesSold": "3881000000", "operatingIncome": "399000000", "sellingGeneralAndAdministrative": "441000000", "researchAndDevelopment": "0", "operatingExpenses": "1011000000", "investmentIncomeNet": "None", "netInterestIncome": "None", "interestIncome": "None", "interestExpense": "80000000", "nonInterestIncome": "None", "otherNonOperatingIncome": "None", "depreciation": "None", "depreciationAndAmortization": "269000000", "incomeBeforeTax": "294000000", "incomeTaxExpense": "89000000", "interestAndDebtExpense": "None", "netIncomeFromContinuingOperations": "0", "comprehensiveIncomeNetOfTax": "None", "ebit": "374000000", "ebitda": "643000000", "netIncome": "190000000"}, {"fiscalDateEnding": "2007-03-31", "reportedCurrency": "USD", "grossProfit": "1366000000", "totalRevenue": "5217000000", "costOfRevenue": "3851000000", "costofGoodsAndServicesSold": "3851000000", "operatingIncome": "371000000", "sellingGeneralAndAdministrative": "435000000", "researchAndDevelopment": "0", "operatingExpenses": "995000000", "investmentIncomeNet": "None", "netInterestIncome": "None", "interestIncome": "None", "interestExpense": "61000000", "nonInterestIncome": "None", "otherNonOperatingIncome": "None", "depreciation": "None", "depreciationAndAmortization": "262000000", "incomeBeforeTax": "606000000", "incomeTaxExpense": "143000000", "interestAndDebtExpense": "None", "netIncomeFromContinuingOperations": "0", "comprehensiveIncomeNetOfTax": "None", "ebit": "371000000", "ebitda": "633000000", "netIncome": "434000000"}, {"fiscalDateEnding": "2006-12-31", "reportedCurrency": "USD", "grossProfit": "1153000000", "totalRevenue": "3888000000", "costOfRevenue": "2735000000", "costofGoodsAndServicesSold": "2735000000", "operatingIncome": "308000000", "sellingGeneralAndAdministrative": "417000000", "researchAndDevelopment": "45000000", "operatingExpenses": "845000000", "investmentIncomeNet": "None", "netInterestIncome": "None", "interestIncome": "None", "interestExpense": "80000000", "nonInterestIncome": "None", "otherNonOperatingIncome": "None", "depreciation": "None", "depreciationAndAmortization": "214000000", "incomeBeforeTax": "3907000000", "incomeTaxExpense": "1662000000", "interestAndDebtExpense": "None", "netIncomeFromContinuingOperations": "0", "comprehensiveIncomeNetOfTax": "None", "ebit": "3987000000", "ebitda": "4201000000", "netIncome": "1971000000"}, {"fiscalDateEnding": "2006-09-30", "reportedCurrency": "USD", "grossProfit": "1532000000", "totalRevenue": "5867000000", "costOfRevenue": "4335000000", "costofGoodsAndServicesSold": "4335000000", "operatingIncome": "407000000", "sellingGeneralAndAdministrative": "471000000", "researchAndDevelopment": "0", "operatingExpenses": "1125000000", "investmentIncomeNet": "None", "netInterestIncome": "None", "interestIncome": "None", "interestExpense": "144000000", "nonInterestIncome": "None", "otherNonOperatingIncome": "None", "depreciation": "None", "depreciationAndAmortization": "300000000", "incomeBeforeTax": "281000000", "incomeTaxExpense": "163000000", "interestAndDebtExpense": "None", "netIncomeFromContinuingOperations": "0", "comprehensiveIncomeNetOfTax": "None", "ebit": "415000000", "ebitda": "715000000", "netIncome": "201000000"}, {"fiscalDateEnding": "2006-06-30", "reportedCurrency": "USD", "grossProfit": "1604000000", "totalRevenue": "6270000000", "costOfRevenue": "4666000000", "costofGoodsAndServicesSold": "4666000000", "operatingIncome": "459000000", "sellingGeneralAndAdministrative": "476000000", "researchAndDevelopment": "0", "operatingExpenses": "1145000000", "investmentIncomeNet": "None", "netInterestIncome": "None", "interestIncome": "None", "interestExpense": "148000000", "nonInterestIncome": "None", "otherNonOperatingIncome": "None", "depreciation": "None", "depreciationAndAmortization": "328000000", "incomeBeforeTax": "182000000", "incomeTaxExpense": "61000000", "interestAndDebtExpense": "None", "netIncomeFromContinuingOperations": "0", "comprehensiveIncomeNetOfTax": "None", "ebit": "459000000", "ebitda": "787000000", "netIncome": "115000000"}, {"fiscalDateEnding": "2006-03-31", "reportedCurrency": "USD", "grossProfit": "1439000000", "totalRevenue": "5668000000", "costOfRevenue": "4229000000", "costofGoodsAndServicesSold": "4229000000", "operatingIncome": "285000000", "sellingGeneralAndAdministrative": "490000000", "researchAndDevelopment": "0", "operatingExpenses": "1154000000", "investmentIncomeNet": "None", "netInterestIncome": "None", "interestIncome": "None", "interestExpense": "148000000", "nonInterestIncome": "None", "otherNonOperatingIncome": "None", "depreciation": "None", "depreciationAndAmortization": "316000000", "incomeBeforeTax": "107000000", "incomeTaxExpense": "35000000", "interestAndDebtExpense": "None", "netIncomeFromContinuingOperations": "0", "comprehensiveIncomeNetOfTax": "None", "ebit": "67000000", "ebitda": "383000000", "netIncome": "-1237000000"}, {"fiscalDateEnding": "2005-12-31", "reportedCurrency": "USD", "grossProfit": "1408000000", "totalRevenue": "6134000000", "costOfRevenue": "4726000000", "costofGoodsAndServicesSold": "4726000000", "operatingIncome": "229000000", "sellingGeneralAndAdministrative": "456000000", "researchAndDevelopment": "63000000", "operatingExpenses": "1179000000", "investmentIncomeNet": "None", "netInterestIncome": "None", "interestIncome": "None", "interestExpense": "151000000", "nonInterestIncome": "None", "otherNonOperatingIncome": "None", "depreciation": "None", "depreciationAndAmortization": "361000000", "incomeBeforeTax": "-165000000", "incomeTaxExpense": "-87000000", "interestAndDebtExpense": "None", "netIncomeFromContinuingOperations": "0", "comprehensiveIncomeNetOfTax": "None", "ebit": "-14000000", "ebitda": "347000000", "netIncome": "-77000000"}, {"fiscalDateEnding": "2005-09-30", "reportedCurrency": "USD", "grossProfit": "1504000000", "totalRevenue": "6036000000", "costOfRevenue": "4532000000", "costofGoodsAndServicesSold": "4532000000", "operatingIncome": "376000000", "sellingGeneralAndAdministrative": "463000000", "researchAndDevelopment": "0", "operatingExpenses": "1128000000", "investmentIncomeNet": "None", "netInterestIncome": "None", "interestIncome": "None", "interestExpense": "120000000", "nonInterestIncome": "None", "otherNonOperatingIncome": "None", "depreciation": "None", "depreciationAndAmortization": "233000000", "incomeBeforeTax": "372000000", "incomeTaxExpense": "-373000000", "interestAndDebtExpense": "None", "netIncomeFromContinuingOperations": "0", "comprehensiveIncomeNetOfTax": "None", "ebit": "485000000", "ebitda": "718000000", "netIncome": "1023000000"}, {"fiscalDateEnding": "2005-06-30", "reportedCurrency": "USD", "grossProfit": "1621000000", "totalRevenue": "6514000000", "costOfRevenue": "4893000000", "costofGoodsAndServicesSold": "4893000000", "operatingIncome": "412000000", "sellingGeneralAndAdministrative": "498000000", "researchAndDevelopment": "0", "operatingExpenses": "1209000000", "investmentIncomeNet": "None", "netInterestIncome": "None", "interestIncome": "None", "interestExpense": "166000000", "nonInterestIncome": "None", "otherNonOperatingIncome": "None", "depreciation": "None", "depreciationAndAmortization": "390000000", "incomeBeforeTax": "269000000", "incomeTaxExpense": "180000000", "interestAndDebtExpense": "None", "netIncomeFromContinuingOperations": "0", "comprehensiveIncomeNetOfTax": "None", "ebit": "382000000", "ebitda": "772000000", "netIncome": "77000000"}, {"fiscalDateEnding": "2005-03-31", "reportedCurrency": "USD", "grossProfit": "1646000000", "totalRevenue": "6550000000", "costOfRevenue": "4904000000", "costofGoodsAndServicesSold": "4904000000", "operatingIncome": "402000000", "sellingGeneralAndAdministrative": "522000000", "researchAndDevelopment": "0", "operatingExpenses": "1244000000", "investmentIncomeNet": "None", "netInterestIncome": "None", "interestIncome": "None", "interestExpense": "179000000", "nonInterestIncome": "None", "otherNonOperatingIncome": "None", "depreciation": "None", "depreciationAndAmortization": "392000000", "incomeBeforeTax": "78000000", "incomeTaxExpense": "18000000", "interestAndDebtExpense": "None", "netIncomeFromContinuingOperations": "0", "comprehensiveIncomeNetOfTax": "None", "ebit": "402000000", "ebitda": "794000000", "netIncome": "77000000"}, {"fiscalDateEnding": "2004-12-31", "reportedCurrency": "USD", "grossProfit": "1715000000", "totalRevenue": "6603000000", "costOfRevenue": "4888000000", "costofGoodsAndServicesSold": "4888000000", "operatingIncome": "444000000", "sellingGeneralAndAdministrative": "533000000", "researchAndDevelopment": "67000000", "operatingExpenses": "1271000000", "investmentIncomeNet": "None", "netInterestIncome": "None", "interestIncome": "None", "interestExpense": "175000000", "nonInterestIncome": "None", "otherNonOperatingIncome": "None", "depreciation": "None", "depreciationAndAmortization": "411000000", "incomeBeforeTax": "208000000", "incomeTaxExpense": "38000000", "interestAndDebtExpense": "None", "netIncomeFromContinuingOperations": "0", "comprehensiveIncomeNetOfTax": "None", "ebit": "444000000", "ebitda": "855000000", "netIncome": "248000000"}]}