{"symbol": "BAC", "annualReports": [{"fiscalDateEnding": "2024-12-31", "reportedCurrency": "USD", "grossProfit": "101887000000", "totalRevenue": "101887000000", "costOfRevenue": "192434000000", "costofGoodsAndServicesSold": "192434000000", "operatingIncome": "29254000000", "sellingGeneralAndAdministrative": "44873000000", "researchAndDevelopment": "None", "operatingExpenses": "72633000000", "investmentIncomeNet": "None", "netInterestIncome": "56060000000", "interestIncome": "146607000000", "interestExpense": "90547000000", "nonInterestIncome": "None", "otherNonOperatingIncome": "None", "depreciation": "None", "depreciationAndAmortization": "None", "incomeBeforeTax": "29254000000", "incomeTaxExpense": "2122000000", "interestAndDebtExpense": "None", "netIncomeFromContinuingOperations": "27132000000", "comprehensiveIncomeNetOfTax": "None", "ebit": "None", "ebitda": "29254000000", "netIncome": "27132000000"}, {"fiscalDateEnding": "2023-12-31", "reportedCurrency": "USD", "grossProfit": "94187000000", "totalRevenue": "98581000000", "costOfRevenue": "4394000000", "costofGoodsAndServicesSold": "4394000000", "operatingIncome": "28342000000", "sellingGeneralAndAdministrative": "8866000000", "researchAndDevelopment": "None", "operatingExpenses": "65845000000", "investmentIncomeNet": "None", "netInterestIncome": "56931000000", "interestIncome": "130262000000", "interestExpense": "73331000000", "nonInterestIncome": "None", "otherNonOperatingIncome": "None", "depreciation": "None", "depreciationAndAmortization": "2032000000", "incomeBeforeTax": "28342000000", "incomeTaxExpense": "1827000000", "interestAndDebtExpense": "None", "netIncomeFromContinuingOperations": "26515000000", "comprehensiveIncomeNetOfTax": "None", "ebit": "28342000000", "ebitda": "30374000000", "netIncome": "26515000000"}, {"fiscalDateEnding": "2022-12-31", "reportedCurrency": "USD", "grossProfit": "92407000000", "totalRevenue": "94950000000", "costOfRevenue": "2543000000", "costofGoodsAndServicesSold": "2543000000", "operatingIncome": "30969000000", "sellingGeneralAndAdministrative": "8421000000", "researchAndDevelopment": "None", "operatingExpenses": "61438000000", "investmentIncomeNet": "None", "netInterestIncome": "52462000000", "interestIncome": "72565000000", "interestExpense": "20103000000", "nonInterestIncome": "None", "otherNonOperatingIncome": "None", "depreciation": "None", "depreciationAndAmortization": "1978000000", "incomeBeforeTax": "30969000000", "incomeTaxExpense": "3441000000", "interestAndDebtExpense": "None", "netIncomeFromContinuingOperations": "27528000000", "comprehensiveIncomeNetOfTax": "None", "ebit": "30969000000", "ebitda": "32947000000", "netIncome": "27528000000"}, {"fiscalDateEnding": "2021-12-31", "reportedCurrency": "USD", "grossProfit": "84519000000", "totalRevenue": "89113000000", "costOfRevenue": "4594000000", "costofGoodsAndServicesSold": "4594000000", "operatingIncome": "33976000000", "sellingGeneralAndAdministrative": "7544000000", "researchAndDevelopment": "None", "operatingExpenses": "59731000000", "investmentIncomeNet": "None", "netInterestIncome": "42934000000", "interestIncome": "47672000000", "interestExpense": "4738000000", "nonInterestIncome": "None", "otherNonOperatingIncome": "None", "depreciation": "None", "depreciationAndAmortization": "1898000000", "incomeBeforeTax": "33976000000", "incomeTaxExpense": "1998000000", "interestAndDebtExpense": "None", "netIncomeFromContinuingOperations": "31978000000", "comprehensiveIncomeNetOfTax": "None", "ebit": "33976000000", "ebitda": "35874000000", "netIncome": "31978000000"}, {"fiscalDateEnding": "2020-12-31", "reportedCurrency": "USD", "grossProfit": "74208000000", "totalRevenue": "74208000000", "costOfRevenue": "None", "costofGoodsAndServicesSold": "None", "operatingIncome": "18995000000", "sellingGeneralAndAdministrative": "6916000000", "researchAndDevelopment": "None", "operatingExpenses": "55213000000", "investmentIncomeNet": "None", "netInterestIncome": "43360000000", "interestIncome": "51585000000", "interestExpense": "8225000000", "nonInterestIncome": "None", "otherNonOperatingIncome": "None", "depreciation": "None", "depreciationAndAmortization": "1843000000", "incomeBeforeTax": "18995000000", "incomeTaxExpense": "1101000000", "interestAndDebtExpense": "None", "netIncomeFromContinuingOperations": "17894000000", "comprehensiveIncomeNetOfTax": "None", "ebit": "18995000000", "ebitda": "20838000000", "netIncome": "17894000000"}, {"fiscalDateEnding": "2019-12-31", "reportedCurrency": "USD", "grossProfit": "85582000000", "totalRevenue": "85582000000", "costOfRevenue": "None", "costofGoodsAndServicesSold": "None", "operatingIncome": "32754000000", "sellingGeneralAndAdministrative": "6243000000", "researchAndDevelopment": "None", "operatingExpenses": "52828000000", "investmentIncomeNet": "None", "netInterestIncome": "48891000000", "interestIncome": "71236000000", "interestExpense": "22345000000", "nonInterestIncome": "None", "otherNonOperatingIncome": "None", "depreciation": "None", "depreciationAndAmortization": "1729000000", "incomeBeforeTax": "32754000000", "incomeTaxExpense": "5324000000", "interestAndDebtExpense": "None", "netIncomeFromContinuingOperations": "27430000000", "comprehensiveIncomeNetOfTax": "None", "ebit": "32754000000", "ebitda": "34483000000", "netIncome": "27430000000"}, {"fiscalDateEnding": "2018-12-31", "reportedCurrency": "USD", "grossProfit": "87511000000", "totalRevenue": "87738000000", "costOfRevenue": "227000000", "costofGoodsAndServicesSold": "227000000", "operatingIncome": "34584000000", "sellingGeneralAndAdministrative": "6254000000", "researchAndDevelopment": "None", "operatingExpenses": "53154000000", "investmentIncomeNet": "None", "netInterestIncome": "47432000000", "interestIncome": "66769000000", "interestExpense": "18607000000", "nonInterestIncome": "None", "otherNonOperatingIncome": "None", "depreciation": "None", "depreciationAndAmortization": "2063000000", "incomeBeforeTax": "34584000000", "incomeTaxExpense": "6437000000", "interestAndDebtExpense": "None", "netIncomeFromContinuingOperations": "28147000000", "comprehensiveIncomeNetOfTax": "None", "ebit": "34584000000", "ebitda": "36647000000", "netIncome": "28147000000"}, {"fiscalDateEnding": "2017-12-31", "reportedCurrency": "USD", "grossProfit": "83730000000", "totalRevenue": "83730000000", "costOfRevenue": "16308000000", "costofGoodsAndServicesSold": "16308000000", "operatingIncome": "29213000000", "sellingGeneralAndAdministrative": "6418000000", "researchAndDevelopment": "0", "operatingExpenses": "54517000000", "investmentIncomeNet": "None", "netInterestIncome": "44667000000", "interestIncome": "57579000000", "interestExpense": "12912000000", "nonInterestIncome": "None", "otherNonOperatingIncome": "None", "depreciation": "None", "depreciationAndAmortization": "2103000000", "incomeBeforeTax": "29213000000", "incomeTaxExpense": "10981000000", "interestAndDebtExpense": "None", "netIncomeFromContinuingOperations": "18232000000", "comprehensiveIncomeNetOfTax": "None", "ebit": "29213000000", "ebitda": "31316000000", "netIncome": "18232000000"}, {"fiscalDateEnding": "2016-12-31", "reportedCurrency": "USD", "grossProfit": "80104000000", "totalRevenue": "80104000000", "costOfRevenue": "13558000000", "costofGoodsAndServicesSold": "13558000000", "operatingIncome": "25021000000", "sellingGeneralAndAdministrative": "5724000000", "researchAndDevelopment": "0", "operatingExpenses": "55083000000", "investmentIncomeNet": "None", "netInterestIncome": "41096000000", "interestIncome": "51057000000", "interestExpense": "9961000000", "nonInterestIncome": "None", "otherNonOperatingIncome": "None", "depreciation": "None", "depreciationAndAmortization": "730000000", "incomeBeforeTax": "25021000000", "incomeTaxExpense": "7199000000", "interestAndDebtExpense": "None", "netIncomeFromContinuingOperations": "17906000000", "comprehensiveIncomeNetOfTax": "None", "ebit": "25021000000", "ebitda": "25751000000", "netIncome": "17906000000"}, {"fiscalDateEnding": "2015-12-31", "reportedCurrency": "USD", "grossProfit": "79804000000", "totalRevenue": "79804000000", "costOfRevenue": "13710000000", "costofGoodsAndServicesSold": "13710000000", "operatingIncome": "22187000000", "sellingGeneralAndAdministrative": "6202000000", "researchAndDevelopment": "0", "operatingExpenses": "57617000000", "investmentIncomeNet": "None", "netInterestIncome": "38958000000", "interestIncome": "49507000000", "interestExpense": "10549000000", "nonInterestIncome": "None", "otherNonOperatingIncome": "None", "depreciation": "None", "depreciationAndAmortization": "834000000", "incomeBeforeTax": "22187000000", "incomeTaxExpense": "6277000000", "interestAndDebtExpense": "None", "netIncomeFromContinuingOperations": "15888000000", "comprehensiveIncomeNetOfTax": "None", "ebit": "22187000000", "ebitda": "23021000000", "netIncome": "15888000000"}, {"fiscalDateEnding": "2014-12-31", "reportedCurrency": "USD", "grossProfit": "83619000000", "totalRevenue": "83619000000", "costOfRevenue": "13209000000", "costofGoodsAndServicesSold": "13209000000", "operatingIncome": "8899000000", "sellingGeneralAndAdministrative": "6875000000", "researchAndDevelopment": "0", "operatingExpenses": "75656000000", "investmentIncomeNet": "None", "netInterestIncome": "None", "interestIncome": "None", "interestExpense": "10934000000", "nonInterestIncome": "None", "otherNonOperatingIncome": "None", "depreciation": "None", "depreciationAndAmortization": "936000000", "incomeBeforeTax": "7963000000", "incomeTaxExpense": "2443000000", "interestAndDebtExpense": "None", "netIncomeFromContinuingOperations": "4833000000", "comprehensiveIncomeNetOfTax": "None", "ebit": "8899000000", "ebitda": "9835000000", "netIncome": "4833000000"}, {"fiscalDateEnding": "2013-12-31", "reportedCurrency": "USD", "grossProfit": "83946000000", "totalRevenue": "83946000000", "costOfRevenue": "16311000000", "costofGoodsAndServicesSold": "16311000000", "operatingIncome": "15819000000", "sellingGeneralAndAdministrative": "7647000000", "researchAndDevelopment": "0", "operatingExpenses": "69213000000", "investmentIncomeNet": "None", "netInterestIncome": "None", "interestIncome": "None", "interestExpense": "12755000000", "nonInterestIncome": "None", "otherNonOperatingIncome": "None", "depreciation": "None", "depreciationAndAmortization": "1086000000", "incomeBeforeTax": "14733000000", "incomeTaxExpense": "4194000000", "interestAndDebtExpense": "None", "netIncomeFromContinuingOperations": "11431000000", "comprehensiveIncomeNetOfTax": "None", "ebit": "15819000000", "ebitda": "16905000000", "netIncome": "11431000000"}, {"fiscalDateEnding": "2012-12-31", "reportedCurrency": "USD", "grossProfit": "73565000000", "totalRevenue": "73565000000", "costOfRevenue": "24913000000", "costofGoodsAndServicesSold": "24913000000", "operatingIncome": "2736000000", "sellingGeneralAndAdministrative": "8195000000", "researchAndDevelopment": "0", "operatingExpenses": "70493000000", "investmentIncomeNet": "None", "netInterestIncome": "None", "interestIncome": "None", "interestExpense": "16744000000", "nonInterestIncome": "None", "otherNonOperatingIncome": "None", "depreciation": "None", "depreciationAndAmortization": "1264000000", "incomeBeforeTax": "3072000000", "incomeTaxExpense": "1116000000", "interestAndDebtExpense": "None", "netIncomeFromContinuingOperations": "4188000000", "comprehensiveIncomeNetOfTax": "None", "ebit": "2736000000", "ebitda": "4000000000", "netIncome": "2758000000"}, {"fiscalDateEnding": "2011-12-31", "reportedCurrency": "USD", "grossProfit": "86094000000", "totalRevenue": "86094000000", "costOfRevenue": "35030000000", "costofGoodsAndServicesSold": "35030000000", "operatingIncome": "-230000000", "sellingGeneralAndAdministrative": "62271000000", "researchAndDevelopment": "0", "operatingExpenses": "64773000000", "investmentIncomeNet": "None", "netInterestIncome": "None", "interestIncome": "None", "interestExpense": "21620000000", "nonInterestIncome": "None", "otherNonOperatingIncome": "None", "depreciation": "None", "depreciationAndAmortization": "1509000000", "incomeBeforeTax": "-230000000", "incomeTaxExpense": "-1676000000", "interestAndDebtExpense": "None", "netIncomeFromContinuingOperations": "1446000000", "comprehensiveIncomeNetOfTax": "None", "ebit": "-230000000", "ebitda": "1279000000", "netIncome": "1446000000"}, {"fiscalDateEnding": "2010-12-31", "reportedCurrency": "USD", "grossProfit": "81570000000", "totalRevenue": "104960000000", "costOfRevenue": "23390000000", "costofGoodsAndServicesSold": "23390000000", "operatingIncome": "-1323000000", "sellingGeneralAndAdministrative": "55331000000", "researchAndDevelopment": "0", "operatingExpenses": "58261000000", "investmentIncomeNet": "None", "netInterestIncome": "None", "interestIncome": "None", "interestExpense": "23974000000", "nonInterestIncome": "None", "otherNonOperatingIncome": "None", "depreciation": "None", "depreciationAndAmortization": "1731000000", "incomeBeforeTax": "-1323000000", "incomeTaxExpense": "915000000", "interestAndDebtExpense": "None", "netIncomeFromContinuingOperations": "-2238000000", "comprehensiveIncomeNetOfTax": "None", "ebit": "-1323000000", "ebitda": "408000000", "netIncome": "-2238000000"}, {"fiscalDateEnding": "2009-12-31", "reportedCurrency": "USD", "grossProfit": "87277000000", "totalRevenue": "109629000000", "costOfRevenue": "22352000000", "costofGoodsAndServicesSold": "22352000000", "operatingIncome": "4360000000", "sellingGeneralAndAdministrative": "50439000000", "researchAndDevelopment": "0", "operatingExpenses": "26566000000", "investmentIncomeNet": "None", "netInterestIncome": "None", "interestIncome": "None", "interestExpense": "30807000000", "nonInterestIncome": "None", "otherNonOperatingIncome": "None", "depreciation": "None", "depreciationAndAmortization": "1978000000", "incomeBeforeTax": "4360000000", "incomeTaxExpense": "-1916000000", "interestAndDebtExpense": "None", "netIncomeFromContinuingOperations": "6276000000", "comprehensiveIncomeNetOfTax": "None", "ebit": "4360000000", "ebitda": "6338000000", "netIncome": "6276000000"}, {"fiscalDateEnding": "2008-12-31", "reportedCurrency": "USD", "grossProfit": "59466000000", "totalRevenue": "72243000000", "costOfRevenue": "12777000000", "costofGoodsAndServicesSold": "12777000000", "operatingIncome": "4428000000", "sellingGeneralAndAdministrative": "29519000000", "researchAndDevelopment": "None", "operatingExpenses": "16737000000", "investmentIncomeNet": "None", "netInterestIncome": "None", "interestIncome": "None", "interestExpense": "40324000000", "nonInterestIncome": "None", "otherNonOperatingIncome": "None", "depreciation": "None", "depreciationAndAmortization": "1834000000", "incomeBeforeTax": "4428000000", "incomeTaxExpense": "420000000", "interestAndDebtExpense": "None", "netIncomeFromContinuingOperations": "None", "comprehensiveIncomeNetOfTax": "None", "ebit": "4428000000", "ebitda": "6262000000", "netIncome": "4008000000"}, {"fiscalDateEnding": "2007-12-31", "reportedCurrency": "USD", "grossProfit": "52589000000", "totalRevenue": "62255000000", "costOfRevenue": "9666000000", "costofGoodsAndServicesSold": "9666000000", "operatingIncome": "20924000000", "sellingGeneralAndAdministrative": "26965000000", "researchAndDevelopment": "None", "operatingExpenses": "13196000000", "investmentIncomeNet": "None", "netInterestIncome": "None", "interestIncome": "None", "interestExpense": "52871000000", "nonInterestIncome": "None", "otherNonOperatingIncome": "None", "depreciation": "None", "depreciationAndAmortization": "2844000000", "incomeBeforeTax": "20924000000", "incomeTaxExpense": "5942000000", "interestAndDebtExpense": "None", "netIncomeFromContinuingOperations": "None", "comprehensiveIncomeNetOfTax": "None", "ebit": "20924000000", "ebitda": "23768000000", "netIncome": "14982000000"}, {"fiscalDateEnding": "2006-12-31", "reportedCurrency": "USD", "grossProfit": "60656000000", "totalRevenue": "69391000000", "costOfRevenue": "8735000000", "costofGoodsAndServicesSold": "8735000000", "operatingIncome": "31973000000", "sellingGeneralAndAdministrative": "25468000000", "researchAndDevelopment": "None", "operatingExpenses": "12149000000", "investmentIncomeNet": "None", "netInterestIncome": "None", "interestIncome": "None", "interestExpense": "43994000000", "nonInterestIncome": "None", "otherNonOperatingIncome": "None", "depreciation": "None", "depreciationAndAmortization": "2869000000", "incomeBeforeTax": "31973000000", "incomeTaxExpense": "10840000000", "interestAndDebtExpense": "None", "netIncomeFromContinuingOperations": "None", "comprehensiveIncomeNetOfTax": "None", "ebit": "31973000000", "ebitda": "34842000000", "netIncome": "21133000000"}, {"fiscalDateEnding": "2005-12-31", "reportedCurrency": "USD", "grossProfit": "49268000000", "totalRevenue": "57175000000", "costOfRevenue": "7907000000", "costofGoodsAndServicesSold": "7907000000", "operatingIncome": "24480000000", "sellingGeneralAndAdministrative": "15054000000", "researchAndDevelopment": "None", "operatingExpenses": "10092000000", "investmentIncomeNet": "None", "netInterestIncome": "None", "interestIncome": "None", "interestExpense": "27889000000", "nonInterestIncome": "None", "otherNonOperatingIncome": "None", "depreciation": "None", "depreciationAndAmortization": "1768000000", "incomeBeforeTax": "24480000000", "incomeTaxExpense": "8015000000", "interestAndDebtExpense": "None", "netIncomeFromContinuingOperations": "None", "comprehensiveIncomeNetOfTax": "None", "ebit": "24480000000", "ebitda": "26248000000", "netIncome": "16465000000"}], "quarterlyReports": [{"fiscalDateEnding": "2024-12-31", "reportedCurrency": "USD", "grossProfit": "25347000000", "totalRevenue": "25347000000", "costOfRevenue": "46965000000", "costofGoodsAndServicesSold": "46965000000", "operatingIncome": "7108000000", "sellingGeneralAndAdministrative": "10922000000", "researchAndDevelopment": "None", "operatingExpenses": "18239000000", "investmentIncomeNet": "None", "netInterestIncome": "14359000000", "interestIncome": "35977000000", "interestExpense": "21618000000", "nonInterestIncome": "None", "otherNonOperatingIncome": "None", "depreciation": "None", "depreciationAndAmortization": "None", "incomeBeforeTax": "7108000000", "incomeTaxExpense": "443000000", "interestAndDebtExpense": "None", "netIncomeFromContinuingOperations": "6665000000", "comprehensiveIncomeNetOfTax": "None", "ebit": "None", "ebitda": "7108000000", "netIncome": "6665000000"}, {"fiscalDateEnding": "2024-09-30", "reportedCurrency": "USD", "grossProfit": "12726000000", "totalRevenue": "25345000000", "costOfRevenue": "12619000000", "costofGoodsAndServicesSold": "12619000000", "operatingIncome": "10582000000", "sellingGeneralAndAdministrative": "10783000000", "researchAndDevelopment": "None", "operatingExpenses": "14763000000", "investmentIncomeNet": "None", "netInterestIncome": "13967000000", "interestIncome": "37491000000", "interestExpense": "23524000000", "nonInterestIncome": "None", "otherNonOperatingIncome": "None", "depreciation": "None", "depreciationAndAmortization": "549000000", "incomeBeforeTax": "7324000000", "incomeTaxExpense": "428000000", "interestAndDebtExpense": "None", "netIncomeFromContinuingOperations": "6896000000", "comprehensiveIncomeNetOfTax": "None", "ebit": "10582000000", "ebitda": "11131000000", "netIncome": "6896000000"}, {"fiscalDateEnding": "2024-06-30", "reportedCurrency": "USD", "grossProfit": "12863000000", "totalRevenue": "25377000000", "costOfRevenue": "12514000000", "costofGoodsAndServicesSold": "12514000000", "operatingIncome": "19435000000", "sellingGeneralAndAdministrative": "10696000000", "researchAndDevelopment": "None", "operatingExpenses": "5942000000", "investmentIncomeNet": "None", "netInterestIncome": "13702000000", "interestIncome": "36854000000", "interestExpense": "23152000000", "nonInterestIncome": "None", "otherNonOperatingIncome": "None", "depreciation": "None", "depreciationAndAmortization": "543000000", "incomeBeforeTax": "7560000000", "incomeTaxExpense": "663000000", "interestAndDebtExpense": "None", "netIncomeFromContinuingOperations": "6897000000", "comprehensiveIncomeNetOfTax": "None", "ebit": "19435000000", "ebitda": "19978000000", "netIncome": "6897000000"}, {"fiscalDateEnding": "2024-03-31", "reportedCurrency": "USD", "grossProfit": "12235000000", "totalRevenue": "25818000000", "costOfRevenue": "13583000000", "costofGoodsAndServicesSold": "13583000000", "operatingIncome": "7262000000", "sellingGeneralAndAdministrative": "2348000000", "researchAndDevelopment": "None", "operatingExpenses": "17237000000", "investmentIncomeNet": "None", "netInterestIncome": "14032000000", "interestIncome": "36285000000", "interestExpense": "22253000000", "nonInterestIncome": "None", "otherNonOperatingIncome": "None", "depreciation": "None", "depreciationAndAmortization": "538000000", "incomeBeforeTax": "7262000000", "incomeTaxExpense": "588000000", "interestAndDebtExpense": "None", "netIncomeFromContinuingOperations": "6674000000", "comprehensiveIncomeNetOfTax": "None", "ebit": "7262000000", "ebitda": "7800000000", "netIncome": "6674000000"}, {"fiscalDateEnding": "2023-12-31", "reportedCurrency": "USD", "grossProfit": "20855000000", "totalRevenue": "20855000000", "costOfRevenue": "None", "costofGoodsAndServicesSold": "None", "operatingIncome": "3124000000", "sellingGeneralAndAdministrative": "2240000000", "researchAndDevelopment": "None", "operatingExpenses": "17731000000", "investmentIncomeNet": "None", "netInterestIncome": "13946000000", "interestIncome": "35629000000", "interestExpense": "21683000000", "nonInterestIncome": "None", "otherNonOperatingIncome": "None", "depreciation": "None", "depreciationAndAmortization": "502000000", "incomeBeforeTax": "3124000000", "incomeTaxExpense": "20000000", "interestAndDebtExpense": "None", "netIncomeFromContinuingOperations": "3144000000", "comprehensiveIncomeNetOfTax": "None", "ebit": "3124000000", "ebitda": "3626000000", "netIncome": "3144000000"}, {"fiscalDateEnding": "2023-09-30", "reportedCurrency": "USD", "grossProfit": "12931000000", "totalRevenue": "25167000000", "costOfRevenue": "12236000000", "costofGoodsAndServicesSold": "12236000000", "operatingIncome": "8095000000", "sellingGeneralAndAdministrative": "10441000000", "researchAndDevelopment": "None", "operatingExpenses": "17072000000", "investmentIncomeNet": "None", "netInterestIncome": "14379000000", "interestIncome": "33624000000", "interestExpense": "19245000000", "nonInterestIncome": "None", "otherNonOperatingIncome": "None", "depreciation": "None", "depreciationAndAmortization": "517000000", "incomeBeforeTax": "8095000000", "incomeTaxExpense": "293000000", "interestAndDebtExpense": "None", "netIncomeFromContinuingOperations": "7802000000", "comprehensiveIncomeNetOfTax": "None", "ebit": "8095000000", "ebitda": "8612000000", "netIncome": "7802000000"}, {"fiscalDateEnding": "2023-06-30", "reportedCurrency": "USD", "grossProfit": "12799000000", "totalRevenue": "25197000000", "costOfRevenue": "12398000000", "costofGoodsAndServicesSold": "12398000000", "operatingIncome": "26230000000", "sellingGeneralAndAdministrative": "10622000000", "researchAndDevelopment": "None", "operatingExpenses": "14804000000", "investmentIncomeNet": "None", "netInterestIncome": "14158000000", "interestIncome": "32354000000", "interestExpense": "18196000000", "nonInterestIncome": "None", "otherNonOperatingIncome": "None", "depreciation": "None", "depreciationAndAmortization": "510000000", "incomeBeforeTax": "8034000000", "incomeTaxExpense": "626000000", "interestAndDebtExpense": "None", "netIncomeFromContinuingOperations": "7408000000", "comprehensiveIncomeNetOfTax": "None", "ebit": "26230000000", "ebitda": "26740000000", "netIncome": "7408000000"}, {"fiscalDateEnding": "2023-03-31", "reportedCurrency": "USD", "grossProfit": "12671000000", "totalRevenue": "25327000000", "costOfRevenue": "12656000000", "costofGoodsAndServicesSold": "12656000000", "operatingIncome": "9089000000", "sellingGeneralAndAdministrative": "2234000000", "researchAndDevelopment": "None", "operatingExpenses": "16238000000", "investmentIncomeNet": "None", "netInterestIncome": "14448000000", "interestIncome": "28655000000", "interestExpense": "14207000000", "nonInterestIncome": "None", "otherNonOperatingIncome": "None", "depreciation": "None", "depreciationAndAmortization": "503000000", "incomeBeforeTax": "9089000000", "incomeTaxExpense": "928000000", "interestAndDebtExpense": "None", "netIncomeFromContinuingOperations": "8161000000", "comprehensiveIncomeNetOfTax": "None", "ebit": "9089000000", "ebitda": "9592000000", "netIncome": "8161000000"}, {"fiscalDateEnding": "2022-12-31", "reportedCurrency": "USD", "grossProfit": "23440000000", "totalRevenue": "23440000000", "costOfRevenue": "None", "costofGoodsAndServicesSold": "None", "operatingIncome": "7897000000", "sellingGeneralAndAdministrative": "2307000000", "researchAndDevelopment": "None", "operatingExpenses": "15543000000", "investmentIncomeNet": "None", "netInterestIncome": "14681000000", "interestIncome": "25075000000", "interestExpense": "10394000000", "nonInterestIncome": "None", "otherNonOperatingIncome": "None", "depreciation": "None", "depreciationAndAmortization": "502000000", "incomeBeforeTax": "7897000000", "incomeTaxExpense": "765000000", "interestAndDebtExpense": "None", "netIncomeFromContinuingOperations": "7132000000", "comprehensiveIncomeNetOfTax": "None", "ebit": "7897000000", "ebitda": "8399000000", "netIncome": "7132000000"}, {"fiscalDateEnding": "2022-09-30", "reportedCurrency": "USD", "grossProfit": "11769000000", "totalRevenue": "23604000000", "costOfRevenue": "11835000000", "costofGoodsAndServicesSold": "11835000000", "operatingIncome": "8301000000", "sellingGeneralAndAdministrative": "2071000000", "researchAndDevelopment": "None", "operatingExpenses": "15303000000", "investmentIncomeNet": "None", "netInterestIncome": "13765000000", "interestIncome": "19621000000", "interestExpense": "5856000000", "nonInterestIncome": "None", "otherNonOperatingIncome": "None", "depreciation": "None", "depreciationAndAmortization": "491000000", "incomeBeforeTax": "8301000000", "incomeTaxExpense": "1219000000", "interestAndDebtExpense": "None", "netIncomeFromContinuingOperations": "7082000000", "comprehensiveIncomeNetOfTax": "None", "ebit": "8301000000", "ebitda": "8792000000", "netIncome": "7082000000"}, {"fiscalDateEnding": "2022-06-30", "reportedCurrency": "USD", "grossProfit": "10332000000", "totalRevenue": "22165000000", "costOfRevenue": "11833000000", "costofGoodsAndServicesSold": "11833000000", "operatingIncome": "6892000000", "sellingGeneralAndAdministrative": "2053000000", "researchAndDevelopment": "None", "operatingExpenses": "15273000000", "investmentIncomeNet": "None", "netInterestIncome": "12444000000", "interestIncome": "14975000000", "interestExpense": "2531000000", "nonInterestIncome": "None", "otherNonOperatingIncome": "None", "depreciation": "None", "depreciationAndAmortization": "491000000", "incomeBeforeTax": "6892000000", "incomeTaxExpense": "645000000", "interestAndDebtExpense": "None", "netIncomeFromContinuingOperations": "6247000000", "comprehensiveIncomeNetOfTax": "None", "ebit": "6892000000", "ebitda": "7383000000", "netIncome": "6247000000"}, {"fiscalDateEnding": "2022-03-31", "reportedCurrency": "USD", "grossProfit": "11199000000", "totalRevenue": "23198000000", "costOfRevenue": "11999000000", "costofGoodsAndServicesSold": "11999000000", "operatingIncome": "7879000000", "sellingGeneralAndAdministrative": "1990000000", "researchAndDevelopment": "None", "operatingExpenses": "15319000000", "investmentIncomeNet": "None", "netInterestIncome": "11572000000", "interestIncome": "12894000000", "interestExpense": "1322000000", "nonInterestIncome": "None", "otherNonOperatingIncome": "None", "depreciation": "None", "depreciationAndAmortization": "494000000", "incomeBeforeTax": "7879000000", "incomeTaxExpense": "812000000", "interestAndDebtExpense": "None", "netIncomeFromContinuingOperations": "7067000000", "comprehensiveIncomeNetOfTax": "None", "ebit": "7879000000", "ebitda": "8373000000", "netIncome": "7067000000"}, {"fiscalDateEnding": "2021-12-31", "reportedCurrency": "USD", "grossProfit": "22549000000", "totalRevenue": "22549000000", "costOfRevenue": "None", "costofGoodsAndServicesSold": "None", "operatingIncome": "7818000000", "sellingGeneralAndAdministrative": "1992000000", "researchAndDevelopment": "None", "operatingExpenses": "14731000000", "investmentIncomeNet": "None", "netInterestIncome": "11410000000", "interestIncome": "12554000000", "interestExpense": "1144000000", "nonInterestIncome": "None", "otherNonOperatingIncome": "None", "depreciation": "None", "depreciationAndAmortization": "495000000", "incomeBeforeTax": "7818000000", "incomeTaxExpense": "805000000", "interestAndDebtExpense": "None", "netIncomeFromContinuingOperations": "7013000000", "comprehensiveIncomeNetOfTax": "None", "ebit": "7818000000", "ebitda": "8313000000", "netIncome": "7013000000"}, {"fiscalDateEnding": "2021-09-30", "reportedCurrency": "USD", "grossProfit": "12134000000", "totalRevenue": "23390000000", "costOfRevenue": "11256000000", "costofGoodsAndServicesSold": "11256000000", "operatingIncome": "8950000000", "sellingGeneralAndAdministrative": "1850000000", "researchAndDevelopment": "None", "operatingExpenses": "14440000000", "investmentIncomeNet": "None", "netInterestIncome": "11094000000", "interestIncome": "12377000000", "interestExpense": "1242000000", "nonInterestIncome": "None", "otherNonOperatingIncome": "None", "depreciation": "None", "depreciationAndAmortization": "473000000", "incomeBeforeTax": "8950000000", "incomeTaxExpense": "1259000000", "interestAndDebtExpense": "None", "netIncomeFromContinuingOperations": "7691000000", "comprehensiveIncomeNetOfTax": "None", "ebit": "8950000000", "ebitda": "9423000000", "netIncome": "7691000000"}, {"fiscalDateEnding": "2021-06-30", "reportedCurrency": "USD", "grossProfit": "11702000000", "totalRevenue": "23087000000", "costOfRevenue": "11385000000", "costofGoodsAndServicesSold": "11385000000", "operatingIncome": "8042000000", "sellingGeneralAndAdministrative": "1874000000", "researchAndDevelopment": "None", "operatingExpenses": "15045000000", "investmentIncomeNet": "None", "netInterestIncome": "10233000000", "interestIncome": "11514000000", "interestExpense": "1154000000", "nonInterestIncome": "None", "otherNonOperatingIncome": "None", "depreciation": "None", "depreciationAndAmortization": "469000000", "incomeBeforeTax": "8042000000", "incomeTaxExpense": "1182000000", "interestAndDebtExpense": "None", "netIncomeFromContinuingOperations": "9224000000", "comprehensiveIncomeNetOfTax": "None", "ebit": "8042000000", "ebitda": "8511000000", "netIncome": "9224000000"}, {"fiscalDateEnding": "2021-03-31", "reportedCurrency": "USD", "grossProfit": "12342000000", "totalRevenue": "24681000000", "costOfRevenue": "12339000000", "costofGoodsAndServicesSold": "12339000000", "operatingIncome": "9166000000", "sellingGeneralAndAdministrative": "1828000000", "researchAndDevelopment": "None", "operatingExpenses": "15515000000", "investmentIncomeNet": "None", "netInterestIncome": "10197000000", "interestIncome": "11481000000", "interestExpense": "1198000000", "nonInterestIncome": "None", "otherNonOperatingIncome": "None", "depreciation": "None", "depreciationAndAmortization": "461000000", "incomeBeforeTax": "9166000000", "incomeTaxExpense": "1116000000", "interestAndDebtExpense": "None", "netIncomeFromContinuingOperations": "8050000000", "comprehensiveIncomeNetOfTax": "None", "ebit": "9166000000", "ebitda": "9627000000", "netIncome": "8050000000"}, {"fiscalDateEnding": "2020-12-31", "reportedCurrency": "USD", "grossProfit": "20046000000", "totalRevenue": "20046000000", "costOfRevenue": "None", "costofGoodsAndServicesSold": "None", "operatingIncome": "6119000000", "sellingGeneralAndAdministrative": "1903000000", "researchAndDevelopment": "None", "operatingExpenses": "13927000000", "investmentIncomeNet": "None", "netInterestIncome": "10253000000", "interestIncome": "11461000000", "interestExpense": "1208000000", "nonInterestIncome": "None", "otherNonOperatingIncome": "None", "depreciation": "None", "depreciationAndAmortization": "487000000", "incomeBeforeTax": "6119000000", "incomeTaxExpense": "649000000", "interestAndDebtExpense": "None", "netIncomeFromContinuingOperations": "5470000000", "comprehensiveIncomeNetOfTax": "None", "ebit": "6119000000", "ebitda": "6606000000", "netIncome": "5470000000"}, {"fiscalDateEnding": "2020-09-30", "reportedCurrency": "USD", "grossProfit": "7567000000", "totalRevenue": "18947000000", "costOfRevenue": "11380000000", "costofGoodsAndServicesSold": "11380000000", "operatingIncome": "4546000000", "sellingGeneralAndAdministrative": "1783000000", "researchAndDevelopment": "None", "operatingExpenses": "14401000000", "investmentIncomeNet": "None", "netInterestIncome": "10129000000", "interestIncome": "11486000000", "interestExpense": "1357000000", "nonInterestIncome": "None", "otherNonOperatingIncome": "None", "depreciation": "None", "depreciationAndAmortization": "476000000", "incomeBeforeTax": "4546000000", "incomeTaxExpense": "335000000", "interestAndDebtExpense": "None", "netIncomeFromContinuingOperations": "4881000000", "comprehensiveIncomeNetOfTax": "None", "ebit": "4546000000", "ebitda": "5022000000", "netIncome": "4881000000"}, {"fiscalDateEnding": "2020-06-30", "reportedCurrency": "USD", "grossProfit": "6748000000", "totalRevenue": "17209000000", "costOfRevenue": "10461000000", "costofGoodsAndServicesSold": "10461000000", "operatingIncome": "3799000000", "sellingGeneralAndAdministrative": "1646000000", "researchAndDevelopment": "None", "operatingExpenses": "13410000000", "investmentIncomeNet": "None", "netInterestIncome": "10848000000", "interestIncome": "12540000000", "interestExpense": "1692000000", "nonInterestIncome": "None", "otherNonOperatingIncome": "None", "depreciation": "None", "depreciationAndAmortization": "448000000", "incomeBeforeTax": "3799000000", "incomeTaxExpense": "266000000", "interestAndDebtExpense": "None", "netIncomeFromContinuingOperations": "3533000000", "comprehensiveIncomeNetOfTax": "None", "ebit": "3799000000", "ebitda": "4247000000", "netIncome": "3533000000"}, {"fiscalDateEnding": "2020-03-31", "reportedCurrency": "USD", "grossProfit": "7330000000", "totalRevenue": "18006000000", "costOfRevenue": "10676000000", "costofGoodsAndServicesSold": "10676000000", "operatingIncome": "4531000000", "sellingGeneralAndAdministrative": "1584000000", "researchAndDevelopment": "None", "operatingExpenses": "13475000000", "investmentIncomeNet": "None", "netInterestIncome": "12130000000", "interestIncome": "16098000000", "interestExpense": "3968000000", "nonInterestIncome": "None", "otherNonOperatingIncome": "None", "depreciation": "None", "depreciationAndAmortization": "432000000", "incomeBeforeTax": "4531000000", "incomeTaxExpense": "521000000", "interestAndDebtExpense": "None", "netIncomeFromContinuingOperations": "4010000000", "comprehensiveIncomeNetOfTax": "None", "ebit": "4531000000", "ebitda": "4963000000", "netIncome": "4010000000"}, {"fiscalDateEnding": "2019-12-31", "reportedCurrency": "USD", "grossProfit": "21408000000", "totalRevenue": "21408000000", "costOfRevenue": "None", "costofGoodsAndServicesSold": "None", "operatingIncome": "8169000000", "sellingGeneralAndAdministrative": "1604000000", "researchAndDevelopment": "None", "operatingExpenses": "13239000000", "investmentIncomeNet": "None", "netInterestIncome": "12140000000", "interestIncome": "16926000000", "interestExpense": "4786000000", "nonInterestIncome": "None", "otherNonOperatingIncome": "None", "depreciation": "None", "depreciationAndAmortization": "439000000", "incomeBeforeTax": "8169000000", "incomeTaxExpense": "1175000000", "interestAndDebtExpense": "None", "netIncomeFromContinuingOperations": "6994000000", "comprehensiveIncomeNetOfTax": "None", "ebit": "8169000000", "ebitda": "8608000000", "netIncome": "6994000000"}, {"fiscalDateEnding": "2019-09-30", "reportedCurrency": "USD", "grossProfit": "7472000000", "totalRevenue": "19956000000", "costOfRevenue": "12484000000", "costofGoodsAndServicesSold": "12484000000", "operatingIncome": "6859000000", "sellingGeneralAndAdministrative": "1549000000", "researchAndDevelopment": "None", "operatingExpenses": "13097000000", "investmentIncomeNet": "None", "netInterestIncome": "12187000000", "interestIncome": "17916000000", "interestExpense": "5729000000", "nonInterestIncome": "None", "otherNonOperatingIncome": "None", "depreciation": "None", "depreciationAndAmortization": "438000000", "incomeBeforeTax": "6859000000", "incomeTaxExpense": "1082000000", "interestAndDebtExpense": "None", "netIncomeFromContinuingOperations": "5777000000", "comprehensiveIncomeNetOfTax": "None", "ebit": "6859000000", "ebitda": "7297000000", "netIncome": "5777000000"}, {"fiscalDateEnding": "2019-06-30", "reportedCurrency": "USD", "grossProfit": "11762000000", "totalRevenue": "22227000000", "costOfRevenue": "10465000000", "costofGoodsAndServicesSold": "10465000000", "operatingIncome": "8959000000", "sellingGeneralAndAdministrative": "1566000000", "researchAndDevelopment": "None", "operatingExpenses": "13268000000", "investmentIncomeNet": "None", "netInterestIncome": "12189000000", "interestIncome": "18224000000", "interestExpense": "6035000000", "nonInterestIncome": "None", "otherNonOperatingIncome": "None", "depreciation": "None", "depreciationAndAmortization": "434000000", "incomeBeforeTax": "8959000000", "incomeTaxExpense": "1611000000", "interestAndDebtExpense": "None", "netIncomeFromContinuingOperations": "7348000000", "comprehensiveIncomeNetOfTax": "None", "ebit": "8959000000", "ebitda": "9393000000", "netIncome": "7348000000"}, {"fiscalDateEnding": "2019-03-31", "reportedCurrency": "USD", "grossProfit": "11395000000", "totalRevenue": "21991000000", "costOfRevenue": "10596000000", "costofGoodsAndServicesSold": "10596000000", "operatingIncome": "8767000000", "sellingGeneralAndAdministrative": "1524000000", "researchAndDevelopment": "None", "operatingExpenses": "13224000000", "investmentIncomeNet": "None", "netInterestIncome": "12375000000", "interestIncome": "18170000000", "interestExpense": "5795000000", "nonInterestIncome": "None", "otherNonOperatingIncome": "None", "depreciation": "None", "depreciationAndAmortization": "418000000", "incomeBeforeTax": "8767000000", "incomeTaxExpense": "1456000000", "interestAndDebtExpense": "None", "netIncomeFromContinuingOperations": "7311000000", "comprehensiveIncomeNetOfTax": "None", "ebit": "8767000000", "ebitda": "9185000000", "netIncome": "7311000000"}, {"fiscalDateEnding": "2018-12-31", "reportedCurrency": "USD", "grossProfit": "21831000000", "totalRevenue": "21772000000", "costOfRevenue": "-59000000", "costofGoodsAndServicesSold": "-59000000", "operatingIncome": "9167000000", "sellingGeneralAndAdministrative": "1636000000", "researchAndDevelopment": "0", "operatingExpenses": "13074000000", "investmentIncomeNet": "None", "netInterestIncome": "None", "interestIncome": "None", "interestExpense": "5332000000", "nonInterestIncome": "None", "otherNonOperatingIncome": "None", "depreciation": "None", "depreciationAndAmortization": "524000000", "incomeBeforeTax": "8698000000", "incomeTaxExpense": "1420000000", "interestAndDebtExpense": "None", "netIncomeFromContinuingOperations": "7278000000", "comprehensiveIncomeNetOfTax": "None", "ebit": "9167000000", "ebitda": "9691000000", "netIncome": "7278000000"}, {"fiscalDateEnding": "2018-09-30", "reportedCurrency": "USD", "grossProfit": "18486000000", "totalRevenue": "22008000000", "costOfRevenue": "3522000000", "costofGoodsAndServicesSold": "3522000000", "operatingIncome": "8994000000", "sellingGeneralAndAdministrative": "1552000000", "researchAndDevelopment": "0", "operatingExpenses": "13014000000", "investmentIncomeNet": "None", "netInterestIncome": "None", "interestIncome": "None", "interestExpense": "5095000000", "nonInterestIncome": "None", "otherNonOperatingIncome": "None", "depreciation": "None", "depreciationAndAmortization": "515000000", "incomeBeforeTax": "8994000000", "incomeTaxExpense": "1827000000", "interestAndDebtExpense": "None", "netIncomeFromContinuingOperations": "7167000000", "comprehensiveIncomeNetOfTax": "None", "ebit": "8994000000", "ebitda": "9509000000", "netIncome": "7167000000"}, {"fiscalDateEnding": "2018-06-30", "reportedCurrency": "USD", "grossProfit": "18868000000", "totalRevenue": "22451000000", "costOfRevenue": "3583000000", "costofGoodsAndServicesSold": "3583000000", "operatingIncome": "9227000000", "sellingGeneralAndAdministrative": "1520000000", "researchAndDevelopment": "0", "operatingExpenses": "13953000000", "investmentIncomeNet": "None", "netInterestIncome": "None", "interestIncome": "None", "interestExpense": "4719000000", "nonInterestIncome": "None", "otherNonOperatingIncome": "None", "depreciation": "None", "depreciationAndAmortization": "513000000", "incomeBeforeTax": "8498000000", "incomeTaxExpense": "1714000000", "interestAndDebtExpense": "None", "netIncomeFromContinuingOperations": "6784000000", "comprehensiveIncomeNetOfTax": "None", "ebit": "9227000000", "ebitda": "9740000000", "netIncome": "6784000000"}, {"fiscalDateEnding": "2018-03-31", "reportedCurrency": "USD", "grossProfit": "18538000000", "totalRevenue": "22236000000", "costOfRevenue": "3698000000", "costofGoodsAndServicesSold": "3698000000", "operatingIncome": "8394000000", "sellingGeneralAndAdministrative": "1546000000", "researchAndDevelopment": "0", "operatingExpenses": "13842000000", "investmentIncomeNet": "None", "netInterestIncome": "None", "interestIncome": "None", "interestExpense": "3991000000", "nonInterestIncome": "None", "otherNonOperatingIncome": "None", "depreciation": "None", "depreciationAndAmortization": "511000000", "incomeBeforeTax": "8394000000", "incomeTaxExpense": "1476000000", "interestAndDebtExpense": "None", "netIncomeFromContinuingOperations": "6918000000", "comprehensiveIncomeNetOfTax": "None", "ebit": "8394000000", "ebitda": "8905000000", "netIncome": "6918000000"}, {"fiscalDateEnding": "2017-12-31", "reportedCurrency": "USD", "grossProfit": "14830000000", "totalRevenue": "19435000000", "costOfRevenue": "4605000000", "costofGoodsAndServicesSold": "4605000000", "operatingIncome": "6329000000", "sellingGeneralAndAdministrative": "1427000000", "researchAndDevelopment": "0", "operatingExpenses": "13274000000", "investmentIncomeNet": "None", "netInterestIncome": "None", "interestIncome": "None", "interestExpense": "3604000000", "nonInterestIncome": "None", "otherNonOperatingIncome": "None", "depreciation": "None", "depreciationAndAmortization": "515000000", "incomeBeforeTax": "6161000000", "incomeTaxExpense": "3796000000", "interestAndDebtExpense": "None", "netIncomeFromContinuingOperations": "2520000000", "comprehensiveIncomeNetOfTax": "None", "ebit": "6329000000", "ebitda": "6844000000", "netIncome": "2365000000"}, {"fiscalDateEnding": "2017-09-30", "reportedCurrency": "USD", "grossProfit": "17384000000", "totalRevenue": "21005000000", "costOfRevenue": "3621000000", "costofGoodsAndServicesSold": "3621000000", "operatingIncome": "7751000000", "sellingGeneralAndAdministrative": "1423000000", "researchAndDevelopment": "0", "operatingExpenses": "13394000000", "investmentIncomeNet": "None", "netInterestIncome": "None", "interestIncome": "None", "interestExpense": "3496000000", "nonInterestIncome": "None", "otherNonOperatingIncome": "None", "depreciation": "None", "depreciationAndAmortization": "151000000", "incomeBeforeTax": "7611000000", "incomeTaxExpense": "2187000000", "interestAndDebtExpense": "None", "netIncomeFromContinuingOperations": "5587000000", "comprehensiveIncomeNetOfTax": "None", "ebit": "7751000000", "ebitda": "7902000000", "netIncome": "5587000000"}, {"fiscalDateEnding": "2017-06-30", "reportedCurrency": "USD", "grossProfit": "18126000000", "totalRevenue": "22103000000", "costOfRevenue": "3977000000", "costofGoodsAndServicesSold": "3977000000", "operatingIncome": "8313000000", "sellingGeneralAndAdministrative": "1435000000", "researchAndDevelopment": "0", "operatingExpenses": "13982000000", "investmentIncomeNet": "None", "netInterestIncome": "None", "interestIncome": "None", "interestExpense": "3160000000", "nonInterestIncome": "None", "otherNonOperatingIncome": "None", "depreciation": "None", "depreciationAndAmortization": "160000000", "incomeBeforeTax": "8121000000", "incomeTaxExpense": "3015000000", "interestAndDebtExpense": "None", "netIncomeFromContinuingOperations": "5269000000", "comprehensiveIncomeNetOfTax": "None", "ebit": "8313000000", "ebitda": "8473000000", "netIncome": "5269000000"}, {"fiscalDateEnding": "2017-03-31", "reportedCurrency": "USD", "grossProfit": "17658000000", "totalRevenue": "21413000000", "costOfRevenue": "3755000000", "costofGoodsAndServicesSold": "3755000000", "operatingIncome": "7594000000", "sellingGeneralAndAdministrative": "1441000000", "researchAndDevelopment": "0", "operatingExpenses": "14093000000", "investmentIncomeNet": "None", "netInterestIncome": "None", "interestIncome": "None", "interestExpense": "2652000000", "nonInterestIncome": "None", "otherNonOperatingIncome": "None", "depreciation": "None", "depreciationAndAmortization": "162000000", "incomeBeforeTax": "7320000000", "incomeTaxExpense": "1983000000", "interestAndDebtExpense": "None", "netIncomeFromContinuingOperations": "4856000000", "comprehensiveIncomeNetOfTax": "None", "ebit": "7594000000", "ebitda": "7756000000", "netIncome": "4856000000"}, {"fiscalDateEnding": "2016-12-31", "reportedCurrency": "USD", "grossProfit": "15869000000", "totalRevenue": "19216000000", "costOfRevenue": "3347000000", "costofGoodsAndServicesSold": "3347000000", "operatingIncome": "5369000000", "sellingGeneralAndAdministrative": "1500000000", "researchAndDevelopment": "0", "operatingExpenses": "13293000000", "investmentIncomeNet": "None", "netInterestIncome": "None", "interestIncome": "None", "interestExpense": "2573000000", "nonInterestIncome": "None", "otherNonOperatingIncome": "None", "depreciation": "None", "depreciationAndAmortization": "176000000", "incomeBeforeTax": "5923000000", "incomeTaxExpense": "1311000000", "interestAndDebtExpense": "None", "netIncomeFromContinuingOperations": "6039000000", "comprehensiveIncomeNetOfTax": "None", "ebit": "5369000000", "ebitda": "5545000000", "netIncome": "4696000000"}, {"fiscalDateEnding": "2016-09-30", "reportedCurrency": "USD", "grossProfit": "17009000000", "totalRevenue": "20785000000", "costOfRevenue": "3776000000", "costofGoodsAndServicesSold": "3776000000", "operatingIncome": "7485000000", "sellingGeneralAndAdministrative": "1410000000", "researchAndDevelopment": "0", "operatingExpenses": "13481000000", "investmentIncomeNet": "None", "netInterestIncome": "None", "interestIncome": "None", "interestExpense": "2409000000", "nonInterestIncome": "None", "otherNonOperatingIncome": "None", "depreciation": "None", "depreciationAndAmortization": "181000000", "incomeBeforeTax": "7304000000", "incomeTaxExpense": "2349000000", "interestAndDebtExpense": "None", "netIncomeFromContinuingOperations": "4955000000", "comprehensiveIncomeNetOfTax": "None", "ebit": "7485000000", "ebitda": "7666000000", "netIncome": "4955000000"}, {"fiscalDateEnding": "2016-06-30", "reportedCurrency": "USD", "grossProfit": "16517000000", "totalRevenue": "20310000000", "costOfRevenue": "3793000000", "costofGoodsAndServicesSold": "3793000000", "operatingIncome": "7273000000", "sellingGeneralAndAdministrative": "1378000000", "researchAndDevelopment": "0", "operatingExpenses": "13493000000", "investmentIncomeNet": "None", "netInterestIncome": "None", "interestIncome": "None", "interestExpense": "2455000000", "nonInterestIncome": "None", "otherNonOperatingIncome": "None", "depreciation": "None", "depreciationAndAmortization": "186000000", "incomeBeforeTax": "6817000000", "incomeTaxExpense": "2034000000", "interestAndDebtExpense": "None", "netIncomeFromContinuingOperations": "4232000000", "comprehensiveIncomeNetOfTax": "None", "ebit": "7273000000", "ebitda": "7459000000", "netIncome": "4232000000"}, {"fiscalDateEnding": "2016-03-31", "reportedCurrency": "USD", "grossProfit": "15871000000", "totalRevenue": "19793000000", "costOfRevenue": "3922000000", "costofGoodsAndServicesSold": "3922000000", "operatingIncome": "5552000000", "sellingGeneralAndAdministrative": "1436000000", "researchAndDevelopment": "0", "operatingExpenses": "14816000000", "investmentIncomeNet": "None", "netInterestIncome": "None", "interestIncome": "None", "interestExpense": "2524000000", "nonInterestIncome": "None", "otherNonOperatingIncome": "None", "depreciation": "None", "depreciationAndAmortization": "566000000", "incomeBeforeTax": "4977000000", "incomeTaxExpense": "1505000000", "interestAndDebtExpense": "None", "netIncomeFromContinuingOperations": "2680000000", "comprehensiveIncomeNetOfTax": "None", "ebit": "5552000000", "ebitda": "6118000000", "netIncome": "2680000000"}, {"fiscalDateEnding": "2015-12-31", "reportedCurrency": "USD", "grossProfit": "16618000000", "totalRevenue": "18772000000", "costOfRevenue": "2154000000", "costofGoodsAndServicesSold": "2154000000", "operatingIncome": "6164000000", "sellingGeneralAndAdministrative": "1733000000", "researchAndDevelopment": "0", "operatingExpenses": "14010000000", "investmentIncomeNet": "None", "netInterestIncome": "None", "interestIncome": "None", "interestExpense": "2897000000", "nonInterestIncome": "None", "otherNonOperatingIncome": "None", "depreciation": "None", "depreciationAndAmortization": "202000000", "incomeBeforeTax": "4762000000", "incomeTaxExpense": "1478000000", "interestAndDebtExpense": "None", "netIncomeFromContinuingOperations": "2703000000", "comprehensiveIncomeNetOfTax": "None", "ebit": "6164000000", "ebitda": "6366000000", "netIncome": "3336000000"}, {"fiscalDateEnding": "2015-09-30", "reportedCurrency": "USD", "grossProfit": "16474000000", "totalRevenue": "20186000000", "costOfRevenue": "3712000000", "costofGoodsAndServicesSold": "3712000000", "operatingIncome": "6454000000", "sellingGeneralAndAdministrative": "1614000000", "researchAndDevelopment": "0", "operatingExpenses": "13939000000", "investmentIncomeNet": "None", "netInterestIncome": "None", "interestIncome": "None", "interestExpense": "2496000000", "nonInterestIncome": "None", "otherNonOperatingIncome": "None", "depreciation": "None", "depreciationAndAmortization": "207000000", "incomeBeforeTax": "6247000000", "incomeTaxExpense": "1628000000", "interestAndDebtExpense": "None", "netIncomeFromContinuingOperations": "4508000000", "comprehensiveIncomeNetOfTax": "None", "ebit": "6454000000", "ebitda": "6661000000", "netIncome": "4508000000"}, {"fiscalDateEnding": "2015-06-30", "reportedCurrency": "USD", "grossProfit": "16837000000", "totalRevenue": "20697000000", "costOfRevenue": "3860000000", "costofGoodsAndServicesSold": "3860000000", "operatingIncome": "6951000000", "sellingGeneralAndAdministrative": "1411000000", "researchAndDevelopment": "0", "operatingExpenses": "13958000000", "investmentIncomeNet": "None", "netInterestIncome": "None", "interestIncome": "None", "interestExpense": "2644000000", "nonInterestIncome": "None", "otherNonOperatingIncome": "None", "depreciation": "None", "depreciationAndAmortization": "212000000", "incomeBeforeTax": "6739000000", "incomeTaxExpense": "1903000000", "interestAndDebtExpense": "None", "netIncomeFromContinuingOperations": "5320000000", "comprehensiveIncomeNetOfTax": "None", "ebit": "6951000000", "ebitda": "7163000000", "netIncome": "5320000000"}, {"fiscalDateEnding": "2015-03-31", "reportedCurrency": "USD", "grossProfit": "16165000000", "totalRevenue": "20149000000", "costOfRevenue": "3984000000", "costofGoodsAndServicesSold": "3984000000", "operatingIncome": "4535000000", "sellingGeneralAndAdministrative": "1444000000", "researchAndDevelopment": "0", "operatingExpenses": "15827000000", "investmentIncomeNet": "None", "netInterestIncome": "None", "interestIncome": "None", "interestExpense": "2512000000", "nonInterestIncome": "None", "otherNonOperatingIncome": "None", "depreciation": "None", "depreciationAndAmortization": "213000000", "incomeBeforeTax": "4322000000", "incomeTaxExpense": "1225000000", "interestAndDebtExpense": "None", "netIncomeFromContinuingOperations": "3357000000", "comprehensiveIncomeNetOfTax": "None", "ebit": "4535000000", "ebitda": "4748000000", "netIncome": "3357000000"}, {"fiscalDateEnding": "2014-12-31", "reportedCurrency": "USD", "grossProfit": "15770000000", "totalRevenue": "18506000000", "costOfRevenue": "2736000000", "costofGoodsAndServicesSold": "2736000000", "operatingIncome": "4938000000", "sellingGeneralAndAdministrative": "1727000000", "researchAndDevelopment": "0", "operatingExpenses": "14196000000", "investmentIncomeNet": "None", "netInterestIncome": "None", "interestIncome": "None", "interestExpense": "2517000000", "nonInterestIncome": "None", "otherNonOperatingIncome": "None", "depreciation": "None", "depreciationAndAmortization": "228000000", "incomeBeforeTax": "4310000000", "incomeTaxExpense": "1260000000", "interestAndDebtExpense": "None", "netIncomeFromContinuingOperations": "3050000000", "comprehensiveIncomeNetOfTax": "None", "ebit": "4938000000", "ebitda": "5166000000", "netIncome": "3050000000"}, {"fiscalDateEnding": "2014-09-30", "reportedCurrency": "USD", "grossProfit": "10826000000", "totalRevenue": "20573000000", "costOfRevenue": "9747000000", "costofGoodsAndServicesSold": "9747000000", "operatingIncome": "6665000000", "sellingGeneralAndAdministrative": "1676000000", "researchAndDevelopment": "0", "operatingExpenses": "20142000000", "investmentIncomeNet": "None", "netInterestIncome": "None", "interestIncome": "None", "interestExpense": "2639000000", "nonInterestIncome": "None", "otherNonOperatingIncome": "None", "depreciation": "None", "depreciationAndAmortization": "234000000", "incomeBeforeTax": "431000000", "incomeTaxExpense": "663000000", "interestAndDebtExpense": "None", "netIncomeFromContinuingOperations": "-232000000", "comprehensiveIncomeNetOfTax": "None", "ebit": "6665000000", "ebitda": "6899000000", "netIncome": "-470000000"}, {"fiscalDateEnding": "2014-06-30", "reportedCurrency": "USD", "grossProfit": "13497000000", "totalRevenue": "21336000000", "costOfRevenue": "7839000000", "costofGoodsAndServicesSold": "7839000000", "operatingIncome": "7030000000", "sellingGeneralAndAdministrative": "1711000000", "researchAndDevelopment": "0", "operatingExpenses": "18541000000", "investmentIncomeNet": "None", "netInterestIncome": "None", "interestIncome": "None", "interestExpense": "2928000000", "nonInterestIncome": "None", "otherNonOperatingIncome": "None", "depreciation": "None", "depreciationAndAmortization": "235000000", "incomeBeforeTax": "2795000000", "incomeTaxExpense": "504000000", "interestAndDebtExpense": "None", "netIncomeFromContinuingOperations": "2291000000", "comprehensiveIncomeNetOfTax": "None", "ebit": "7030000000", "ebitda": "7265000000", "netIncome": "2291000000"}, {"fiscalDateEnding": "2014-03-31", "reportedCurrency": "USD", "grossProfit": "11510000000", "totalRevenue": "21557000000", "costOfRevenue": "10047000000", "costofGoodsAndServicesSold": "10047000000", "operatingIncome": "5558000000", "sellingGeneralAndAdministrative": "1761000000", "researchAndDevelopment": "0", "operatingExpenses": "22238000000", "investmentIncomeNet": "None", "netInterestIncome": "None", "interestIncome": "None", "interestExpense": "2850000000", "nonInterestIncome": "None", "otherNonOperatingIncome": "None", "depreciation": "None", "depreciationAndAmortization": "239000000", "incomeBeforeTax": "-681000000", "incomeTaxExpense": "405000000", "interestAndDebtExpense": "None", "netIncomeFromContinuingOperations": "-276000000", "comprehensiveIncomeNetOfTax": "None", "ebit": "5558000000", "ebitda": "5797000000", "netIncome": "-514000000"}, {"fiscalDateEnding": "2013-12-31", "reportedCurrency": "USD", "grossProfit": "17890000000", "totalRevenue": "21152000000", "costOfRevenue": "3262000000", "costofGoodsAndServicesSold": "3262000000", "operatingIncome": "6411000000", "sellingGeneralAndAdministrative": "2015000000", "researchAndDevelopment": "0", "operatingExpenses": "17307000000", "investmentIncomeNet": "None", "netInterestIncome": "None", "interestIncome": "None", "interestExpense": "2926000000", "nonInterestIncome": "None", "otherNonOperatingIncome": "None", "depreciation": "None", "depreciationAndAmortization": "266000000", "incomeBeforeTax": "3845000000", "incomeTaxExpense": "406000000", "interestAndDebtExpense": "None", "netIncomeFromContinuingOperations": "3439000000", "comprehensiveIncomeNetOfTax": "None", "ebit": "6411000000", "ebitda": "6677000000", "netIncome": "3439000000"}, {"fiscalDateEnding": "2013-09-30", "reportedCurrency": "USD", "grossProfit": "15814000000", "totalRevenue": "21234000000", "costOfRevenue": "5420000000", "costofGoodsAndServicesSold": "5420000000", "operatingIncome": "6215000000", "sellingGeneralAndAdministrative": "1878000000", "researchAndDevelopment": "0", "operatingExpenses": "16389000000", "investmentIncomeNet": "None", "netInterestIncome": "None", "interestIncome": "None", "interestExpense": "3116000000", "nonInterestIncome": "None", "otherNonOperatingIncome": "None", "depreciation": "None", "depreciationAndAmortization": "270000000", "incomeBeforeTax": "4845000000", "incomeTaxExpense": "2348000000", "interestAndDebtExpense": "None", "netIncomeFromContinuingOperations": "2497000000", "comprehensiveIncomeNetOfTax": "None", "ebit": "6215000000", "ebitda": "6485000000", "netIncome": "2497000000"}, {"fiscalDateEnding": "2013-06-30", "reportedCurrency": "USD", "grossProfit": "16624000000", "totalRevenue": "21516000000", "costOfRevenue": "4892000000", "costofGoodsAndServicesSold": "4892000000", "operatingIncome": "6243000000", "sellingGeneralAndAdministrative": "1884000000", "researchAndDevelopment": "0", "operatingExpenses": "16018000000", "investmentIncomeNet": "None", "netInterestIncome": "None", "interestIncome": "None", "interestExpense": "3276000000", "nonInterestIncome": "None", "otherNonOperatingIncome": "None", "depreciation": "None", "depreciationAndAmortization": "274000000", "incomeBeforeTax": "5498000000", "incomeTaxExpense": "1486000000", "interestAndDebtExpense": "None", "netIncomeFromContinuingOperations": "4012000000", "comprehensiveIncomeNetOfTax": "None", "ebit": "6243000000", "ebitda": "6517000000", "netIncome": "4012000000"}, {"fiscalDateEnding": "2013-03-31", "reportedCurrency": "USD", "grossProfit": "14450000000", "totalRevenue": "21484000000", "costOfRevenue": "7034000000", "costofGoodsAndServicesSold": "7034000000", "operatingIncome": "4460000000", "sellingGeneralAndAdministrative": "1870000000", "researchAndDevelopment": "0", "operatingExpenses": "19500000000", "investmentIncomeNet": "None", "netInterestIncome": "None", "interestIncome": "None", "interestExpense": "3437000000", "nonInterestIncome": "None", "otherNonOperatingIncome": "None", "depreciation": "None", "depreciationAndAmortization": "276000000", "incomeBeforeTax": "1984000000", "incomeTaxExpense": "501000000", "interestAndDebtExpense": "None", "netIncomeFromContinuingOperations": "1483000000", "comprehensiveIncomeNetOfTax": "None", "ebit": "4460000000", "ebitda": "4736000000", "netIncome": "1110000000"}, {"fiscalDateEnding": "2012-12-31", "reportedCurrency": "USD", "grossProfit": "7987000000", "totalRevenue": "14856000000", "costOfRevenue": "6869000000", "costofGoodsAndServicesSold": "6869000000", "operatingIncome": "-2295000000", "sellingGeneralAndAdministrative": "2202000000", "researchAndDevelopment": "0", "operatingExpenses": "16760000000", "investmentIncomeNet": "None", "netInterestIncome": "None", "interestIncome": "None", "interestExpense": "3647000000", "nonInterestIncome": "None", "otherNonOperatingIncome": "None", "depreciation": "None", "depreciationAndAmortization": "309000000", "incomeBeforeTax": "-1904000000", "incomeTaxExpense": "2636000000", "interestAndDebtExpense": "None", "netIncomeFromContinuingOperations": "732000000", "comprehensiveIncomeNetOfTax": "None", "ebit": "-2295000000", "ebitda": "-1986000000", "netIncome": "367000000"}, {"fiscalDateEnding": "2012-09-30", "reportedCurrency": "USD", "grossProfit": "13800000000", "totalRevenue": "20196000000", "costOfRevenue": "6396000000", "costofGoodsAndServicesSold": "6396000000", "operatingIncome": "6228000000", "sellingGeneralAndAdministrative": "14156000000", "researchAndDevelopment": "0", "operatingExpenses": "7748000000", "investmentIncomeNet": "None", "netInterestIncome": "None", "interestIncome": "None", "interestExpense": "4038000000", "nonInterestIncome": "None", "otherNonOperatingIncome": "None", "depreciation": "None", "depreciationAndAmortization": "315000000", "incomeBeforeTax": "1110000000", "incomeTaxExpense": "770000000", "interestAndDebtExpense": "None", "netIncomeFromContinuingOperations": "340000000", "comprehensiveIncomeNetOfTax": "None", "ebit": "6228000000", "ebitda": "6543000000", "netIncome": "340000000"}, {"fiscalDateEnding": "2012-06-30", "reportedCurrency": "USD", "grossProfit": "16088000000", "totalRevenue": "21606000000", "costOfRevenue": "5518000000", "costofGoodsAndServicesSold": "5518000000", "operatingIncome": "7103000000", "sellingGeneralAndAdministrative": "13693000000", "researchAndDevelopment": "0", "operatingExpenses": "6889000000", "investmentIncomeNet": "None", "netInterestIncome": "None", "interestIncome": "None", "interestExpense": "4444000000", "nonInterestIncome": "None", "otherNonOperatingIncome": "None", "depreciation": "None", "depreciationAndAmortization": "321000000", "incomeBeforeTax": "3147000000", "incomeTaxExpense": "684000000", "interestAndDebtExpense": "None", "netIncomeFromContinuingOperations": "2463000000", "comprehensiveIncomeNetOfTax": "None", "ebit": "7103000000", "ebitda": "7424000000", "netIncome": "2463000000"}, {"fiscalDateEnding": "2012-03-31", "reportedCurrency": "USD", "grossProfit": "15423000000", "totalRevenue": "21553000000", "costOfRevenue": "6130000000", "costofGoodsAndServicesSold": "6130000000", "operatingIncome": "8083000000", "sellingGeneralAndAdministrative": "15821000000", "researchAndDevelopment": "0", "operatingExpenses": "7378000000", "investmentIncomeNet": "None", "netInterestIncome": "None", "interestIncome": "None", "interestExpense": "4615000000", "nonInterestIncome": "None", "otherNonOperatingIncome": "None", "depreciation": "None", "depreciationAndAmortization": "319000000", "incomeBeforeTax": "719000000", "incomeTaxExpense": "66000000", "interestAndDebtExpense": "None", "netIncomeFromContinuingOperations": "653000000", "comprehensiveIncomeNetOfTax": "None", "ebit": "8083000000", "ebitda": "8402000000", "netIncome": "653000000"}, {"fiscalDateEnding": "2011-12-31", "reportedCurrency": "USD", "grossProfit": "7735000000", "totalRevenue": "21661000000", "costOfRevenue": "13926000000", "costofGoodsAndServicesSold": "13926000000", "operatingIncome": "7624000000", "sellingGeneralAndAdministrative": "15264000000", "researchAndDevelopment": "0", "operatingExpenses": "14037000000", "investmentIncomeNet": "None", "netInterestIncome": "None", "interestIncome": "None", "interestExpense": "4712000000", "nonInterestIncome": "None", "otherNonOperatingIncome": "None", "depreciation": "None", "depreciationAndAmortization": "365000000", "incomeBeforeTax": "2432000000", "incomeTaxExpense": "441000000", "interestAndDebtExpense": "None", "netIncomeFromContinuingOperations": "1991000000", "comprehensiveIncomeNetOfTax": "None", "ebit": "7624000000", "ebitda": "7989000000", "netIncome": "1991000000"}, {"fiscalDateEnding": "2011-09-30", "reportedCurrency": "USD", "grossProfit": "21421000000", "totalRevenue": "27092000000", "costOfRevenue": "5671000000", "costofGoodsAndServicesSold": "5671000000", "operatingIncome": "8689000000", "sellingGeneralAndAdministrative": "13768000000", "researchAndDevelopment": "0", "operatingExpenses": "7164000000", "investmentIncomeNet": "None", "netInterestIncome": "None", "interestIncome": "None", "interestExpense": "5363000000", "nonInterestIncome": "None", "otherNonOperatingIncome": "None", "depreciation": "None", "depreciationAndAmortization": "377000000", "incomeBeforeTax": "7433000000", "incomeTaxExpense": "1201000000", "interestAndDebtExpense": "None", "netIncomeFromContinuingOperations": "6232000000", "comprehensiveIncomeNetOfTax": "None", "ebit": "8689000000", "ebitda": "9066000000", "netIncome": "6232000000"}, {"fiscalDateEnding": "2011-06-30", "reportedCurrency": "USD", "grossProfit": "3888000000", "totalRevenue": "12069000000", "costOfRevenue": "8181000000", "costofGoodsAndServicesSold": "8181000000", "operatingIncome": "7541000000", "sellingGeneralAndAdministrative": "16548000000", "researchAndDevelopment": "0", "operatingExpenses": "9507000000", "investmentIncomeNet": "None", "netInterestIncome": "None", "interestIncome": "None", "interestExpense": "5802000000", "nonInterestIncome": "None", "otherNonOperatingIncome": "None", "depreciation": "None", "depreciationAndAmortization": "382000000", "incomeBeforeTax": "-12875000000", "incomeTaxExpense": "-4049000000", "interestAndDebtExpense": "None", "netIncomeFromContinuingOperations": "-8826000000", "comprehensiveIncomeNetOfTax": "None", "ebit": "7541000000", "ebitda": "7923000000", "netIncome": "-8826000000"}, {"fiscalDateEnding": "2011-03-31", "reportedCurrency": "USD", "grossProfit": "18238000000", "totalRevenue": "25490000000", "costOfRevenue": "7252000000", "costofGoodsAndServicesSold": "7252000000", "operatingIncome": "9460000000", "sellingGeneralAndAdministrative": "16691000000", "researchAndDevelopment": "0", "operatingExpenses": "8462000000", "investmentIncomeNet": "None", "netInterestIncome": "None", "interestIncome": "None", "interestExpense": "5743000000", "nonInterestIncome": "None", "otherNonOperatingIncome": "None", "depreciation": "None", "depreciationAndAmortization": "385000000", "incomeBeforeTax": "2780000000", "incomeTaxExpense": "731000000", "interestAndDebtExpense": "None", "netIncomeFromContinuingOperations": "2049000000", "comprehensiveIncomeNetOfTax": "None", "ebit": "9460000000", "ebitda": "9845000000", "netIncome": "2049000000"}, {"fiscalDateEnding": "2010-12-31", "reportedCurrency": "USD", "grossProfit": "14007000000", "totalRevenue": "20886000000", "costOfRevenue": "6879000000", "costofGoodsAndServicesSold": "6879000000", "operatingIncome": "9349000000", "sellingGeneralAndAdministrative": "14888000000", "researchAndDevelopment": "0", "operatingExpenses": "4658000000", "investmentIncomeNet": "None", "netInterestIncome": "None", "interestIncome": "None", "interestExpense": "5851000000", "nonInterestIncome": "None", "otherNonOperatingIncome": "None", "depreciation": "None", "depreciationAndAmortization": "420000000", "incomeBeforeTax": "-3595000000", "incomeTaxExpense": "-2351000000", "interestAndDebtExpense": "None", "netIncomeFromContinuingOperations": "-1244000000", "comprehensiveIncomeNetOfTax": "None", "ebit": "9349000000", "ebitda": "9769000000", "netIncome": "-1244000000"}, {"fiscalDateEnding": "2010-09-30", "reportedCurrency": "USD", "grossProfit": "21010000000", "totalRevenue": "26466000000", "costOfRevenue": "5456000000", "costofGoodsAndServicesSold": "5456000000", "operatingIncome": "11605000000", "sellingGeneralAndAdministrative": "13052000000", "researchAndDevelopment": "0", "operatingExpenses": "6604000000", "investmentIncomeNet": "None", "netInterestIncome": "None", "interestIncome": "None", "interestExpense": "5774000000", "nonInterestIncome": "None", "otherNonOperatingIncome": "None", "depreciation": "None", "depreciationAndAmortization": "426000000", "incomeBeforeTax": "-5912000000", "incomeTaxExpense": "1387000000", "interestAndDebtExpense": "None", "netIncomeFromContinuingOperations": "-7299000000", "comprehensiveIncomeNetOfTax": "None", "ebit": "11605000000", "ebitda": "12031000000", "netIncome": "-7299000000"}, {"fiscalDateEnding": "2010-06-30", "reportedCurrency": "USD", "grossProfit": "23766000000", "totalRevenue": "29153000000", "costOfRevenue": "5387000000", "costofGoodsAndServicesSold": "5387000000", "operatingIncome": "12605000000", "sellingGeneralAndAdministrative": "13372000000", "researchAndDevelopment": "0", "operatingExpenses": "6526000000", "investmentIncomeNet": "None", "netInterestIncome": "None", "interestIncome": "None", "interestExpense": "6231000000", "nonInterestIncome": "None", "otherNonOperatingIncome": "None", "depreciation": "None", "depreciationAndAmortization": "986000000", "incomeBeforeTax": "3795000000", "incomeTaxExpense": "672000000", "interestAndDebtExpense": "None", "netIncomeFromContinuingOperations": "3123000000", "comprehensiveIncomeNetOfTax": "None", "ebit": "12605000000", "ebitda": "13591000000", "netIncome": "3123000000"}, {"fiscalDateEnding": "2010-03-31", "reportedCurrency": "USD", "grossProfit": "26301000000", "totalRevenue": "31969000000", "costOfRevenue": "5668000000", "costofGoodsAndServicesSold": "5668000000", "operatingIncome": "13207000000", "sellingGeneralAndAdministrative": "14019000000", "researchAndDevelopment": "0", "operatingExpenses": "6672000000", "investmentIncomeNet": "None", "netInterestIncome": "None", "interestIncome": "None", "interestExpense": "6130000000", "nonInterestIncome": "None", "otherNonOperatingIncome": "None", "depreciation": "None", "depreciationAndAmortization": "1012000000", "incomeBeforeTax": "4389000000", "incomeTaxExpense": "1207000000", "interestAndDebtExpense": "None", "netIncomeFromContinuingOperations": "3182000000", "comprehensiveIncomeNetOfTax": "None", "ebit": "13207000000", "ebitda": "14219000000", "netIncome": "3182000000"}, {"fiscalDateEnding": "2009-12-31", "reportedCurrency": "USD", "grossProfit": "17226000000", "totalRevenue": "23050000000", "costOfRevenue": "5824000000", "costofGoodsAndServicesSold": "5824000000", "operatingIncome": "13012000000", "sellingGeneralAndAdministrative": "12268000000", "researchAndDevelopment": "0", "operatingExpenses": "4214000000", "investmentIncomeNet": "None", "netInterestIncome": "None", "interestIncome": "None", "interestExpense": "6086000000", "nonInterestIncome": "None", "otherNonOperatingIncome": "None", "depreciation": "None", "depreciationAndAmortization": "432000000", "incomeBeforeTax": "-1419000000", "incomeTaxExpense": "-1225000000", "interestAndDebtExpense": "None", "netIncomeFromContinuingOperations": "0", "comprehensiveIncomeNetOfTax": "None", "ebit": "13012000000", "ebitda": "13444000000", "netIncome": "-194000000"}, {"fiscalDateEnding": "2009-09-30", "reportedCurrency": "USD", "grossProfit": "20385000000", "totalRevenue": "25989000000", "costOfRevenue": "5604000000", "costofGoodsAndServicesSold": "5604000000", "operatingIncome": "11887000000", "sellingGeneralAndAdministrative": "12333000000", "researchAndDevelopment": "0", "operatingExpenses": "6636000000", "investmentIncomeNet": "None", "netInterestIncome": "None", "interestIncome": "None", "interestExpense": "7100000000", "nonInterestIncome": "None", "otherNonOperatingIncome": "None", "depreciation": "None", "depreciationAndAmortization": "1096000000", "incomeBeforeTax": "-1976000000", "incomeTaxExpense": "-975000000", "interestAndDebtExpense": "None", "netIncomeFromContinuingOperations": "-1001000000", "comprehensiveIncomeNetOfTax": "None", "ebit": "11887000000", "ebitda": "12983000000", "netIncome": "-1001000000"}, {"fiscalDateEnding": "2009-06-30", "reportedCurrency": "USD", "grossProfit": "20955000000", "totalRevenue": "26831000000", "costOfRevenue": "5876000000", "costofGoodsAndServicesSold": "5876000000", "operatingIncome": "12673000000", "sellingGeneralAndAdministrative": "12797000000", "researchAndDevelopment": "0", "operatingExpenses": "6919000000", "investmentIncomeNet": "None", "netInterestIncome": "None", "interestIncome": "None", "interestExpense": "7962000000", "nonInterestIncome": "None", "otherNonOperatingIncome": "None", "depreciation": "None", "depreciationAndAmortization": "516000000", "incomeBeforeTax": "2379000000", "incomeTaxExpense": "-845000000", "interestAndDebtExpense": "None", "netIncomeFromContinuingOperations": "3224000000", "comprehensiveIncomeNetOfTax": "None", "ebit": "12673000000", "ebitda": "13189000000", "netIncome": "3224000000"}, {"fiscalDateEnding": "2009-03-31", "reportedCurrency": "USD", "grossProfit": "30710000000", "totalRevenue": "35758000000", "costOfRevenue": "5048000000", "costofGoodsAndServicesSold": "5048000000", "operatingIncome": "16182000000", "sellingGeneralAndAdministrative": "13041000000", "researchAndDevelopment": "0", "operatingExpenses": "5974000000", "investmentIncomeNet": "None", "netInterestIncome": "None", "interestIncome": "None", "interestExpense": "9659000000", "nonInterestIncome": "None", "otherNonOperatingIncome": "None", "depreciation": "None", "depreciationAndAmortization": "1098000000", "incomeBeforeTax": "5376000000", "incomeTaxExpense": "1129000000", "interestAndDebtExpense": "None", "netIncomeFromContinuingOperations": "0", "comprehensiveIncomeNetOfTax": "None", "ebit": "16182000000", "ebitda": "17280000000", "netIncome": "4247000000"}, {"fiscalDateEnding": "2008-12-31", "reportedCurrency": "USD", "grossProfit": "12180000000", "totalRevenue": "16471000000", "costOfRevenue": "4291000000", "costofGoodsAndServicesSold": "4291000000", "operatingIncome": "8220000000", "sellingGeneralAndAdministrative": "7638000000", "researchAndDevelopment": "0", "operatingExpenses": "3960000000", "investmentIncomeNet": "None", "netInterestIncome": "None", "interestIncome": "None", "interestExpense": "8496000000", "nonInterestIncome": "None", "otherNonOperatingIncome": "None", "depreciation": "None", "depreciationAndAmortization": "477000000", "incomeBeforeTax": "-3802000000", "incomeTaxExpense": "-2013000000", "interestAndDebtExpense": "None", "netIncomeFromContinuingOperations": "0", "comprehensiveIncomeNetOfTax": "None", "ebit": "8220000000", "ebitda": "8697000000", "netIncome": "-1789000000"}, {"fiscalDateEnding": "2008-09-30", "reportedCurrency": "USD", "grossProfit": "15942000000", "totalRevenue": "19621000000", "costOfRevenue": "3679000000", "costofGoodsAndServicesSold": "3679000000", "operatingIncome": "17488000000", "sellingGeneralAndAdministrative": "5198000000", "researchAndDevelopment": "0", "operatingExpenses": "4708000000", "investmentIncomeNet": "None", "netInterestIncome": "None", "interestIncome": "None", "interestExpense": "10554000000", "nonInterestIncome": "None", "otherNonOperatingIncome": "None", "depreciation": "None", "depreciationAndAmortization": "862000000", "incomeBeforeTax": "1511000000", "incomeTaxExpense": "334000000", "interestAndDebtExpense": "None", "netIncomeFromContinuingOperations": "0", "comprehensiveIncomeNetOfTax": "None", "ebit": "17488000000", "ebitda": "18350000000", "netIncome": "1177000000"}, {"fiscalDateEnding": "2008-06-30", "reportedCurrency": "USD", "grossProfit": "17616000000", "totalRevenue": "20315000000", "costOfRevenue": "2699000000", "costofGoodsAndServicesSold": "2699000000", "operatingIncome": "16395000000", "sellingGeneralAndAdministrative": "4420000000", "researchAndDevelopment": "0", "operatingExpenses": "3632000000", "investmentIncomeNet": "None", "netInterestIncome": "None", "interestIncome": "None", "interestExpense": "9406000000", "nonInterestIncome": "None", "otherNonOperatingIncome": "None", "depreciation": "None", "depreciationAndAmortization": "795000000", "incomeBeforeTax": "4921000000", "incomeTaxExpense": "1511000000", "interestAndDebtExpense": "None", "netIncomeFromContinuingOperations": "0", "comprehensiveIncomeNetOfTax": "None", "ebit": "16395000000", "ebitda": "17190000000", "netIncome": "3410000000"}, {"fiscalDateEnding": "2008-03-31", "reportedCurrency": "USD", "grossProfit": "14895000000", "totalRevenue": "17003000000", "costOfRevenue": "2108000000", "costofGoodsAndServicesSold": "2108000000", "operatingIncome": "18829000000", "sellingGeneralAndAdministrative": "4726000000", "researchAndDevelopment": "0", "operatingExpenses": "3030000000", "investmentIncomeNet": "None", "netInterestIncome": "None", "interestIncome": "None", "interestExpense": "11868000000", "nonInterestIncome": "None", "otherNonOperatingIncome": "None", "depreciation": "None", "depreciationAndAmortization": "774000000", "incomeBeforeTax": "1798000000", "incomeTaxExpense": "588000000", "interestAndDebtExpense": "None", "netIncomeFromContinuingOperations": "0", "comprehensiveIncomeNetOfTax": "None", "ebit": "18829000000", "ebitda": "19603000000", "netIncome": "1210000000"}, {"fiscalDateEnding": "2007-12-31", "reportedCurrency": "USD", "grossProfit": "5729000000", "totalRevenue": "12672000000", "costOfRevenue": "2879000000", "costofGoodsAndServicesSold": "2879000000", "operatingIncome": "2199000000", "sellingGeneralAndAdministrative": "13034000000", "researchAndDevelopment": "0", "operatingExpenses": "3530000000", "investmentIncomeNet": "None", "netInterestIncome": "None", "interestIncome": "None", "interestExpense": "14315000000", "nonInterestIncome": "None", "otherNonOperatingIncome": "None", "depreciation": "None", "depreciationAndAmortization": "799000000", "incomeBeforeTax": "-915000000", "incomeTaxExpense": "-1183000000", "interestAndDebtExpense": "None", "netIncomeFromContinuingOperations": "0", "comprehensiveIncomeNetOfTax": "None", "ebit": "2199000000", "ebitda": "2998000000", "netIncome": "268000000"}, {"fiscalDateEnding": "2007-09-30", "reportedCurrency": "USD", "grossProfit": "13596000000", "totalRevenue": "15929000000", "costOfRevenue": "2333000000", "costofGoodsAndServicesSold": "2333000000", "operatingIncome": "10453000000", "sellingGeneralAndAdministrative": "4169000000", "researchAndDevelopment": "0", "operatingExpenses": "3143000000", "investmentIncomeNet": "None", "netInterestIncome": "None", "interestIncome": "None", "interestExpense": "13418000000", "nonInterestIncome": "None", "otherNonOperatingIncome": "None", "depreciation": "None", "depreciationAndAmortization": "710000000", "incomeBeforeTax": "5356000000", "incomeTaxExpense": "1658000000", "interestAndDebtExpense": "None", "netIncomeFromContinuingOperations": "0", "comprehensiveIncomeNetOfTax": "None", "ebit": "10453000000", "ebitda": "11163000000", "netIncome": "3698000000"}, {"fiscalDateEnding": "2007-06-30", "reportedCurrency": "USD", "grossProfit": "17209000000", "totalRevenue": "19563000000", "costOfRevenue": "2354000000", "costofGoodsAndServicesSold": "2354000000", "operatingIncome": "14035000000", "sellingGeneralAndAdministrative": "4737000000", "researchAndDevelopment": "0", "operatingExpenses": "3174000000", "investmentIncomeNet": "None", "netInterestIncome": "None", "interestIncome": "None", "interestExpense": "12846000000", "nonInterestIncome": "None", "otherNonOperatingIncome": "None", "depreciation": "None", "depreciationAndAmortization": "671000000", "incomeBeforeTax": "8660000000", "incomeTaxExpense": "2899000000", "interestAndDebtExpense": "None", "netIncomeFromContinuingOperations": "0", "comprehensiveIncomeNetOfTax": "None", "ebit": "14035000000", "ebitda": "14706000000", "netIncome": "5761000000"}, {"fiscalDateEnding": "2007-03-31", "reportedCurrency": "USD", "grossProfit": "16055000000", "totalRevenue": "18155000000", "costOfRevenue": "2100000000", "costofGoodsAndServicesSold": "2100000000", "operatingIncome": "13171000000", "sellingGeneralAndAdministrative": "5025000000", "researchAndDevelopment": "0", "operatingExpenses": "2884000000", "investmentIncomeNet": "None", "netInterestIncome": "None", "interestIncome": "None", "interestExpense": "12292000000", "nonInterestIncome": "None", "otherNonOperatingIncome": "None", "depreciation": "None", "depreciationAndAmortization": "664000000", "incomeBeforeTax": "7823000000", "incomeTaxExpense": "2568000000", "interestAndDebtExpense": "None", "netIncomeFromContinuingOperations": "0", "comprehensiveIncomeNetOfTax": "None", "ebit": "13171000000", "ebitda": "13835000000", "netIncome": "5255000000"}, {"fiscalDateEnding": "2006-12-31", "reportedCurrency": "USD", "grossProfit": "13063000000", "totalRevenue": "15297000000", "costOfRevenue": "2234000000", "costofGoodsAndServicesSold": "2234000000", "operatingIncome": "9649000000", "sellingGeneralAndAdministrative": "11701000000", "researchAndDevelopment": "0", "operatingExpenses": "3414000000", "investmentIncomeNet": "None", "netInterestIncome": "None", "interestIncome": "None", "interestExpense": "11892000000", "nonInterestIncome": "None", "otherNonOperatingIncome": "None", "depreciation": "None", "depreciationAndAmortization": "712000000", "incomeBeforeTax": "7823000000", "incomeTaxExpense": "2567000000", "interestAndDebtExpense": "None", "netIncomeFromContinuingOperations": "0", "comprehensiveIncomeNetOfTax": "None", "ebit": "9649000000", "ebitda": "10361000000", "netIncome": "5256000000"}, {"fiscalDateEnding": "2006-09-30", "reportedCurrency": "USD", "grossProfit": "16014000000", "totalRevenue": "18184000000", "costOfRevenue": "2170000000", "costofGoodsAndServicesSold": "2170000000", "operatingIncome": "15637000000", "sellingGeneralAndAdministrative": "4474000000", "researchAndDevelopment": "0", "operatingExpenses": "3016000000", "investmentIncomeNet": "None", "netInterestIncome": "None", "interestIncome": "None", "interestExpense": "12086000000", "nonInterestIncome": "None", "otherNonOperatingIncome": "None", "depreciation": "None", "depreciationAndAmortization": "719000000", "incomeBeforeTax": "8156000000", "incomeTaxExpense": "2740000000", "interestAndDebtExpense": "None", "netIncomeFromContinuingOperations": "0", "comprehensiveIncomeNetOfTax": "None", "ebit": "15637000000", "ebitda": "16356000000", "netIncome": "5416000000"}, {"fiscalDateEnding": "2006-06-30", "reportedCurrency": "USD", "grossProfit": "16040000000", "totalRevenue": "18221000000", "costOfRevenue": "2181000000", "costofGoodsAndServicesSold": "2181000000", "operatingIncome": "15263000000", "sellingGeneralAndAdministrative": "4480000000", "researchAndDevelopment": "0", "operatingExpenses": "2965000000", "investmentIncomeNet": "None", "netInterestIncome": "None", "interestIncome": "None", "interestExpense": "10667000000", "nonInterestIncome": "None", "otherNonOperatingIncome": "None", "depreciation": "None", "depreciationAndAmortization": "720000000", "incomeBeforeTax": "8497000000", "incomeTaxExpense": "3022000000", "interestAndDebtExpense": "None", "netIncomeFromContinuingOperations": "0", "comprehensiveIncomeNetOfTax": "None", "ebit": "15263000000", "ebitda": "15983000000", "netIncome": "5475000000"}, {"fiscalDateEnding": "2006-03-31", "reportedCurrency": "USD", "grossProfit": "15541000000", "totalRevenue": "17691000000", "costOfRevenue": "2150000000", "costofGoodsAndServicesSold": "2150000000", "operatingIncome": "14734000000", "sellingGeneralAndAdministrative": "4813000000", "researchAndDevelopment": "0", "operatingExpenses": "2943000000", "investmentIncomeNet": "None", "netInterestIncome": "None", "interestIncome": "None", "interestExpense": "9349000000", "nonInterestIncome": "None", "otherNonOperatingIncome": "None", "depreciation": "None", "depreciationAndAmortization": "718000000", "incomeBeforeTax": "7497000000", "incomeTaxExpense": "2511000000", "interestAndDebtExpense": "None", "netIncomeFromContinuingOperations": "0", "comprehensiveIncomeNetOfTax": "None", "ebit": "14734000000", "ebitda": "15452000000", "netIncome": "4986000000"}, {"fiscalDateEnding": "2005-12-31", "reportedCurrency": "USD", "grossProfit": "11459000000", "totalRevenue": "13518000000", "costOfRevenue": "2059000000", "costofGoodsAndServicesSold": "2059000000", "operatingIncome": "9274000000", "sellingGeneralAndAdministrative": "3845000000", "researchAndDevelopment": "0", "operatingExpenses": "2185000000", "investmentIncomeNet": "None", "netInterestIncome": "None", "interestIncome": "None", "interestExpense": "8532000000", "nonInterestIncome": "None", "otherNonOperatingIncome": "None", "depreciation": "None", "depreciationAndAmortization": "439000000", "incomeBeforeTax": "4798000000", "incomeTaxExpense": "1451000000", "interestAndDebtExpense": "None", "netIncomeFromContinuingOperations": "0", "comprehensiveIncomeNetOfTax": "None", "ebit": "9274000000", "ebitda": "9713000000", "netIncome": "3347000000"}, {"fiscalDateEnding": "2005-09-30", "reportedCurrency": "USD", "grossProfit": "12637000000", "totalRevenue": "14636000000", "costOfRevenue": "1999000000", "costofGoodsAndServicesSold": "1999000000", "operatingIncome": "10077000000", "sellingGeneralAndAdministrative": "3837000000", "researchAndDevelopment": "0", "operatingExpenses": "2560000000", "investmentIncomeNet": "None", "netInterestIncome": "None", "interestIncome": "None", "interestExpense": "7436000000", "nonInterestIncome": "None", "otherNonOperatingIncome": "None", "depreciation": "None", "depreciationAndAmortization": "439000000", "incomeBeforeTax": "6192000000", "incomeTaxExpense": "2065000000", "interestAndDebtExpense": "None", "netIncomeFromContinuingOperations": "0", "comprehensiveIncomeNetOfTax": "None", "ebit": "10077000000", "ebitda": "10516000000", "netIncome": "4127000000"}, {"fiscalDateEnding": "2005-06-30", "reportedCurrency": "USD", "grossProfit": "12443000000", "totalRevenue": "14340000000", "costOfRevenue": "1897000000", "costofGoodsAndServicesSold": "1897000000", "operatingIncome": "11556000000", "sellingGeneralAndAdministrative": "3671000000", "researchAndDevelopment": "0", "operatingExpenses": "2459000000", "investmentIncomeNet": "None", "netInterestIncome": "None", "interestIncome": "None", "interestExpense": "6641000000", "nonInterestIncome": "None", "otherNonOperatingIncome": "None", "depreciation": "None", "depreciationAndAmortization": "442000000", "incomeBeforeTax": "6446000000", "incomeTaxExpense": "2150000000", "interestAndDebtExpense": "None", "netIncomeFromContinuingOperations": "0", "comprehensiveIncomeNetOfTax": "None", "ebit": "11556000000", "ebitda": "11998000000", "netIncome": "4296000000"}, {"fiscalDateEnding": "2005-03-31", "reportedCurrency": "USD", "grossProfit": "12729000000", "totalRevenue": "14681000000", "costOfRevenue": "1952000000", "costofGoodsAndServicesSold": "1952000000", "operatingIncome": "10263000000", "sellingGeneralAndAdministrative": "3701000000", "researchAndDevelopment": "0", "operatingExpenses": "2466000000", "investmentIncomeNet": "None", "netInterestIncome": "None", "interestIncome": "None", "interestExpense": "5280000000", "nonInterestIncome": "None", "otherNonOperatingIncome": "None", "depreciation": "None", "depreciationAndAmortization": "448000000", "incomeBeforeTax": "7044000000", "incomeTaxExpense": "2349000000", "interestAndDebtExpense": "None", "netIncomeFromContinuingOperations": "0", "comprehensiveIncomeNetOfTax": "None", "ebit": "10263000000", "ebitda": "10711000000", "netIncome": "4695000000"}, {"fiscalDateEnding": "2004-12-31", "reportedCurrency": "USD", "grossProfit": "11733000000", "totalRevenue": "13896000000", "costOfRevenue": "2163000000", "costofGoodsAndServicesSold": "2163000000", "operatingIncome": "9548000000", "sellingGeneralAndAdministrative": "3532000000", "researchAndDevelopment": "0", "operatingExpenses": "2185000000", "investmentIncomeNet": "None", "netInterestIncome": "None", "interestIncome": "None", "interestExpense": "4379000000", "nonInterestIncome": "None", "otherNonOperatingIncome": "None", "depreciation": "None", "depreciationAndAmortization": "458000000", "incomeBeforeTax": "5775000000", "incomeTaxExpense": "1926000000", "interestAndDebtExpense": "None", "netIncomeFromContinuingOperations": "0", "comprehensiveIncomeNetOfTax": "None", "ebit": "9548000000", "ebitda": "10006000000", "netIncome": "3849000000"}]}