{"symbol": "FCX", "annualReports": [{"fiscalDateEnding": "2024-12-31", "reportedCurrency": "USD", "grossProfit": "7660000000", "totalRevenue": "25455000000", "costOfRevenue": "17795000000", "costofGoodsAndServicesSold": "17795000000", "operatingIncome": "6864000000", "sellingGeneralAndAdministrative": "513000000", "researchAndDevelopment": "None", "operatingExpenses": "796000000", "investmentIncomeNet": "None", "netInterestIncome": "-319000000", "interestIncome": "None", "interestExpense": "319000000", "nonInterestIncome": "None", "otherNonOperatingIncome": "None", "depreciation": "None", "depreciationAndAmortization": "2241000000", "incomeBeforeTax": "6907000000", "incomeTaxExpense": "2523000000", "interestAndDebtExpense": "None", "netIncomeFromContinuingOperations": "4399000000", "comprehensiveIncomeNetOfTax": "None", "ebit": "6588000000", "ebitda": "8829000000", "netIncome": "1889000000"}, {"fiscalDateEnding": "2023-12-31", "reportedCurrency": "USD", "grossProfit": "7160000000", "totalRevenue": "22855000000", "costOfRevenue": "15695000000", "costofGoodsAndServicesSold": "15695000000", "operatingIncome": "6225000000", "sellingGeneralAndAdministrative": "479000000", "researchAndDevelopment": "None", "operatingExpenses": "935000000", "investmentIncomeNet": "None", "netInterestIncome": "-555000000", "interestIncome": "None", "interestExpense": "515000000", "nonInterestIncome": "None", "otherNonOperatingIncome": "None", "depreciation": "None", "depreciationAndAmortization": "2068000000", "incomeBeforeTax": "6006000000", "incomeTaxExpense": "2270000000", "interestAndDebtExpense": "None", "netIncomeFromContinuingOperations": "3751000000", "comprehensiveIncomeNetOfTax": "None", "ebit": "6521000000", "ebitda": "8589000000", "netIncome": "1842000000"}, {"fiscalDateEnding": "2022-12-31", "reportedCurrency": "USD", "grossProfit": "7691000000", "totalRevenue": "22780000000", "costOfRevenue": "15089000000", "costofGoodsAndServicesSold": "15089000000", "operatingIncome": "7037000000", "sellingGeneralAndAdministrative": "420000000", "researchAndDevelopment": "None", "operatingExpenses": "656000000", "investmentIncomeNet": "None", "netInterestIncome": "-560000000", "interestIncome": "415000000", "interestExpense": "560000000", "nonInterestIncome": "None", "otherNonOperatingIncome": "269000000", "depreciation": "None", "depreciationAndAmortization": "2019000000", "incomeBeforeTax": "6715000000", "incomeTaxExpense": "2267000000", "interestAndDebtExpense": "None", "netIncomeFromContinuingOperations": "4479000000", "comprehensiveIncomeNetOfTax": "None", "ebit": "7275000000", "ebitda": "9294000000", "netIncome": "3468000000"}, {"fiscalDateEnding": "2021-12-31", "reportedCurrency": "USD", "grossProfit": "8815000000", "totalRevenue": "22845000000", "costOfRevenue": "14030000000", "costofGoodsAndServicesSold": "14030000000", "operatingIncome": "8366000000", "sellingGeneralAndAdministrative": "383000000", "researchAndDevelopment": "None", "operatingExpenses": "529000000", "investmentIncomeNet": "None", "netInterestIncome": "-602000000", "interestIncome": "602000000", "interestExpense": "602000000", "nonInterestIncome": "None", "otherNonOperatingIncome": "-100000000", "depreciation": "None", "depreciationAndAmortization": "1998000000", "incomeBeforeTax": "7659000000", "incomeTaxExpense": "2299000000", "interestAndDebtExpense": "None", "netIncomeFromContinuingOperations": "5365000000", "comprehensiveIncomeNetOfTax": "None", "ebit": "8261000000", "ebitda": "10259000000", "netIncome": "4306000000"}, {"fiscalDateEnding": "2020-12-31", "reportedCurrency": "USD", "grossProfit": "2543000000", "totalRevenue": "14198000000", "costOfRevenue": "11655000000", "costofGoodsAndServicesSold": "11655000000", "operatingIncome": "2437000000", "sellingGeneralAndAdministrative": "370000000", "researchAndDevelopment": "None", "operatingExpenses": "579000000", "investmentIncomeNet": "None", "netInterestIncome": "-598000000", "interestIncome": "598000000", "interestExpense": "598000000", "nonInterestIncome": "None", "otherNonOperatingIncome": "-30000000", "depreciation": "None", "depreciationAndAmortization": "1528000000", "incomeBeforeTax": "1797000000", "incomeTaxExpense": "944000000", "interestAndDebtExpense": "None", "netIncomeFromContinuingOperations": "865000000", "comprehensiveIncomeNetOfTax": "None", "ebit": "2395000000", "ebitda": "3923000000", "netIncome": "853000000"}, {"fiscalDateEnding": "2019-12-31", "reportedCurrency": "USD", "grossProfit": "1297000000", "totalRevenue": "14402000000", "costOfRevenue": "13105000000", "costofGoodsAndServicesSold": "13105000000", "operatingIncome": "536000000", "sellingGeneralAndAdministrative": "414000000", "researchAndDevelopment": "None", "operatingExpenses": "623000000", "investmentIncomeNet": "None", "netInterestIncome": "-620000000", "interestIncome": "620000000", "interestExpense": "620000000", "nonInterestIncome": "None", "otherNonOperatingIncome": "-153000000", "depreciation": "None", "depreciationAndAmortization": "1412000000", "incomeBeforeTax": "306000000", "incomeTaxExpense": "510000000", "interestAndDebtExpense": "None", "netIncomeFromContinuingOperations": "-192000000", "comprehensiveIncomeNetOfTax": "None", "ebit": "536000000", "ebitda": "1948000000", "netIncome": "-204000000"}, {"fiscalDateEnding": "2018-12-31", "reportedCurrency": "USD", "grossProfit": "5183000000", "totalRevenue": "18628000000", "costOfRevenue": "13445000000", "costofGoodsAndServicesSold": "13445000000", "operatingIncome": "4754000000", "sellingGeneralAndAdministrative": "443000000", "researchAndDevelopment": "0", "operatingExpenses": "637000000", "investmentIncomeNet": "None", "netInterestIncome": "-945000000", "interestIncome": "945000000", "interestExpense": "945000000", "nonInterestIncome": "None", "otherNonOperatingIncome": "91000000", "depreciation": "None", "depreciationAndAmortization": "1754000000", "incomeBeforeTax": "3892000000", "incomeTaxExpense": "1374000000", "interestAndDebtExpense": "None", "netIncomeFromContinuingOperations": "2909000000", "comprehensiveIncomeNetOfTax": "None", "ebit": "4622000000", "ebitda": "6376000000", "netIncome": "2257000000"}, {"fiscalDateEnding": "2017-12-31", "reportedCurrency": "USD", "grossProfit": "4381000000", "totalRevenue": "16403000000", "costOfRevenue": "12022000000", "costofGoodsAndServicesSold": "12022000000", "operatingIncome": "3633000000", "sellingGeneralAndAdministrative": "484000000", "researchAndDevelopment": "94000000", "operatingExpenses": "829000000", "investmentIncomeNet": "None", "netInterestIncome": "-801000000", "interestIncome": "801000000", "interestExpense": "801000000", "nonInterestIncome": "None", "otherNonOperatingIncome": "80000000", "depreciation": "None", "depreciationAndAmortization": "1714000000", "incomeBeforeTax": "2902000000", "incomeTaxExpense": "883000000", "interestAndDebtExpense": "None", "netIncomeFromContinuingOperations": "2029000000", "comprehensiveIncomeNetOfTax": "None", "ebit": "3601000000", "ebitda": "5315000000", "netIncome": "1817000000"}, {"fiscalDateEnding": "2016-12-31", "reportedCurrency": "USD", "grossProfit": "-2750000000", "totalRevenue": "14830000000", "costOfRevenue": "17580000000", "costofGoodsAndServicesSold": "17580000000", "operatingIncome": "-2792000000", "sellingGeneralAndAdministrative": "607000000", "researchAndDevelopment": "64000000", "operatingExpenses": "691000000", "investmentIncomeNet": "None", "netInterestIncome": "-755000000", "interestIncome": "755000000", "interestExpense": "755000000", "nonInterestIncome": "None", "otherNonOperatingIncome": "86000000", "depreciation": "None", "depreciationAndAmortization": "2610000000", "incomeBeforeTax": "-3472000000", "incomeTaxExpense": "371000000", "interestAndDebtExpense": "None", "netIncomeFromContinuingOperations": "-3832000000", "comprehensiveIncomeNetOfTax": "None", "ebit": "-3392000000", "ebitda": "-782000000", "netIncome": "-4315000000"}, {"fiscalDateEnding": "2015-12-31", "reportedCurrency": "USD", "grossProfit": "-12647000000", "totalRevenue": "15877000000", "costOfRevenue": "28524000000", "costofGoodsAndServicesSold": "28524000000", "operatingIncome": "-13382000000", "sellingGeneralAndAdministrative": "569000000", "researchAndDevelopment": "0", "operatingExpenses": "774000000", "investmentIncomeNet": "None", "netInterestIncome": "None", "interestIncome": "617000000", "interestExpense": "645000000", "nonInterestIncome": "None", "otherNonOperatingIncome": "3000000", "depreciation": "None", "depreciationAndAmortization": "3497000000", "incomeBeforeTax": "-14021000000", "incomeTaxExpense": "-1935000000", "interestAndDebtExpense": "None", "netIncomeFromContinuingOperations": "-12086000000", "comprehensiveIncomeNetOfTax": "None", "ebit": "-13507000000", "ebitda": "-10010000000", "netIncome": "-12195000000"}, {"fiscalDateEnding": "2014-12-31", "reportedCurrency": "USD", "grossProfit": "1934000000", "totalRevenue": "21438000000", "costOfRevenue": "19504000000", "costofGoodsAndServicesSold": "19504000000", "operatingIncome": "97000000", "sellingGeneralAndAdministrative": "592000000", "researchAndDevelopment": "0", "operatingExpenses": "837000000", "investmentIncomeNet": "None", "netInterestIncome": "None", "interestIncome": "None", "interestExpense": "630000000", "nonInterestIncome": "None", "otherNonOperatingIncome": "112000000", "depreciation": "None", "depreciationAndAmortization": "3863000000", "incomeBeforeTax": "-424000000", "incomeTaxExpense": "324000000", "interestAndDebtExpense": "None", "netIncomeFromContinuingOperations": "-748000000", "comprehensiveIncomeNetOfTax": "None", "ebit": "1133000000", "ebitda": "4996000000", "netIncome": "-1268000000"}, {"fiscalDateEnding": "2013-12-31", "reportedCurrency": "USD", "grossProfit": "6284000000", "totalRevenue": "20921000000", "costOfRevenue": "14637000000", "costofGoodsAndServicesSold": "14637000000", "operatingIncome": "5351000000", "sellingGeneralAndAdministrative": "657000000", "researchAndDevelopment": "0", "operatingExpenses": "933000000", "investmentIncomeNet": "None", "netInterestIncome": "None", "interestIncome": "None", "interestExpense": "518000000", "nonInterestIncome": "None", "otherNonOperatingIncome": "83000000", "depreciation": "None", "depreciationAndAmortization": "2797000000", "incomeBeforeTax": "4913000000", "incomeTaxExpense": "1475000000", "interestAndDebtExpense": "None", "netIncomeFromContinuingOperations": "3438000000", "comprehensiveIncomeNetOfTax": "None", "ebit": "5466000000", "ebitda": "8263000000", "netIncome": "2658000000"}, {"fiscalDateEnding": "2012-12-31", "reportedCurrency": "USD", "grossProfit": "6449000000", "totalRevenue": "18010000000", "costOfRevenue": "11561000000", "costofGoodsAndServicesSold": "11561000000", "operatingIncome": "5814000000", "sellingGeneralAndAdministrative": "431000000", "researchAndDevelopment": "0", "operatingExpenses": "694000000", "investmentIncomeNet": "None", "netInterestIncome": "None", "interestIncome": "None", "interestExpense": "186000000", "nonInterestIncome": "None", "otherNonOperatingIncome": "-138000000", "depreciation": "None", "depreciationAndAmortization": "1179000000", "incomeBeforeTax": "5487000000", "incomeTaxExpense": "1510000000", "interestAndDebtExpense": "None", "netIncomeFromContinuingOperations": "3977000000", "comprehensiveIncomeNetOfTax": "None", "ebit": "5782000000", "ebitda": "6961000000", "netIncome": "3041000000"}, {"fiscalDateEnding": "2011-12-31", "reportedCurrency": "USD", "grossProfit": "9960000000", "totalRevenue": "20880000000", "costOfRevenue": "10920000000", "costofGoodsAndServicesSold": "10920000000", "operatingIncome": "9140000000", "sellingGeneralAndAdministrative": "415000000", "researchAndDevelopment": "271000000", "operatingExpenses": "686000000", "investmentIncomeNet": "None", "netInterestIncome": "None", "interestIncome": "None", "interestExpense": "312000000", "nonInterestIncome": "None", "otherNonOperatingIncome": "6000000", "depreciation": "None", "depreciationAndAmortization": "1022000000", "incomeBeforeTax": "8818000000", "incomeTaxExpense": "3087000000", "interestAndDebtExpense": "None", "netIncomeFromContinuingOperations": "5731000000", "comprehensiveIncomeNetOfTax": "None", "ebit": "9274000000", "ebitda": "10296000000", "netIncome": "4560000000"}, {"fiscalDateEnding": "2010-12-31", "reportedCurrency": "USD", "grossProfit": "9449000000", "totalRevenue": "18982000000", "costOfRevenue": "9533000000", "costofGoodsAndServicesSold": "9533000000", "operatingIncome": "9068000000", "sellingGeneralAndAdministrative": "381000000", "researchAndDevelopment": "0", "operatingExpenses": "381000000", "investmentIncomeNet": "None", "netInterestIncome": "None", "interestIncome": "None", "interestExpense": "462000000", "nonInterestIncome": "None", "otherNonOperatingIncome": "-79000000", "depreciation": "None", "depreciationAndAmortization": "1128000000", "incomeBeforeTax": "8512000000", "incomeTaxExpense": "2983000000", "interestAndDebtExpense": "None", "netIncomeFromContinuingOperations": "5529000000", "comprehensiveIncomeNetOfTax": "None", "ebit": "9068000000", "ebitda": "10196000000", "netIncome": "4336000000"}, {"fiscalDateEnding": "2009-12-31", "reportedCurrency": "USD", "grossProfit": "6901000000", "totalRevenue": "15040000000", "costOfRevenue": "8139000000", "costofGoodsAndServicesSold": "8139000000", "operatingIncome": "6503000000", "sellingGeneralAndAdministrative": "321000000", "researchAndDevelopment": "90000000", "operatingExpenses": "321000000", "investmentIncomeNet": "None", "netInterestIncome": "None", "interestIncome": "None", "interestExpense": "586000000", "nonInterestIncome": "None", "otherNonOperatingIncome": "-76000000", "depreciation": "None", "depreciationAndAmortization": "1137000000", "incomeBeforeTax": "5816000000", "incomeTaxExpense": "2307000000", "interestAndDebtExpense": "None", "netIncomeFromContinuingOperations": "3534000000", "comprehensiveIncomeNetOfTax": "None", "ebit": "6580000000", "ebitda": "7717000000", "netIncome": "2749000000"}, {"fiscalDateEnding": "2008-12-31", "reportedCurrency": "USD", "grossProfit": "4816000000", "totalRevenue": "17796000000", "costOfRevenue": "12980000000", "costofGoodsAndServicesSold": "12980000000", "operatingIncome": "-12710000000", "sellingGeneralAndAdministrative": "269000000", "researchAndDevelopment": "292000000", "operatingExpenses": "17526000000", "investmentIncomeNet": "None", "netInterestIncome": "None", "interestIncome": "None", "interestExpense": "584000000", "nonInterestIncome": "None", "otherNonOperatingIncome": "None", "depreciation": "None", "depreciationAndAmortization": "1782000000", "incomeBeforeTax": "-13309000000", "incomeTaxExpense": "-2844000000", "interestAndDebtExpense": "None", "netIncomeFromContinuingOperations": "None", "comprehensiveIncomeNetOfTax": "None", "ebit": "-12688000000", "ebitda": "-10906000000", "netIncome": "-11067000000"}, {"fiscalDateEnding": "2007-12-31", "reportedCurrency": "USD", "grossProfit": "7021000000", "totalRevenue": "16939000000", "costOfRevenue": "9918000000", "costofGoodsAndServicesSold": "9918000000", "operatingIncome": "6555000000", "sellingGeneralAndAdministrative": "466000000", "researchAndDevelopment": "None", "operatingExpenses": "293000000", "investmentIncomeNet": "None", "netInterestIncome": "None", "interestIncome": "None", "interestExpense": "513000000", "nonInterestIncome": "None", "otherNonOperatingIncome": "None", "depreciation": "None", "depreciationAndAmortization": "1264000000", "incomeBeforeTax": "6133000000", "incomeTaxExpense": "2400000000", "interestAndDebtExpense": "None", "netIncomeFromContinuingOperations": "None", "comprehensiveIncomeNetOfTax": "None", "ebit": "6832000000", "ebitda": "8096000000", "netIncome": "2977000000"}, {"fiscalDateEnding": "2006-12-31", "reportedCurrency": "USD", "grossProfit": "3253388000", "totalRevenue": "5790500000", "costOfRevenue": "2537112000", "costofGoodsAndServicesSold": "2537112000", "operatingIncome": "2868747000", "sellingGeneralAndAdministrative": "25908000", "researchAndDevelopment": "None", "operatingExpenses": "352592000", "investmentIncomeNet": "None", "netInterestIncome": "None", "interestIncome": "None", "interestExpense": "52086000", "nonInterestIncome": "None", "otherNonOperatingIncome": "None", "depreciation": "None", "depreciationAndAmortization": "232539000", "incomeBeforeTax": "2825871000", "incomeTaxExpense": "1201175000", "interestAndDebtExpense": "None", "netIncomeFromContinuingOperations": "None", "comprehensiveIncomeNetOfTax": "None", "ebit": "2906624000", "ebitda": "3139163000", "netIncome": "1456509000"}, {"fiscalDateEnding": "2005-12-31", "reportedCurrency": "USD", "grossProfit": "2532683000", "totalRevenue": "4179118000", "costOfRevenue": "1646435000", "costofGoodsAndServicesSold": "1646435000", "operatingIncome": "2177286000", "sellingGeneralAndAdministrative": "19431000", "researchAndDevelopment": "None", "operatingExpenses": "355397000", "investmentIncomeNet": "None", "netInterestIncome": "None", "interestIncome": "None", "interestExpense": "115641000", "nonInterestIncome": "None", "otherNonOperatingIncome": "None", "depreciation": "None", "depreciationAndAmortization": "259108000", "incomeBeforeTax": "2036938000", "incomeTaxExpense": "915068000", "interestAndDebtExpense": "None", "netIncomeFromContinuingOperations": "None", "comprehensiveIncomeNetOfTax": "None", "ebit": "2195297000", "ebitda": "2454405000", "netIncome": "995127000"}], "quarterlyReports": [{"fiscalDateEnding": "2024-12-31", "reportedCurrency": "USD", "grossProfit": "1425000000", "totalRevenue": "5720000000", "costOfRevenue": "4295000000", "costofGoodsAndServicesSold": "4295000000", "operatingIncome": "1243000000", "sellingGeneralAndAdministrative": "129000000", "researchAndDevelopment": "None", "operatingExpenses": "182000000", "investmentIncomeNet": "None", "netInterestIncome": "-70000000", "interestIncome": "None", "interestExpense": "70000000", "nonInterestIncome": "None", "otherNonOperatingIncome": "None", "depreciation": "None", "depreciationAndAmortization": "537000000", "incomeBeforeTax": "1240000000", "incomeTaxExpense": "520000000", "interestAndDebtExpense": "None", "netIncomeFromContinuingOperations": "721000000", "comprehensiveIncomeNetOfTax": "None", "ebit": "1312000000", "ebitda": "1849000000", "netIncome": "274000000"}, {"fiscalDateEnding": "2024-09-30", "reportedCurrency": "USD", "grossProfit": "2075000000", "totalRevenue": "6790000000", "costOfRevenue": "4715000000", "costofGoodsAndServicesSold": "4715000000", "operatingIncome": "1938000000", "sellingGeneralAndAdministrative": "117000000", "researchAndDevelopment": "None", "operatingExpenses": "137000000", "investmentIncomeNet": "None", "netInterestIncome": "-72000000", "interestIncome": "None", "interestExpense": "72000000", "nonInterestIncome": "None", "otherNonOperatingIncome": "None", "depreciation": "None", "depreciationAndAmortization": "600000000", "incomeBeforeTax": "1963000000", "incomeTaxExpense": "737000000", "interestAndDebtExpense": "None", "netIncomeFromContinuingOperations": "1236000000", "comprehensiveIncomeNetOfTax": "None", "ebit": "2035000000", "ebitda": "2635000000", "netIncome": "526000000"}, {"fiscalDateEnding": "2024-06-30", "reportedCurrency": "USD", "grossProfit": "2200000000", "totalRevenue": "6624000000", "costOfRevenue": "4424000000", "costofGoodsAndServicesSold": "4424000000", "operatingIncome": "2049000000", "sellingGeneralAndAdministrative": "123000000", "researchAndDevelopment": "None", "operatingExpenses": "151000000", "investmentIncomeNet": "None", "netInterestIncome": "-88000000", "interestIncome": "None", "interestExpense": "88000000", "nonInterestIncome": "None", "otherNonOperatingIncome": "None", "depreciation": "None", "depreciationAndAmortization": "509000000", "incomeBeforeTax": "2030000000", "incomeTaxExpense": "754000000", "interestAndDebtExpense": "None", "netIncomeFromContinuingOperations": "1280000000", "comprehensiveIncomeNetOfTax": "None", "ebit": "2118000000", "ebitda": "2627000000", "netIncome": "616000000"}, {"fiscalDateEnding": "2024-03-31", "reportedCurrency": "USD", "grossProfit": "1743000000", "totalRevenue": "6210000000", "costOfRevenue": "4467000000", "costofGoodsAndServicesSold": "4467000000", "operatingIncome": "1532000000", "sellingGeneralAndAdministrative": "144000000", "researchAndDevelopment": "None", "operatingExpenses": "211000000", "investmentIncomeNet": "None", "netInterestIncome": "-89000000", "interestIncome": "None", "interestExpense": "89000000", "nonInterestIncome": "None", "otherNonOperatingIncome": "None", "depreciation": "None", "depreciationAndAmortization": "595000000", "incomeBeforeTax": "1674000000", "incomeTaxExpense": "512000000", "interestAndDebtExpense": "None", "netIncomeFromContinuingOperations": "1162000000", "comprehensiveIncomeNetOfTax": "None", "ebit": "1763000000", "ebitda": "2358000000", "netIncome": "473000000"}, {"fiscalDateEnding": "2023-12-31", "reportedCurrency": "USD", "grossProfit": "1819000000", "totalRevenue": "5799000000", "costOfRevenue": "3980000000", "costofGoodsAndServicesSold": "3980000000", "operatingIncome": "1619000000", "sellingGeneralAndAdministrative": "120000000", "researchAndDevelopment": "None", "operatingExpenses": "200000000", "investmentIncomeNet": "None", "netInterestIncome": "-97000000", "interestIncome": "None", "interestExpense": "176000000", "nonInterestIncome": "None", "otherNonOperatingIncome": "None", "depreciation": "None", "depreciationAndAmortization": "589000000", "incomeBeforeTax": "1728000000", "incomeTaxExpense": "724000000", "interestAndDebtExpense": "None", "netIncomeFromContinuingOperations": "1007000000", "comprehensiveIncomeNetOfTax": "None", "ebit": "1619000000", "ebitda": "2208000000", "netIncome": "388000000"}, {"fiscalDateEnding": "2023-09-30", "reportedCurrency": "USD", "grossProfit": "1738000000", "totalRevenue": "5824000000", "costOfRevenue": "4086000000", "costofGoodsAndServicesSold": "4086000000", "operatingIncome": "1492000000", "sellingGeneralAndAdministrative": "118000000", "researchAndDevelopment": "None", "operatingExpenses": "246000000", "investmentIncomeNet": "None", "netInterestIncome": "-96000000", "interestIncome": "96000000", "interestExpense": "96000000", "nonInterestIncome": "None", "otherNonOperatingIncome": "None", "depreciation": "None", "depreciationAndAmortization": "533000000", "incomeBeforeTax": "1472000000", "incomeTaxExpense": "508000000", "interestAndDebtExpense": "None", "netIncomeFromContinuingOperations": "964000000", "comprehensiveIncomeNetOfTax": "None", "ebit": "1563000000", "ebitda": "2096000000", "netIncome": "454000000"}, {"fiscalDateEnding": "2023-06-30", "reportedCurrency": "USD", "grossProfit": "1641000000", "totalRevenue": "5737000000", "costOfRevenue": "4096000000", "costofGoodsAndServicesSold": "4096000000", "operatingIncome": "1410000000", "sellingGeneralAndAdministrative": "115000000", "researchAndDevelopment": "None", "operatingExpenses": "231000000", "investmentIncomeNet": "None", "netInterestIncome": "-171000000", "interestIncome": "171000000", "interestExpense": "171000000", "nonInterestIncome": "None", "otherNonOperatingIncome": "31000000", "depreciation": "None", "depreciationAndAmortization": "571000000", "incomeBeforeTax": "1268000000", "incomeTaxExpense": "539000000", "interestAndDebtExpense": "None", "netIncomeFromContinuingOperations": "731000000", "comprehensiveIncomeNetOfTax": "None", "ebit": "1410000000", "ebitda": "1981000000", "netIncome": "729000000"}, {"fiscalDateEnding": "2023-03-31", "reportedCurrency": "USD", "grossProfit": "1825000000", "totalRevenue": "5389000000", "costOfRevenue": "3564000000", "costofGoodsAndServicesSold": "3564000000", "operatingIncome": "1601000000", "sellingGeneralAndAdministrative": "126000000", "researchAndDevelopment": "None", "operatingExpenses": "224000000", "investmentIncomeNet": "None", "netInterestIncome": "-151000000", "interestIncome": "151000000", "interestExpense": "151000000", "nonInterestIncome": "None", "otherNonOperatingIncome": "98000000", "depreciation": "None", "depreciationAndAmortization": "487000000", "incomeBeforeTax": "1538000000", "incomeTaxExpense": "499000000", "interestAndDebtExpense": "None", "netIncomeFromContinuingOperations": "1049000000", "comprehensiveIncomeNetOfTax": "None", "ebit": "1601000000", "ebitda": "2088000000", "netIncome": "1039000000"}, {"fiscalDateEnding": "2022-12-31", "reportedCurrency": "USD", "grossProfit": "1735000000", "totalRevenue": "5758000000", "costOfRevenue": "4023000000", "costofGoodsAndServicesSold": "4023000000", "operatingIncome": "1530000000", "sellingGeneralAndAdministrative": "107000000", "researchAndDevelopment": "None", "operatingExpenses": "205000000", "investmentIncomeNet": "None", "netInterestIncome": "-137000000", "interestIncome": "137000000", "interestExpense": "137000000", "nonInterestIncome": "None", "otherNonOperatingIncome": "141000000", "depreciation": "None", "depreciationAndAmortization": "655000000", "incomeBeforeTax": "1536000000", "incomeTaxExpense": "557000000", "interestAndDebtExpense": "None", "netIncomeFromContinuingOperations": "977000000", "comprehensiveIncomeNetOfTax": "None", "ebit": "1530000000", "ebitda": "2185000000", "netIncome": "979000000"}, {"fiscalDateEnding": "2022-09-30", "reportedCurrency": "USD", "grossProfit": "1104000000", "totalRevenue": "5003000000", "costOfRevenue": "3899000000", "costofGoodsAndServicesSold": "3899000000", "operatingIncome": "962000000", "sellingGeneralAndAdministrative": "98000000", "researchAndDevelopment": "None", "operatingExpenses": "142000000", "investmentIncomeNet": "None", "netInterestIncome": "-140000000", "interestIncome": "140000000", "interestExpense": "140000000", "nonInterestIncome": "None", "otherNonOperatingIncome": "53000000", "depreciation": "None", "depreciationAndAmortization": "533000000", "incomeBeforeTax": "867000000", "incomeTaxExpense": "315000000", "interestAndDebtExpense": "None", "netIncomeFromContinuingOperations": "552000000", "comprehensiveIncomeNetOfTax": "None", "ebit": "962000000", "ebitda": "1495000000", "netIncome": "552000000"}, {"fiscalDateEnding": "2022-06-30", "reportedCurrency": "USD", "grossProfit": "1888000000", "totalRevenue": "5416000000", "costOfRevenue": "3528000000", "costofGoodsAndServicesSold": "3528000000", "operatingIncome": "1736000000", "sellingGeneralAndAdministrative": "100000000", "researchAndDevelopment": "None", "operatingExpenses": "154000000", "investmentIncomeNet": "None", "netInterestIncome": "-156000000", "interestIncome": "156000000", "interestExpense": "156000000", "nonInterestIncome": "None", "otherNonOperatingIncome": "29000000", "depreciation": "None", "depreciationAndAmortization": "516000000", "incomeBeforeTax": "1599000000", "incomeTaxExpense": "571000000", "interestAndDebtExpense": "None", "netIncomeFromContinuingOperations": "1038000000", "comprehensiveIncomeNetOfTax": "None", "ebit": "1736000000", "ebitda": "2252000000", "netIncome": "840000000"}, {"fiscalDateEnding": "2022-03-31", "reportedCurrency": "USD", "grossProfit": "2964000000", "totalRevenue": "6603000000", "costOfRevenue": "3639000000", "costofGoodsAndServicesSold": "3639000000", "operatingIncome": "2809000000", "sellingGeneralAndAdministrative": "115000000", "researchAndDevelopment": "None", "operatingExpenses": "155000000", "investmentIncomeNet": "None", "netInterestIncome": "-127000000", "interestIncome": "127000000", "interestExpense": "127000000", "nonInterestIncome": "None", "otherNonOperatingIncome": "46000000", "depreciation": "None", "depreciationAndAmortization": "520000000", "incomeBeforeTax": "2713000000", "incomeTaxExpense": "824000000", "interestAndDebtExpense": "None", "netIncomeFromContinuingOperations": "1889000000", "comprehensiveIncomeNetOfTax": "None", "ebit": "2809000000", "ebitda": "3329000000", "netIncome": "1527000000"}, {"fiscalDateEnding": "2021-12-31", "reportedCurrency": "USD", "grossProfit": "2441000000", "totalRevenue": "6164000000", "costOfRevenue": "3723000000", "costofGoodsAndServicesSold": "3723000000", "operatingIncome": "2305000000", "sellingGeneralAndAdministrative": "94000000", "researchAndDevelopment": "None", "operatingExpenses": "153000000", "investmentIncomeNet": "None", "netInterestIncome": "-171000000", "interestIncome": "171000000", "interestExpense": "171000000", "nonInterestIncome": "None", "otherNonOperatingIncome": "-151000000", "depreciation": "None", "depreciationAndAmortization": "568000000", "incomeBeforeTax": "1973000000", "incomeTaxExpense": "625000000", "interestAndDebtExpense": "None", "netIncomeFromContinuingOperations": "1358000000", "comprehensiveIncomeNetOfTax": "None", "ebit": "2127000000", "ebitda": "2695000000", "netIncome": "1106000000"}, {"fiscalDateEnding": "2021-09-30", "reportedCurrency": "USD", "grossProfit": "2532000000", "totalRevenue": "6083000000", "costOfRevenue": "3551000000", "costofGoodsAndServicesSold": "3551000000", "operatingIncome": "2462000000", "sellingGeneralAndAdministrative": "102000000", "researchAndDevelopment": "None", "operatingExpenses": "130000000", "investmentIncomeNet": "None", "netInterestIncome": "-138000000", "interestIncome": "138000000", "interestExpense": "138000000", "nonInterestIncome": "None", "otherNonOperatingIncome": "27000000", "depreciation": "None", "depreciationAndAmortization": "528000000", "incomeBeforeTax": "2360000000", "incomeTaxExpense": "628000000", "interestAndDebtExpense": "None", "netIncomeFromContinuingOperations": "1723000000", "comprehensiveIncomeNetOfTax": "None", "ebit": "2438000000", "ebitda": "2966000000", "netIncome": "1399000000"}, {"fiscalDateEnding": "2021-06-30", "reportedCurrency": "USD", "grossProfit": "2198000000", "totalRevenue": "5748000000", "costOfRevenue": "3550000000", "costofGoodsAndServicesSold": "3550000000", "operatingIncome": "2067000000", "sellingGeneralAndAdministrative": "87000000", "researchAndDevelopment": "None", "operatingExpenses": "134000000", "investmentIncomeNet": "None", "netInterestIncome": "-148000000", "interestIncome": "148000000", "interestExpense": "148000000", "nonInterestIncome": "None", "otherNonOperatingIncome": "15000000", "depreciation": "None", "depreciationAndAmortization": "483000000", "incomeBeforeTax": "1928000000", "incomeTaxExpense": "603000000", "interestAndDebtExpense": "None", "netIncomeFromContinuingOperations": "1331000000", "comprehensiveIncomeNetOfTax": "None", "ebit": "2073000000", "ebitda": "2556000000", "netIncome": "1083000000"}, {"fiscalDateEnding": "2021-03-31", "reportedCurrency": "USD", "grossProfit": "1644000000", "totalRevenue": "4850000000", "costOfRevenue": "3206000000", "costofGoodsAndServicesSold": "3206000000", "operatingIncome": "1532000000", "sellingGeneralAndAdministrative": "100000000", "researchAndDevelopment": "None", "operatingExpenses": "112000000", "investmentIncomeNet": "None", "netInterestIncome": "-145000000", "interestIncome": "145000000", "interestExpense": "145000000", "nonInterestIncome": "None", "otherNonOperatingIncome": "9000000", "depreciation": "None", "depreciationAndAmortization": "419000000", "incomeBeforeTax": "1398000000", "incomeTaxExpense": "443000000", "interestAndDebtExpense": "None", "netIncomeFromContinuingOperations": "953000000", "comprehensiveIncomeNetOfTax": "None", "ebit": "1543000000", "ebitda": "1962000000", "netIncome": "718000000"}, {"fiscalDateEnding": "2020-12-31", "reportedCurrency": "USD", "grossProfit": "1429000000", "totalRevenue": "4495000000", "costOfRevenue": "3066000000", "costofGoodsAndServicesSold": "3066000000", "operatingIncome": "1709000000", "sellingGeneralAndAdministrative": "370000000", "researchAndDevelopment": "None", "operatingExpenses": "206000000", "investmentIncomeNet": "None", "netInterestIncome": "-236000000", "interestIncome": "236000000", "interestExpense": "236000000", "nonInterestIncome": "None", "otherNonOperatingIncome": "-4000000", "depreciation": "None", "depreciationAndAmortization": "435000000", "incomeBeforeTax": "1469000000", "incomeTaxExpense": "611000000", "interestAndDebtExpense": "None", "netIncomeFromContinuingOperations": "858000000", "comprehensiveIncomeNetOfTax": "None", "ebit": "1220000000", "ebitda": "1655000000", "netIncome": "708000000"}, {"fiscalDateEnding": "2020-09-30", "reportedCurrency": "USD", "grossProfit": "983000000", "totalRevenue": "3851000000", "costOfRevenue": "2868000000", "costofGoodsAndServicesSold": "2868000000", "operatingIncome": "880000000", "sellingGeneralAndAdministrative": "72000000", "researchAndDevelopment": "None", "operatingExpenses": "101000000", "investmentIncomeNet": "None", "netInterestIncome": "-120000000", "interestIncome": "120000000", "interestExpense": "120000000", "nonInterestIncome": "None", "otherNonOperatingIncome": "-31000000", "depreciation": "None", "depreciationAndAmortization": "394000000", "incomeBeforeTax": "723000000", "incomeTaxExpense": "297000000", "interestAndDebtExpense": "None", "netIncomeFromContinuingOperations": "432000000", "comprehensiveIncomeNetOfTax": "None", "ebit": "904000000", "ebitda": "1298000000", "netIncome": "329000000"}, {"fiscalDateEnding": "2020-06-30", "reportedCurrency": "USD", "grossProfit": "441000000", "totalRevenue": "3054000000", "costOfRevenue": "2613000000", "costofGoodsAndServicesSold": "2613000000", "operatingIncome": "321000000", "sellingGeneralAndAdministrative": "91000000", "researchAndDevelopment": "None", "operatingExpenses": "120000000", "investmentIncomeNet": "None", "netInterestIncome": "-115000000", "interestIncome": "115000000", "interestExpense": "115000000", "nonInterestIncome": "None", "otherNonOperatingIncome": "14000000", "depreciation": "None", "depreciationAndAmortization": "358000000", "incomeBeforeTax": "217000000", "incomeTaxExpense": "96000000", "interestAndDebtExpense": "None", "netIncomeFromContinuingOperations": "124000000", "comprehensiveIncomeNetOfTax": "None", "ebit": "341000000", "ebitda": "699000000", "netIncome": "53000000"}, {"fiscalDateEnding": "2020-03-31", "reportedCurrency": "USD", "grossProfit": "-310000000", "totalRevenue": "2798000000", "costOfRevenue": "3108000000", "costofGoodsAndServicesSold": "3108000000", "operatingIncome": "-473000000", "sellingGeneralAndAdministrative": "110000000", "researchAndDevelopment": "None", "operatingExpenses": "152000000", "investmentIncomeNet": "None", "netInterestIncome": "-127000000", "interestIncome": "127000000", "interestExpense": "127000000", "nonInterestIncome": "None", "otherNonOperatingIncome": "-9000000", "depreciation": "None", "depreciationAndAmortization": "341000000", "incomeBeforeTax": "-612000000", "incomeTaxExpense": "-60000000", "interestAndDebtExpense": "None", "netIncomeFromContinuingOperations": "-549000000", "comprehensiveIncomeNetOfTax": "None", "ebit": "-442000000", "ebitda": "-101000000", "netIncome": "-491000000"}, {"fiscalDateEnding": "2019-12-31", "reportedCurrency": "USD", "grossProfit": "511000000", "totalRevenue": "3911000000", "costOfRevenue": "3400000000", "costofGoodsAndServicesSold": "3400000000", "operatingIncome": "775000000", "sellingGeneralAndAdministrative": "99000000", "researchAndDevelopment": "None", "operatingExpenses": "140000000", "investmentIncomeNet": "None", "netInterestIncome": "-219000000", "interestIncome": "219000000", "interestExpense": "219000000", "nonInterestIncome": "None", "otherNonOperatingIncome": "-185000000", "depreciation": "None", "depreciationAndAmortization": "391000000", "incomeBeforeTax": "366000000", "incomeTaxExpense": "329000000", "interestAndDebtExpense": "None", "netIncomeFromContinuingOperations": "42000000", "comprehensiveIncomeNetOfTax": "None", "ebit": "181000000", "ebitda": "572000000", "netIncome": "9000000"}, {"fiscalDateEnding": "2019-09-30", "reportedCurrency": "USD", "grossProfit": "280000000", "totalRevenue": "3308000000", "costOfRevenue": "3028000000", "costofGoodsAndServicesSold": "3028000000", "operatingIncome": "117000000", "sellingGeneralAndAdministrative": "106000000", "researchAndDevelopment": "None", "operatingExpenses": "151000000", "investmentIncomeNet": "None", "netInterestIncome": "-123000000", "interestIncome": "123000000", "interestExpense": "123000000", "nonInterestIncome": "None", "otherNonOperatingIncome": "17000000", "depreciation": "None", "depreciationAndAmortization": "322000000", "incomeBeforeTax": "6000000", "incomeTaxExpense": "150000000", "interestAndDebtExpense": "None", "netIncomeFromContinuingOperations": "-235000000", "comprehensiveIncomeNetOfTax": "None", "ebit": "162000000", "ebitda": "484000000", "netIncome": "-131000000"}, {"fiscalDateEnding": "2019-06-30", "reportedCurrency": "USD", "grossProfit": "192000000", "totalRevenue": "3546000000", "costOfRevenue": "3354000000", "costofGoodsAndServicesSold": "3354000000", "operatingIncome": "33000000", "sellingGeneralAndAdministrative": "97000000", "researchAndDevelopment": "None", "operatingExpenses": "151000000", "investmentIncomeNet": "None", "netInterestIncome": "-132000000", "interestIncome": "278000000", "interestExpense": "132000000", "nonInterestIncome": "None", "otherNonOperatingIncome": "10000000", "depreciation": "None", "depreciationAndAmortization": "352000000", "incomeBeforeTax": "-94000000", "incomeTaxExpense": "-15000000", "interestAndDebtExpense": "None", "netIncomeFromContinuingOperations": "-74000000", "comprehensiveIncomeNetOfTax": "None", "ebit": "46000000", "ebitda": "398000000", "netIncome": "-72000000"}, {"fiscalDateEnding": "2019-03-31", "reportedCurrency": "USD", "grossProfit": "469000000", "totalRevenue": "3792000000", "costOfRevenue": "3323000000", "costofGoodsAndServicesSold": "3323000000", "operatingIncome": "321000000", "sellingGeneralAndAdministrative": "112000000", "researchAndDevelopment": "None", "operatingExpenses": "181000000", "investmentIncomeNet": "None", "netInterestIncome": "-146000000", "interestIncome": "None", "interestExpense": "146000000", "nonInterestIncome": "None", "otherNonOperatingIncome": "5000000", "depreciation": "None", "depreciationAndAmortization": "347000000", "incomeBeforeTax": "183000000", "incomeTaxExpense": "105000000", "interestAndDebtExpense": "None", "netIncomeFromContinuingOperations": "75000000", "comprehensiveIncomeNetOfTax": "None", "ebit": "302000000", "ebitda": "649000000", "netIncome": "31000000"}, {"fiscalDateEnding": "2018-12-31", "reportedCurrency": "USD", "grossProfit": "382000000", "totalRevenue": "3684000000", "costOfRevenue": "3302000000", "costofGoodsAndServicesSold": "3302000000", "operatingIncome": "316000000", "sellingGeneralAndAdministrative": "102000000", "researchAndDevelopment": "0", "operatingExpenses": "148000000", "investmentIncomeNet": "None", "netInterestIncome": "None", "interestIncome": "None", "interestExpense": "509000000", "nonInterestIncome": "None", "otherNonOperatingIncome": "15000000", "depreciation": "None", "depreciationAndAmortization": "403000000", "incomeBeforeTax": "-181000000", "incomeTaxExpense": "-169000000", "interestAndDebtExpense": "None", "netIncomeFromContinuingOperations": "374000000", "comprehensiveIncomeNetOfTax": "None", "ebit": "247000000", "ebitda": "650000000", "netIncome": "140000000"}, {"fiscalDateEnding": "2018-09-30", "reportedCurrency": "USD", "grossProfit": "1381000000", "totalRevenue": "4908000000", "costOfRevenue": "3527000000", "costofGoodsAndServicesSold": "3527000000", "operatingIncome": "1315000000", "sellingGeneralAndAdministrative": "101000000", "researchAndDevelopment": "0", "operatingExpenses": "136000000", "investmentIncomeNet": "None", "netInterestIncome": "None", "interestIncome": "None", "interestExpense": "143000000", "nonInterestIncome": "None", "otherNonOperatingIncome": "18000000", "depreciation": "None", "depreciationAndAmortization": "458000000", "incomeBeforeTax": "1186000000", "incomeTaxExpense": "522000000", "interestAndDebtExpense": "None", "netIncomeFromContinuingOperations": "668000000", "comprehensiveIncomeNetOfTax": "None", "ebit": "1259000000", "ebitda": "1717000000", "netIncome": "556000000"}, {"fiscalDateEnding": "2018-06-30", "reportedCurrency": "USD", "grossProfit": "1811000000", "totalRevenue": "5168000000", "costOfRevenue": "3357000000", "costofGoodsAndServicesSold": "3357000000", "operatingIncome": "1664000000", "sellingGeneralAndAdministrative": "109000000", "researchAndDevelopment": "24000000", "operatingExpenses": "192000000", "investmentIncomeNet": "None", "netInterestIncome": "None", "interestIncome": "None", "interestExpense": "142000000", "nonInterestIncome": "None", "otherNonOperatingIncome": "32000000", "depreciation": "None", "depreciationAndAmortization": "442000000", "incomeBeforeTax": "1551000000", "incomeTaxExpense": "515000000", "interestAndDebtExpense": "None", "netIncomeFromContinuingOperations": "1039000000", "comprehensiveIncomeNetOfTax": "None", "ebit": "1639000000", "ebitda": "2081000000", "netIncome": "869000000"}, {"fiscalDateEnding": "2018-03-31", "reportedCurrency": "USD", "grossProfit": "1609000000", "totalRevenue": "4868000000", "costOfRevenue": "3259000000", "costofGoodsAndServicesSold": "3259000000", "operatingIncome": "1459000000", "sellingGeneralAndAdministrative": "131000000", "researchAndDevelopment": "21000000", "operatingExpenses": "161000000", "investmentIncomeNet": "None", "netInterestIncome": "None", "interestIncome": "None", "interestExpense": "151000000", "nonInterestIncome": "None", "otherNonOperatingIncome": "26000000", "depreciation": "None", "depreciationAndAmortization": "451000000", "incomeBeforeTax": "1336000000", "incomeTaxExpense": "506000000", "interestAndDebtExpense": "None", "netIncomeFromContinuingOperations": "828000000", "comprehensiveIncomeNetOfTax": "None", "ebit": "1476000000", "ebitda": "1927000000", "netIncome": "692000000"}, {"fiscalDateEnding": "2017-12-31", "reportedCurrency": "USD", "grossProfit": "1773000000", "totalRevenue": "5041000000", "costOfRevenue": "3268000000", "costofGoodsAndServicesSold": "3268000000", "operatingIncome": "1467000000", "sellingGeneralAndAdministrative": "118000000", "researchAndDevelopment": "33000000", "operatingExpenses": "321000000", "investmentIncomeNet": "None", "netInterestIncome": "None", "interestIncome": "None", "interestExpense": "168000000", "nonInterestIncome": "None", "otherNonOperatingIncome": "30000000", "depreciation": "None", "depreciationAndAmortization": "457000000", "incomeBeforeTax": "1325000000", "incomeTaxExpense": "136000000", "interestAndDebtExpense": "None", "netIncomeFromContinuingOperations": "1193000000", "comprehensiveIncomeNetOfTax": "None", "ebit": "1465000000", "ebitda": "1922000000", "netIncome": "1041000000"}, {"fiscalDateEnding": "2017-09-30", "reportedCurrency": "USD", "grossProfit": "1090000000", "totalRevenue": "4310000000", "costOfRevenue": "3220000000", "costofGoodsAndServicesSold": "3220000000", "operatingIncome": "917000000", "sellingGeneralAndAdministrative": "106000000", "researchAndDevelopment": "27000000", "operatingExpenses": "206000000", "investmentIncomeNet": "None", "netInterestIncome": "None", "interestIncome": "None", "interestExpense": "304000000", "nonInterestIncome": "None", "otherNonOperatingIncome": "16000000", "depreciation": "None", "depreciationAndAmortization": "418000000", "incomeBeforeTax": "626000000", "incomeTaxExpense": "387000000", "interestAndDebtExpense": "None", "netIncomeFromContinuingOperations": "242000000", "comprehensiveIncomeNetOfTax": "None", "ebit": "886000000", "ebitda": "1304000000", "netIncome": "280000000"}, {"fiscalDateEnding": "2017-06-30", "reportedCurrency": "USD", "grossProfit": "766000000", "totalRevenue": "3711000000", "costOfRevenue": "2945000000", "costofGoodsAndServicesSold": "2945000000", "operatingIncome": "669000000", "sellingGeneralAndAdministrative": "107000000", "researchAndDevelopment": "19000000", "operatingExpenses": "107000000", "investmentIncomeNet": "None", "netInterestIncome": "None", "interestIncome": "None", "interestExpense": "162000000", "nonInterestIncome": "None", "otherNonOperatingIncome": "5000000", "depreciation": "None", "depreciationAndAmortization": "450000000", "incomeBeforeTax": "513000000", "incomeTaxExpense": "186000000", "interestAndDebtExpense": "None", "netIncomeFromContinuingOperations": "326000000", "comprehensiveIncomeNetOfTax": "None", "ebit": "669000000", "ebitda": "1119000000", "netIncome": "268000000"}, {"fiscalDateEnding": "2017-03-31", "reportedCurrency": "USD", "grossProfit": "752000000", "totalRevenue": "3341000000", "costOfRevenue": "2589000000", "costofGoodsAndServicesSold": "2589000000", "operatingIncome": "580000000", "sellingGeneralAndAdministrative": "153000000", "researchAndDevelopment": "15000000", "operatingExpenses": "195000000", "investmentIncomeNet": "None", "netInterestIncome": "None", "interestIncome": "None", "interestExpense": "167000000", "nonInterestIncome": "None", "otherNonOperatingIncome": "29000000", "depreciation": "None", "depreciationAndAmortization": "389000000", "incomeBeforeTax": "438000000", "incomeTaxExpense": "174000000", "interestAndDebtExpense": "None", "netIncomeFromContinuingOperations": "268000000", "comprehensiveIncomeNetOfTax": "None", "ebit": "582000000", "ebitda": "971000000", "netIncome": "228000000"}, {"fiscalDateEnding": "2016-12-31", "reportedCurrency": "USD", "grossProfit": "1035000000", "totalRevenue": "4377000000", "costOfRevenue": "3342000000", "costofGoodsAndServicesSold": "3342000000", "operatingIncome": "703000000", "sellingGeneralAndAdministrative": "199000000", "researchAndDevelopment": "64000000", "operatingExpenses": "219000000", "investmentIncomeNet": "None", "netInterestIncome": "None", "interestIncome": "None", "interestExpense": "181000000", "nonInterestIncome": "None", "otherNonOperatingIncome": "-30000000", "depreciation": "None", "depreciationAndAmortization": "593000000", "incomeBeforeTax": "492000000", "incomeTaxExpense": "292000000", "interestAndDebtExpense": "None", "netIncomeFromContinuingOperations": "213000000", "comprehensiveIncomeNetOfTax": "None", "ebit": "811000000", "ebitda": "1404000000", "netIncome": "100000000"}, {"fiscalDateEnding": "2016-09-30", "reportedCurrency": "USD", "grossProfit": "466000000", "totalRevenue": "3877000000", "costOfRevenue": "3411000000", "costofGoodsAndServicesSold": "3411000000", "operatingIncome": "359000000", "sellingGeneralAndAdministrative": "110000000", "researchAndDevelopment": "0", "operatingExpenses": "120000000", "investmentIncomeNet": "None", "netInterestIncome": "None", "interestIncome": "None", "interestExpense": "187000000", "nonInterestIncome": "None", "otherNonOperatingIncome": "6000000", "depreciation": "None", "depreciationAndAmortization": "643000000", "incomeBeforeTax": "177000000", "incomeTaxExpense": "-114000000", "interestAndDebtExpense": "None", "netIncomeFromContinuingOperations": "292000000", "comprehensiveIncomeNetOfTax": "None", "ebit": "336000000", "ebitda": "979000000", "netIncome": "227000000"}, {"fiscalDateEnding": "2016-06-30", "reportedCurrency": "USD", "grossProfit": "-545000000", "totalRevenue": "3334000000", "costOfRevenue": "3879000000", "costofGoodsAndServicesSold": "3879000000", "operatingIncome": "18000000", "sellingGeneralAndAdministrative": "160000000", "researchAndDevelopment": "0", "operatingExpenses": "186000000", "investmentIncomeNet": "None", "netInterestIncome": "None", "interestIncome": "None", "interestExpense": "196000000", "nonInterestIncome": "None", "otherNonOperatingIncome": "65000000", "depreciation": "None", "depreciationAndAmortization": "652000000", "incomeBeforeTax": "-114000000", "incomeTaxExpense": "116000000", "interestAndDebtExpense": "None", "netIncomeFromContinuingOperations": "-229000000", "comprehensiveIncomeNetOfTax": "None", "ebit": "-706000000", "ebitda": "-54000000", "netIncome": "-469000000"}, {"fiscalDateEnding": "2016-03-31", "reportedCurrency": "USD", "grossProfit": "-3706000000", "totalRevenue": "3242000000", "costOfRevenue": "6948000000", "costofGoodsAndServicesSold": "6948000000", "operatingIncome": "-3872000000", "sellingGeneralAndAdministrative": "140000000", "researchAndDevelopment": "0", "operatingExpenses": "166000000", "investmentIncomeNet": "None", "netInterestIncome": "None", "interestIncome": "None", "interestExpense": "191000000", "nonInterestIncome": "None", "otherNonOperatingIncome": "45000000", "depreciation": "None", "depreciationAndAmortization": "722000000", "incomeBeforeTax": "-4027000000", "incomeTaxExpense": "77000000", "interestAndDebtExpense": "None", "netIncomeFromContinuingOperations": "-4108000000", "comprehensiveIncomeNetOfTax": "None", "ebit": "-3836000000", "ebitda": "-3114000000", "netIncome": "-4173000000"}, {"fiscalDateEnding": "2015-12-31", "reportedCurrency": "USD", "grossProfit": "-3917000000", "totalRevenue": "3795000000", "costOfRevenue": "7712000000", "costofGoodsAndServicesSold": "7712000000", "operatingIncome": "-4100000000", "sellingGeneralAndAdministrative": "140000000", "researchAndDevelopment": "0", "operatingExpenses": "183000000", "investmentIncomeNet": "None", "netInterestIncome": "None", "interestIncome": "None", "interestExpense": "187000000", "nonInterestIncome": "None", "otherNonOperatingIncome": "92000000", "depreciation": "None", "depreciationAndAmortization": "780000000", "incomeBeforeTax": "-4285000000", "incomeTaxExpense": "-193000000", "interestAndDebtExpense": "None", "netIncomeFromContinuingOperations": "-4092000000", "comprehensiveIncomeNetOfTax": "None", "ebit": "-4098000000", "ebitda": "-3318000000", "netIncome": "-4071000000"}, {"fiscalDateEnding": "2015-09-30", "reportedCurrency": "USD", "grossProfit": "-3752000000", "totalRevenue": "3681000000", "costOfRevenue": "7433000000", "costofGoodsAndServicesSold": "7433000000", "operatingIncome": "-3945000000", "sellingGeneralAndAdministrative": "124000000", "researchAndDevelopment": "0", "operatingExpenses": "193000000", "investmentIncomeNet": "None", "netInterestIncome": "None", "interestIncome": "None", "interestExpense": "163000000", "nonInterestIncome": "None", "otherNonOperatingIncome": "-42000000", "depreciation": "None", "depreciationAndAmortization": "888000000", "incomeBeforeTax": "-4148000000", "incomeTaxExpense": "-360000000", "interestAndDebtExpense": "None", "netIncomeFromContinuingOperations": "-3788000000", "comprehensiveIncomeNetOfTax": "None", "ebit": "-3985000000", "ebitda": "-3097000000", "netIncome": "-3819000000"}, {"fiscalDateEnding": "2015-06-30", "reportedCurrency": "USD", "grossProfit": "-2176000000", "totalRevenue": "4248000000", "costOfRevenue": "6424000000", "costofGoodsAndServicesSold": "6424000000", "operatingIncome": "-2374000000", "sellingGeneralAndAdministrative": "151000000", "researchAndDevelopment": "0", "operatingExpenses": "198000000", "investmentIncomeNet": "None", "netInterestIncome": "None", "interestIncome": "None", "interestExpense": "149000000", "nonInterestIncome": "None", "otherNonOperatingIncome": "-55000000", "depreciation": "None", "depreciationAndAmortization": "890000000", "incomeBeforeTax": "-2486000000", "incomeTaxExpense": "-687000000", "interestAndDebtExpense": "None", "netIncomeFromContinuingOperations": "-1799000000", "comprehensiveIncomeNetOfTax": "None", "ebit": "-2429000000", "ebitda": "-1539000000", "netIncome": "-1841000000"}, {"fiscalDateEnding": "2015-03-31", "reportedCurrency": "USD", "grossProfit": "-2802000000", "totalRevenue": "4153000000", "costOfRevenue": "6955000000", "costofGoodsAndServicesSold": "6955000000", "operatingIncome": "-2963000000", "sellingGeneralAndAdministrative": "154000000", "researchAndDevelopment": "0", "operatingExpenses": "200000000", "investmentIncomeNet": "None", "netInterestIncome": "None", "interestIncome": "None", "interestExpense": "146000000", "nonInterestIncome": "None", "otherNonOperatingIncome": "8000000", "depreciation": "None", "depreciationAndAmortization": "939000000", "incomeBeforeTax": "-3102000000", "incomeTaxExpense": "-695000000", "interestAndDebtExpense": "None", "netIncomeFromContinuingOperations": "-2407000000", "comprehensiveIncomeNetOfTax": "None", "ebit": "-2995000000", "ebitda": "-2056000000", "netIncome": "-2464000000"}, {"fiscalDateEnding": "2014-12-31", "reportedCurrency": "USD", "grossProfit": "-2066000000", "totalRevenue": "5235000000", "costOfRevenue": "7301000000", "costofGoodsAndServicesSold": "7301000000", "operatingIncome": "-3299000000", "sellingGeneralAndAdministrative": "135000000", "researchAndDevelopment": "0", "operatingExpenses": "187000000", "investmentIncomeNet": "None", "netInterestIncome": "None", "interestIncome": "None", "interestExpense": "147000000", "nonInterestIncome": "None", "otherNonOperatingIncome": "1000000", "depreciation": "None", "depreciationAndAmortization": "939000000", "incomeBeforeTax": "-3448000000", "incomeTaxExpense": "-710000000", "interestAndDebtExpense": "None", "netIncomeFromContinuingOperations": "-2738000000", "comprehensiveIncomeNetOfTax": "None", "ebit": "-2265000000", "ebitda": "-1326000000", "netIncome": "-2842000000"}, {"fiscalDateEnding": "2014-09-30", "reportedCurrency": "USD", "grossProfit": "1291000000", "totalRevenue": "5696000000", "costOfRevenue": "4405000000", "costofGoodsAndServicesSold": "4405000000", "operatingIncome": "1132000000", "sellingGeneralAndAdministrative": "158000000", "researchAndDevelopment": "0", "operatingExpenses": "205000000", "investmentIncomeNet": "None", "netInterestIncome": "None", "interestIncome": "None", "interestExpense": "158000000", "nonInterestIncome": "None", "otherNonOperatingIncome": "79000000", "depreciation": "None", "depreciationAndAmortization": "945000000", "incomeBeforeTax": "1055000000", "incomeTaxExpense": "349000000", "interestAndDebtExpense": "None", "netIncomeFromContinuingOperations": "706000000", "comprehensiveIncomeNetOfTax": "None", "ebit": "1109000000", "ebitda": "2054000000", "netIncome": "562000000"}, {"fiscalDateEnding": "2014-06-30", "reportedCurrency": "USD", "grossProfit": "1427000000", "totalRevenue": "5522000000", "costOfRevenue": "4095000000", "costofGoodsAndServicesSold": "4095000000", "operatingIncome": "1153000000", "sellingGeneralAndAdministrative": "164000000", "researchAndDevelopment": "0", "operatingExpenses": "274000000", "investmentIncomeNet": "None", "netInterestIncome": "None", "interestIncome": "None", "interestExpense": "164000000", "nonInterestIncome": "None", "otherNonOperatingIncome": "-1000000", "depreciation": "None", "depreciationAndAmortization": "1013000000", "incomeBeforeTax": "986000000", "incomeTaxExpense": "328000000", "interestAndDebtExpense": "None", "netIncomeFromContinuingOperations": "658000000", "comprehensiveIncomeNetOfTax": "None", "ebit": "1145000000", "ebitda": "2158000000", "netIncome": "492000000"}, {"fiscalDateEnding": "2014-03-31", "reportedCurrency": "USD", "grossProfit": "1282000000", "totalRevenue": "4985000000", "costOfRevenue": "3703000000", "costofGoodsAndServicesSold": "3703000000", "operatingIncome": "1111000000", "sellingGeneralAndAdministrative": "135000000", "researchAndDevelopment": "0", "operatingExpenses": "171000000", "investmentIncomeNet": "None", "netInterestIncome": "None", "interestIncome": "None", "interestExpense": "161000000", "nonInterestIncome": "None", "otherNonOperatingIncome": "33000000", "depreciation": "None", "depreciationAndAmortization": "966000000", "incomeBeforeTax": "983000000", "incomeTaxExpense": "357000000", "interestAndDebtExpense": "None", "netIncomeFromContinuingOperations": "626000000", "comprehensiveIncomeNetOfTax": "None", "ebit": "1144000000", "ebitda": "2110000000", "netIncome": "510000000"}, {"fiscalDateEnding": "2013-12-31", "reportedCurrency": "USD", "grossProfit": "1930000000", "totalRevenue": "5885000000", "costOfRevenue": "3955000000", "costofGoodsAndServicesSold": "3955000000", "operatingIncome": "1650000000", "sellingGeneralAndAdministrative": "200000000", "researchAndDevelopment": "0", "operatingExpenses": "280000000", "investmentIncomeNet": "None", "netInterestIncome": "None", "interestIncome": "None", "interestExpense": "167000000", "nonInterestIncome": "None", "otherNonOperatingIncome": "-16000000", "depreciation": "None", "depreciationAndAmortization": "1019000000", "incomeBeforeTax": "1467000000", "incomeTaxExpense": "508000000", "interestAndDebtExpense": "None", "netIncomeFromContinuingOperations": "959000000", "comprehensiveIncomeNetOfTax": "None", "ebit": "1624000000", "ebitda": "2643000000", "netIncome": "707000000"}, {"fiscalDateEnding": "2013-09-30", "reportedCurrency": "USD", "grossProfit": "1914000000", "totalRevenue": "6165000000", "costOfRevenue": "4251000000", "costofGoodsAndServicesSold": "4251000000", "operatingIncome": "1707000000", "sellingGeneralAndAdministrative": "158000000", "researchAndDevelopment": "0", "operatingExpenses": "207000000", "investmentIncomeNet": "None", "netInterestIncome": "None", "interestIncome": "None", "interestExpense": "162000000", "nonInterestIncome": "None", "otherNonOperatingIncome": "2000000", "depreciation": "None", "depreciationAndAmortization": "919000000", "incomeBeforeTax": "1548000000", "incomeTaxExpense": "499000000", "interestAndDebtExpense": "None", "netIncomeFromContinuingOperations": "1049000000", "comprehensiveIncomeNetOfTax": "None", "ebit": "1710000000", "ebitda": "2629000000", "netIncome": "821000000"}, {"fiscalDateEnding": "2013-06-30", "reportedCurrency": "USD", "grossProfit": "905000000", "totalRevenue": "4288000000", "costOfRevenue": "3383000000", "costofGoodsAndServicesSold": "3383000000", "operatingIncome": "639000000", "sellingGeneralAndAdministrative": "186000000", "researchAndDevelopment": "0", "operatingExpenses": "266000000", "investmentIncomeNet": "None", "netInterestIncome": "None", "interestIncome": "None", "interestExpense": "132000000", "nonInterestIncome": "None", "otherNonOperatingIncome": "143000000", "depreciation": "None", "depreciationAndAmortization": "530000000", "incomeBeforeTax": "648000000", "incomeTaxExpense": "40000000", "interestAndDebtExpense": "None", "netIncomeFromContinuingOperations": "608000000", "comprehensiveIncomeNetOfTax": "None", "ebit": "780000000", "ebitda": "1310000000", "netIncome": "482000000"}, {"fiscalDateEnding": "2013-03-31", "reportedCurrency": "USD", "grossProfit": "1535000000", "totalRevenue": "4583000000", "costOfRevenue": "3048000000", "costofGoodsAndServicesSold": "3048000000", "operatingIncome": "1355000000", "sellingGeneralAndAdministrative": "113000000", "researchAndDevelopment": "0", "operatingExpenses": "180000000", "investmentIncomeNet": "None", "netInterestIncome": "None", "interestIncome": "None", "interestExpense": "57000000", "nonInterestIncome": "None", "otherNonOperatingIncome": "-46000000", "depreciation": "None", "depreciationAndAmortization": "329000000", "incomeBeforeTax": "1250000000", "incomeTaxExpense": "428000000", "interestAndDebtExpense": "None", "netIncomeFromContinuingOperations": "822000000", "comprehensiveIncomeNetOfTax": "None", "ebit": "1352000000", "ebitda": "1681000000", "netIncome": "648000000"}, {"fiscalDateEnding": "2012-12-31", "reportedCurrency": "USD", "grossProfit": "1450000000", "totalRevenue": "4513000000", "costOfRevenue": "3063000000", "costofGoodsAndServicesSold": "3063000000", "operatingIncome": "1358000000", "sellingGeneralAndAdministrative": "120000000", "researchAndDevelopment": "214000000", "operatingExpenses": "151000000", "investmentIncomeNet": "None", "netInterestIncome": "None", "interestIncome": "None", "interestExpense": "38000000", "nonInterestIncome": "None", "otherNonOperatingIncome": "7000000", "depreciation": "None", "depreciationAndAmortization": "323000000", "incomeBeforeTax": "1324000000", "incomeTaxExpense": "382000000", "interestAndDebtExpense": "None", "netIncomeFromContinuingOperations": "942000000", "comprehensiveIncomeNetOfTax": "None", "ebit": "1303000000", "ebitda": "1626000000", "netIncome": "743000000"}, {"fiscalDateEnding": "2012-09-30", "reportedCurrency": "USD", "grossProfit": "1825000000", "totalRevenue": "4417000000", "costOfRevenue": "2592000000", "costofGoodsAndServicesSold": "2592000000", "operatingIncome": "1411000000", "sellingGeneralAndAdministrative": "110000000", "researchAndDevelopment": "79000000", "operatingExpenses": "414000000", "investmentIncomeNet": "None", "netInterestIncome": "None", "interestIncome": "None", "interestExpense": "42000000", "nonInterestIncome": "None", "otherNonOperatingIncome": "-14000000", "depreciation": "None", "depreciationAndAmortization": "298000000", "incomeBeforeTax": "1354000000", "incomeTaxExpense": "215000000", "interestAndDebtExpense": "None", "netIncomeFromContinuingOperations": "1139000000", "comprehensiveIncomeNetOfTax": "None", "ebit": "1396000000", "ebitda": "1694000000", "netIncome": "824000000"}, {"fiscalDateEnding": "2012-06-30", "reportedCurrency": "USD", "grossProfit": "1562000000", "totalRevenue": "4475000000", "costOfRevenue": "2913000000", "costofGoodsAndServicesSold": "2913000000", "operatingIncome": "1311000000", "sellingGeneralAndAdministrative": "97000000", "researchAndDevelopment": "73000000", "operatingExpenses": "170000000", "investmentIncomeNet": "None", "netInterestIncome": "None", "interestIncome": "None", "interestExpense": "43000000", "nonInterestIncome": "None", "otherNonOperatingIncome": "48000000", "depreciation": "None", "depreciationAndAmortization": "291000000", "incomeBeforeTax": "1319000000", "incomeTaxExpense": "422000000", "interestAndDebtExpense": "None", "netIncomeFromContinuingOperations": "897000000", "comprehensiveIncomeNetOfTax": "None", "ebit": "1392000000", "ebitda": "1683000000", "netIncome": "710000000"}, {"fiscalDateEnding": "2012-03-31", "reportedCurrency": "USD", "grossProfit": "1910000000", "totalRevenue": "4605000000", "costOfRevenue": "2695000000", "costofGoodsAndServicesSold": "2695000000", "operatingIncome": "1734000000", "sellingGeneralAndAdministrative": "104000000", "researchAndDevelopment": "62000000", "operatingExpenses": "166000000", "investmentIncomeNet": "None", "netInterestIncome": "None", "interestIncome": "None", "interestExpense": "63000000", "nonInterestIncome": "None", "otherNonOperatingIncome": "-179000000", "depreciation": "None", "depreciationAndAmortization": "267000000", "incomeBeforeTax": "1490000000", "incomeTaxExpense": "491000000", "interestAndDebtExpense": "None", "netIncomeFromContinuingOperations": "999000000", "comprehensiveIncomeNetOfTax": "None", "ebit": "1744000000", "ebitda": "2011000000", "netIncome": "764000000"}, {"fiscalDateEnding": "2011-12-31", "reportedCurrency": "USD", "grossProfit": "1502000000", "totalRevenue": "4162000000", "costOfRevenue": "2660000000", "costofGoodsAndServicesSold": "2660000000", "operatingIncome": "1297000000", "sellingGeneralAndAdministrative": "92000000", "researchAndDevelopment": "77000000", "operatingExpenses": "169000000", "investmentIncomeNet": "None", "netInterestIncome": "None", "interestIncome": "None", "interestExpense": "62000000", "nonInterestIncome": "None", "otherNonOperatingIncome": "20000000", "depreciation": "None", "depreciationAndAmortization": "266000000", "incomeBeforeTax": "1253000000", "incomeTaxExpense": "389000000", "interestAndDebtExpense": "None", "netIncomeFromContinuingOperations": "864000000", "comprehensiveIncomeNetOfTax": "None", "ebit": "1333000000", "ebitda": "1599000000", "netIncome": "640000000"}, {"fiscalDateEnding": "2011-09-30", "reportedCurrency": "USD", "grossProfit": "2368000000", "totalRevenue": "5195000000", "costOfRevenue": "2827000000", "costofGoodsAndServicesSold": "2827000000", "operatingIncome": "2150000000", "sellingGeneralAndAdministrative": "102000000", "researchAndDevelopment": "78000000", "operatingExpenses": "180000000", "investmentIncomeNet": "None", "netInterestIncome": "None", "interestIncome": "None", "interestExpense": "78000000", "nonInterestIncome": "None", "otherNonOperatingIncome": "30000000", "depreciation": "None", "depreciationAndAmortization": "257000000", "incomeBeforeTax": "2100000000", "incomeTaxExpense": "808000000", "interestAndDebtExpense": "None", "netIncomeFromContinuingOperations": "1292000000", "comprehensiveIncomeNetOfTax": "None", "ebit": "2188000000", "ebitda": "2445000000", "netIncome": "1053000000"}, {"fiscalDateEnding": "2011-06-30", "reportedCurrency": "USD", "grossProfit": "2990000000", "totalRevenue": "5814000000", "costOfRevenue": "2824000000", "costofGoodsAndServicesSold": "2824000000", "operatingIncome": "2757000000", "sellingGeneralAndAdministrative": "107000000", "researchAndDevelopment": "66000000", "operatingExpenses": "173000000", "investmentIncomeNet": "None", "netInterestIncome": "None", "interestIncome": "None", "interestExpense": "74000000", "nonInterestIncome": "None", "otherNonOperatingIncome": "-51000000", "depreciation": "None", "depreciationAndAmortization": "267000000", "incomeBeforeTax": "2624000000", "incomeTaxExpense": "906000000", "interestAndDebtExpense": "None", "netIncomeFromContinuingOperations": "1718000000", "comprehensiveIncomeNetOfTax": "None", "ebit": "2817000000", "ebitda": "3084000000", "netIncome": "1368000000"}, {"fiscalDateEnding": "2011-03-31", "reportedCurrency": "USD", "grossProfit": "3050000000", "totalRevenue": "5709000000", "costOfRevenue": "2659000000", "costofGoodsAndServicesSold": "2659000000", "operatingIncome": "2936000000", "sellingGeneralAndAdministrative": "114000000", "researchAndDevelopment": "0", "operatingExpenses": "114000000", "investmentIncomeNet": "None", "netInterestIncome": "None", "interestIncome": "None", "interestExpense": "98000000", "nonInterestIncome": "None", "otherNonOperatingIncome": "7000000", "depreciation": "None", "depreciationAndAmortization": "232000000", "incomeBeforeTax": "2841000000", "incomeTaxExpense": "984000000", "interestAndDebtExpense": "None", "netIncomeFromContinuingOperations": "1857000000", "comprehensiveIncomeNetOfTax": "None", "ebit": "2936000000", "ebitda": "3168000000", "netIncome": "1499000000"}, {"fiscalDateEnding": "2010-12-31", "reportedCurrency": "USD", "grossProfit": "3201000000", "totalRevenue": "5603000000", "costOfRevenue": "2402000000", "costofGoodsAndServicesSold": "2402000000", "operatingIncome": "3097000000", "sellingGeneralAndAdministrative": "104000000", "researchAndDevelopment": "35000000", "operatingExpenses": "104000000", "investmentIncomeNet": "None", "netInterestIncome": "None", "interestIncome": "None", "interestExpense": "92000000", "nonInterestIncome": "None", "otherNonOperatingIncome": "-14000000", "depreciation": "None", "depreciationAndAmortization": "340000000", "incomeBeforeTax": "2986000000", "incomeTaxExpense": "1027000000", "interestAndDebtExpense": "None", "netIncomeFromContinuingOperations": "1959000000", "comprehensiveIncomeNetOfTax": "None", "ebit": "3097000000", "ebitda": "3437000000", "netIncome": "1549000000"}, {"fiscalDateEnding": "2010-09-30", "reportedCurrency": "USD", "grossProfit": "2580000000", "totalRevenue": "5152000000", "costOfRevenue": "2572000000", "costofGoodsAndServicesSold": "2572000000", "operatingIncome": "2499000000", "sellingGeneralAndAdministrative": "81000000", "researchAndDevelopment": "35000000", "operatingExpenses": "81000000", "investmentIncomeNet": "None", "netInterestIncome": "None", "interestIncome": "None", "interestExpense": "103000000", "nonInterestIncome": "None", "otherNonOperatingIncome": "-18000000", "depreciation": "None", "depreciationAndAmortization": "268000000", "incomeBeforeTax": "2377000000", "incomeTaxExpense": "845000000", "interestAndDebtExpense": "None", "netIncomeFromContinuingOperations": "1532000000", "comprehensiveIncomeNetOfTax": "None", "ebit": "2518000000", "ebitda": "2786000000", "netIncome": "1178000000"}, {"fiscalDateEnding": "2010-06-30", "reportedCurrency": "USD", "grossProfit": "1525000000", "totalRevenue": "3864000000", "costOfRevenue": "2339000000", "costofGoodsAndServicesSold": "2339000000", "operatingIncome": "1424000000", "sellingGeneralAndAdministrative": "101000000", "researchAndDevelopment": "0", "operatingExpenses": "101000000", "investmentIncomeNet": "None", "netInterestIncome": "None", "interestIncome": "None", "interestExpense": "122000000", "nonInterestIncome": "None", "otherNonOperatingIncome": "-37000000", "depreciation": "None", "depreciationAndAmortization": "249000000", "incomeBeforeTax": "1261000000", "incomeTaxExpense": "433000000", "interestAndDebtExpense": "None", "netIncomeFromContinuingOperations": "828000000", "comprehensiveIncomeNetOfTax": "None", "ebit": "1424000000", "ebitda": "1673000000", "netIncome": "664000000"}, {"fiscalDateEnding": "2010-03-31", "reportedCurrency": "USD", "grossProfit": "2143000000", "totalRevenue": "4363000000", "costOfRevenue": "2220000000", "costofGoodsAndServicesSold": "2220000000", "operatingIncome": "2048000000", "sellingGeneralAndAdministrative": "95000000", "researchAndDevelopment": "0", "operatingExpenses": "95000000", "investmentIncomeNet": "None", "netInterestIncome": "None", "interestIncome": "None", "interestExpense": "145000000", "nonInterestIncome": "None", "otherNonOperatingIncome": "-10000000", "depreciation": "None", "depreciationAndAmortization": "271000000", "incomeBeforeTax": "1888000000", "incomeTaxExpense": "678000000", "interestAndDebtExpense": "None", "netIncomeFromContinuingOperations": "1210000000", "comprehensiveIncomeNetOfTax": "None", "ebit": "2048000000", "ebitda": "2319000000", "netIncome": "945000000"}, {"fiscalDateEnding": "2009-12-31", "reportedCurrency": "USD", "grossProfit": "2479000000", "totalRevenue": "4610000000", "costOfRevenue": "2131000000", "costofGoodsAndServicesSold": "2131000000", "operatingIncome": "2239000000", "sellingGeneralAndAdministrative": "96000000", "researchAndDevelopment": "0", "operatingExpenses": "186000000", "investmentIncomeNet": "None", "netInterestIncome": "None", "interestIncome": "None", "interestExpense": "135000000", "nonInterestIncome": "None", "otherNonOperatingIncome": "None", "depreciation": "None", "depreciationAndAmortization": "344000000", "incomeBeforeTax": "2058000000", "incomeTaxExpense": "750000000", "interestAndDebtExpense": "None", "netIncomeFromContinuingOperations": "0", "comprehensiveIncomeNetOfTax": "None", "ebit": "2293000000", "ebitda": "2637000000", "netIncome": "1019000000"}, {"fiscalDateEnding": "2009-09-30", "reportedCurrency": "USD", "grossProfit": "2158000000", "totalRevenue": "4144000000", "costOfRevenue": "1986000000", "costofGoodsAndServicesSold": "1986000000", "operatingIncome": "2084000000", "sellingGeneralAndAdministrative": "74000000", "researchAndDevelopment": "0", "operatingExpenses": "74000000", "investmentIncomeNet": "None", "netInterestIncome": "None", "interestIncome": "None", "interestExpense": "162000000", "nonInterestIncome": "None", "otherNonOperatingIncome": "-35000000", "depreciation": "None", "depreciationAndAmortization": "269000000", "incomeBeforeTax": "1884000000", "incomeTaxExpense": "684000000", "interestAndDebtExpense": "None", "netIncomeFromContinuingOperations": "1200000000", "comprehensiveIncomeNetOfTax": "None", "ebit": "2084000000", "ebitda": "2353000000", "netIncome": "979000000"}, {"fiscalDateEnding": "2009-06-30", "reportedCurrency": "USD", "grossProfit": "1595000000", "totalRevenue": "3684000000", "costOfRevenue": "2089000000", "costofGoodsAndServicesSold": "2089000000", "operatingIncome": "1508000000", "sellingGeneralAndAdministrative": "89000000", "researchAndDevelopment": "0", "operatingExpenses": "89000000", "investmentIncomeNet": "None", "netInterestIncome": "None", "interestIncome": "None", "interestExpense": "158000000", "nonInterestIncome": "None", "otherNonOperatingIncome": "None", "depreciation": "None", "depreciationAndAmortization": "259000000", "incomeBeforeTax": "1347000000", "incomeTaxExpense": "542000000", "interestAndDebtExpense": "None", "netIncomeFromContinuingOperations": "0", "comprehensiveIncomeNetOfTax": "None", "ebit": "1247000000", "ebitda": "1506000000", "netIncome": "812000000"}, {"fiscalDateEnding": "2009-03-31", "reportedCurrency": "USD", "grossProfit": "759000000", "totalRevenue": "2602000000", "costOfRevenue": "1843000000", "costofGoodsAndServicesSold": "1843000000", "operatingIncome": "672000000", "sellingGeneralAndAdministrative": "62000000", "researchAndDevelopment": "0", "operatingExpenses": "62000000", "investmentIncomeNet": "None", "netInterestIncome": "None", "interestIncome": "None", "interestExpense": "131000000", "nonInterestIncome": "None", "otherNonOperatingIncome": "None", "depreciation": "None", "depreciationAndAmortization": "265000000", "incomeBeforeTax": "527000000", "incomeTaxExpense": "331000000", "interestAndDebtExpense": "None", "netIncomeFromContinuingOperations": "0", "comprehensiveIncomeNetOfTax": "None", "ebit": "697000000", "ebitda": "962000000", "netIncome": "103000000"}, {"fiscalDateEnding": "2008-12-31", "reportedCurrency": "USD", "grossProfit": "-2597000000", "totalRevenue": "2067000000", "costOfRevenue": "4664000000", "costofGoodsAndServicesSold": "4664000000", "operatingIncome": "-18292000000", "sellingGeneralAndAdministrative": "31000000", "researchAndDevelopment": "83000000", "operatingExpenses": "-1264000000", "investmentIncomeNet": "None", "netInterestIncome": "None", "interestIncome": "None", "interestExpense": "584000000", "nonInterestIncome": "None", "otherNonOperatingIncome": "None", "depreciation": "None", "depreciationAndAmortization": "577000000", "incomeBeforeTax": "-18451000000", "incomeTaxExpense": "-4471000000", "interestAndDebtExpense": "None", "netIncomeFromContinuingOperations": "0", "comprehensiveIncomeNetOfTax": "None", "ebit": "-1335000000", "ebitda": "-758000000", "netIncome": "-13850000000"}, {"fiscalDateEnding": "2008-09-30", "reportedCurrency": "USD", "grossProfit": "1742000000", "totalRevenue": "4616000000", "costOfRevenue": "2874000000", "costofGoodsAndServicesSold": "2874000000", "operatingIncome": "1133000000", "sellingGeneralAndAdministrative": "90000000", "researchAndDevelopment": "77000000", "operatingExpenses": "609000000", "investmentIncomeNet": "None", "netInterestIncome": "None", "interestIncome": "None", "interestExpense": "139000000", "nonInterestIncome": "None", "otherNonOperatingIncome": "None", "depreciation": "None", "depreciationAndAmortization": "442000000", "incomeBeforeTax": "980000000", "incomeTaxExpense": "240000000", "interestAndDebtExpense": "None", "netIncomeFromContinuingOperations": "0", "comprehensiveIncomeNetOfTax": "None", "ebit": "1147000000", "ebitda": "1589000000", "netIncome": "587000000"}, {"fiscalDateEnding": "2008-06-30", "reportedCurrency": "USD", "grossProfit": "2259000000", "totalRevenue": "5441000000", "costOfRevenue": "3182000000", "costofGoodsAndServicesSold": "3182000000", "operatingIncome": "2053000000", "sellingGeneralAndAdministrative": "126000000", "researchAndDevelopment": "80000000", "operatingExpenses": "206000000", "investmentIncomeNet": "None", "netInterestIncome": "None", "interestIncome": "None", "interestExpense": "140000000", "nonInterestIncome": "None", "otherNonOperatingIncome": "None", "depreciation": "None", "depreciationAndAmortization": "462000000", "incomeBeforeTax": "1942000000", "incomeTaxExpense": "658000000", "interestAndDebtExpense": "None", "netIncomeFromContinuingOperations": "0", "comprehensiveIncomeNetOfTax": "None", "ebit": "2031000000", "ebitda": "2493000000", "netIncome": "1010000000"}, {"fiscalDateEnding": "2008-03-31", "reportedCurrency": "USD", "grossProfit": "2532000000", "totalRevenue": "5672000000", "costOfRevenue": "3140000000", "costofGoodsAndServicesSold": "3140000000", "operatingIncome": "2396000000", "sellingGeneralAndAdministrative": "136000000", "researchAndDevelopment": "0", "operatingExpenses": "130000000", "investmentIncomeNet": "None", "netInterestIncome": "None", "interestIncome": "None", "interestExpense": "165000000", "nonInterestIncome": "None", "otherNonOperatingIncome": "None", "depreciation": "None", "depreciationAndAmortization": "418000000", "incomeBeforeTax": "2234000000", "incomeTaxExpense": "729000000", "interestAndDebtExpense": "None", "netIncomeFromContinuingOperations": "0", "comprehensiveIncomeNetOfTax": "None", "ebit": "2412000000", "ebitda": "2830000000", "netIncome": "1186000000"}, {"fiscalDateEnding": "2007-12-31", "reportedCurrency": "USD", "grossProfit": "458000000", "totalRevenue": "4184000000", "costOfRevenue": "3726000000", "costofGoodsAndServicesSold": "3726000000", "operatingIncome": "1152000000", "sellingGeneralAndAdministrative": "152000000", "researchAndDevelopment": "6500000", "operatingExpenses": "-696000000", "investmentIncomeNet": "None", "netInterestIncome": "None", "interestIncome": "None", "interestExpense": "513000000", "nonInterestIncome": "None", "otherNonOperatingIncome": "None", "depreciation": "None", "depreciationAndAmortization": "400000000", "incomeBeforeTax": "1075000000", "incomeTaxExpense": "525000000", "interestAndDebtExpense": "None", "netIncomeFromContinuingOperations": "0", "comprehensiveIncomeNetOfTax": "None", "ebit": "1111000000", "ebitda": "1511000000", "netIncome": "478000000"}, {"fiscalDateEnding": "2007-09-30", "reportedCurrency": "USD", "grossProfit": "2364000000", "totalRevenue": "5066000000", "costOfRevenue": "2702000000", "costofGoodsAndServicesSold": "2702000000", "operatingIncome": "1877000000", "sellingGeneralAndAdministrative": "131000000", "researchAndDevelopment": "0", "operatingExpenses": "451000000", "investmentIncomeNet": "None", "netInterestIncome": "None", "interestIncome": "None", "interestExpense": "155000000", "nonInterestIncome": "None", "otherNonOperatingIncome": "None", "depreciation": "None", "depreciationAndAmortization": "369000000", "incomeBeforeTax": "1786000000", "incomeTaxExpense": "653000000", "interestAndDebtExpense": "None", "netIncomeFromContinuingOperations": "0", "comprehensiveIncomeNetOfTax": "None", "ebit": "1890000000", "ebitda": "2259000000", "netIncome": "838000000"}, {"fiscalDateEnding": "2007-06-30", "reportedCurrency": "USD", "grossProfit": "2538000000", "totalRevenue": "5807000000", "costOfRevenue": "3269000000", "costofGoodsAndServicesSold": "3269000000", "operatingIncome": "2399000000", "sellingGeneralAndAdministrative": "139000000", "researchAndDevelopment": "0", "operatingExpenses": "92000000", "investmentIncomeNet": "None", "netInterestIncome": "None", "interestIncome": "None", "interestExpense": "182000000", "nonInterestIncome": "None", "otherNonOperatingIncome": "None", "depreciation": "None", "depreciationAndAmortization": "378700000", "incomeBeforeTax": "2258000000", "incomeTaxExpense": "777000000", "interestAndDebtExpense": "None", "netIncomeFromContinuingOperations": "0", "comprehensiveIncomeNetOfTax": "None", "ebit": "2459000000", "ebitda": "2837700000", "netIncome": "1168000000"}, {"fiscalDateEnding": "2007-03-31", "reportedCurrency": "USD", "grossProfit": "1350800000", "totalRevenue": "2302900000", "costOfRevenue": "952100000", "costofGoodsAndServicesSold": "952100000", "operatingIncome": "1179100000", "sellingGeneralAndAdministrative": "48900000", "researchAndDevelopment": "6500000", "operatingExpenses": "83900000", "investmentIncomeNet": "None", "netInterestIncome": "None", "interestIncome": "None", "interestExpense": "51900000", "nonInterestIncome": "None", "otherNonOperatingIncome": "None", "depreciation": "None", "depreciationAndAmortization": "116300000", "incomeBeforeTax": "1067500000", "incomeTaxExpense": "460200000", "interestAndDebtExpense": "None", "netIncomeFromContinuingOperations": "0", "comprehensiveIncomeNetOfTax": "None", "ebit": "1418900000", "ebitda": "1535200000", "netIncome": "492900000"}, {"fiscalDateEnding": "2006-12-31", "reportedCurrency": "USD", "grossProfit": "988617000", "totalRevenue": "1642127000", "costOfRevenue": "653510000", "costofGoodsAndServicesSold": "653510000", "operatingIncome": "862236000", "sellingGeneralAndAdministrative": "25908000", "researchAndDevelopment": "0", "operatingExpenses": "126458000", "investmentIncomeNet": "None", "netInterestIncome": "None", "interestIncome": "None", "interestExpense": "52086000", "nonInterestIncome": "None", "otherNonOperatingIncome": "None", "depreciation": "None", "depreciationAndAmortization": "85107000", "incomeBeforeTax": "859760000", "incomeTaxExpense": "365365000", "interestAndDebtExpense": "None", "netIncomeFromContinuingOperations": "0", "comprehensiveIncomeNetOfTax": "None", "ebit": "850639000", "ebitda": "935746000", "netIncome": "441567000"}, {"fiscalDateEnding": "2006-09-30", "reportedCurrency": "USD", "grossProfit": "841323000", "totalRevenue": "1636049000", "costOfRevenue": "794726000", "costofGoodsAndServicesSold": "794726000", "operatingIncome": "735434000", "sellingGeneralAndAdministrative": "45062000", "researchAndDevelopment": "0", "operatingExpenses": "76003000", "investmentIncomeNet": "None", "netInterestIncome": "None", "interestIncome": "None", "interestExpense": "18556000", "nonInterestIncome": "None", "otherNonOperatingIncome": "None", "depreciation": "None", "depreciationAndAmortization": "60827000", "incomeBeforeTax": "715830000", "incomeTaxExpense": "303844000", "interestAndDebtExpense": "None", "netIncomeFromContinuingOperations": "0", "comprehensiveIncomeNetOfTax": "None", "ebit": "797762000", "ebitda": "858589000", "netIncome": "365787000"}, {"fiscalDateEnding": "2006-06-30", "reportedCurrency": "USD", "grossProfit": "817817000", "totalRevenue": "1426202000", "costOfRevenue": "608385000", "costofGoodsAndServicesSold": "608385000", "operatingIncome": "739327000", "sellingGeneralAndAdministrative": "35135000", "researchAndDevelopment": "0", "operatingExpenses": "78223000", "investmentIncomeNet": "None", "netInterestIncome": "None", "interestIncome": "None", "interestExpense": "21024000", "nonInterestIncome": "None", "otherNonOperatingIncome": "None", "depreciation": "None", "depreciationAndAmortization": "43355000", "incomeBeforeTax": "734658000", "incomeTaxExpense": "310244000", "interestAndDebtExpense": "None", "netIncomeFromContinuingOperations": "0", "comprehensiveIncomeNetOfTax": "None", "ebit": "725512000", "ebitda": "768867000", "netIncome": "382380000"}, {"fiscalDateEnding": "2006-03-31", "reportedCurrency": "USD", "grossProfit": "605631000", "totalRevenue": "1086122000", "costOfRevenue": "480491000", "costofGoodsAndServicesSold": "480491000", "operatingIncome": "531750000", "sellingGeneralAndAdministrative": "30631000", "researchAndDevelopment": "0", "operatingExpenses": "73881000", "investmentIncomeNet": "None", "netInterestIncome": "None", "interestIncome": "None", "interestExpense": "22671000", "nonInterestIncome": "None", "otherNonOperatingIncome": "None", "depreciation": "None", "depreciationAndAmortization": "43250000", "incomeBeforeTax": "515623000", "incomeTaxExpense": "221722000", "interestAndDebtExpense": "None", "netIncomeFromContinuingOperations": "0", "comprehensiveIncomeNetOfTax": "None", "ebit": "528765000", "ebitda": "572015000", "netIncome": "266775000"}, {"fiscalDateEnding": "2005-12-31", "reportedCurrency": "USD", "grossProfit": "1033399000", "totalRevenue": "1489874000", "costOfRevenue": "456475000", "costofGoodsAndServicesSold": "456475000", "operatingIncome": "929693000", "sellingGeneralAndAdministrative": "19431000", "researchAndDevelopment": "0", "operatingExpenses": "103706000", "investmentIncomeNet": "None", "netInterestIncome": "None", "interestIncome": "None", "interestExpense": "115641000", "nonInterestIncome": "None", "otherNonOperatingIncome": "None", "depreciation": "None", "depreciationAndAmortization": "80398000", "incomeBeforeTax": "907721000", "incomeTaxExpense": "375644000", "interestAndDebtExpense": "None", "netIncomeFromContinuingOperations": "0", "comprehensiveIncomeNetOfTax": "None", "ebit": "929025000", "ebitda": "1009423000", "netIncome": "478305000"}, {"fiscalDateEnding": "2005-09-30", "reportedCurrency": "USD", "grossProfit": "548902000", "totalRevenue": "983270000", "costOfRevenue": "434368000", "costofGoodsAndServicesSold": "434368000", "operatingIncome": "459551000", "sellingGeneralAndAdministrative": "25546000", "researchAndDevelopment": "0", "operatingExpenses": "89351000", "investmentIncomeNet": "None", "netInterestIncome": "None", "interestIncome": "None", "interestExpense": "33330000", "nonInterestIncome": "None", "otherNonOperatingIncome": "None", "depreciation": "None", "depreciationAndAmortization": "63615000", "incomeBeforeTax": "392725000", "incomeTaxExpense": "186712000", "interestAndDebtExpense": "None", "netIncomeFromContinuingOperations": "0", "comprehensiveIncomeNetOfTax": "None", "ebit": "494362000", "ebitda": "557977000", "netIncome": "180930000"}, {"fiscalDateEnding": "2005-06-30", "reportedCurrency": "USD", "grossProfit": "512323000", "totalRevenue": "902909000", "costOfRevenue": "390586000", "costofGoodsAndServicesSold": "390586000", "operatingIncome": "430443000", "sellingGeneralAndAdministrative": "25379000", "researchAndDevelopment": "0", "operatingExpenses": "81880000", "investmentIncomeNet": "None", "netInterestIncome": "None", "interestIncome": "None", "interestExpense": "35292000", "nonInterestIncome": "None", "otherNonOperatingIncome": "None", "depreciation": "None", "depreciationAndAmortization": "56130000", "incomeBeforeTax": "405856000", "incomeTaxExpense": "188684000", "interestAndDebtExpense": "None", "netIncomeFromContinuingOperations": "0", "comprehensiveIncomeNetOfTax": "None", "ebit": "422300000", "ebitda": "478430000", "netIncome": "190372000"}, {"fiscalDateEnding": "2005-03-31", "reportedCurrency": "USD", "grossProfit": "436139000", "totalRevenue": "803065000", "costOfRevenue": "366926000", "costofGoodsAndServicesSold": "366926000", "operatingIncome": "357599000", "sellingGeneralAndAdministrative": "21614000", "researchAndDevelopment": "0", "operatingExpenses": "78540000", "investmentIncomeNet": "None", "netInterestIncome": "None", "interestIncome": "None", "interestExpense": "37548000", "nonInterestIncome": "None", "otherNonOperatingIncome": "None", "depreciation": "None", "depreciationAndAmortization": "58965000", "incomeBeforeTax": "330636000", "incomeTaxExpense": "164028000", "interestAndDebtExpense": "None", "netIncomeFromContinuingOperations": "0", "comprehensiveIncomeNetOfTax": "None", "ebit": "349610000", "ebitda": "408575000", "netIncome": "145520000"}, {"fiscalDateEnding": "2004-12-31", "reportedCurrency": "USD", "grossProfit": "488120000", "totalRevenue": "924791000", "costOfRevenue": "436671000", "costofGoodsAndServicesSold": "436671000", "operatingIncome": "466862000", "sellingGeneralAndAdministrative": "18059000", "researchAndDevelopment": "0", "operatingExpenses": "35269000", "investmentIncomeNet": "None", "netInterestIncome": "None", "interestIncome": "None", "interestExpense": "125674000", "nonInterestIncome": "None", "otherNonOperatingIncome": "None", "depreciation": "None", "depreciationAndAmortization": "84645000", "incomeBeforeTax": "458939000", "incomeTaxExpense": "202786000", "interestAndDebtExpense": "None", "netIncomeFromContinuingOperations": "0", "comprehensiveIncomeNetOfTax": "None", "ebit": "324510000", "ebitda": "409155000", "netIncome": "227630000"}]}