{"symbol": "RMD", "annualReports": [{"fiscalDateEnding": "2024-06-30", "reportedCurrency": "USD", "grossProfit": "2655303000", "totalRevenue": "4685297000", "costOfRevenue": "2029994000", "costofGoodsAndServicesSold": "2029994000", "operatingIncome": "1319893000", "sellingGeneralAndAdministrative": "917136000", "researchAndDevelopment": "307525000", "operatingExpenses": "1335410000", "investmentIncomeNet": "None", "netInterestIncome": "-45708000", "interestIncome": "None", "interestExpense": "45708000", "nonInterestIncome": "None", "otherNonOperatingIncome": "None", "depreciation": "None", "depreciationAndAmortization": "216209000", "incomeBeforeTax": "1264798000", "incomeTaxExpense": "243847000", "interestAndDebtExpense": "None", "netIncomeFromContinuingOperations": "1020951000", "comprehensiveIncomeNetOfTax": "None", "ebit": "1317334000", "ebitda": "1533543000", "netIncome": "1020951000"}, {"fiscalDateEnding": "2023-06-30", "reportedCurrency": "USD", "grossProfit": "2355662000", "totalRevenue": "4222993000", "costOfRevenue": "1867331000", "costofGoodsAndServicesSold": "1867331000", "operatingIncome": "1131871000", "sellingGeneralAndAdministrative": "874003000", "researchAndDevelopment": "287642000", "operatingExpenses": "1203665000", "investmentIncomeNet": "None", "netInterestIncome": "-47379000", "interestIncome": "44722000", "interestExpense": "47379000", "nonInterestIncome": "None", "otherNonOperatingIncome": "None", "depreciation": "None", "depreciationAndAmortization": "196522000", "incomeBeforeTax": "1101664000", "incomeTaxExpense": "204108000", "interestAndDebtExpense": "None", "netIncomeFromContinuingOperations": "897556000", "comprehensiveIncomeNetOfTax": "None", "ebit": "1162279000", "ebitda": "1358801000", "netIncome": "897556000"}, {"fiscalDateEnding": "2022-06-30", "reportedCurrency": "USD", "grossProfit": "2024311000", "totalRevenue": "3578127000", "costOfRevenue": "1553816000", "costofGoodsAndServicesSold": "1553816000", "operatingIncome": "1000286000", "sellingGeneralAndAdministrative": "739372000", "researchAndDevelopment": "253575000", "operatingExpenses": "1024025000", "investmentIncomeNet": "None", "netInterestIncome": "-22312000", "interestIncome": "43000000", "interestExpense": "22312000", "nonInterestIncome": "None", "otherNonOperatingIncome": "None", "depreciation": "None", "depreciationAndAmortization": "193841000", "incomeBeforeTax": "960483000", "incomeTaxExpense": "181046000", "interestAndDebtExpense": "None", "netIncomeFromContinuingOperations": "779437000", "comprehensiveIncomeNetOfTax": "None", "ebit": "982795000", "ebitda": "1176636000", "netIncome": "779437000"}, {"fiscalDateEnding": "2021-06-30", "reportedCurrency": "USD", "grossProfit": "1839100000", "totalRevenue": "3196825000", "costOfRevenue": "1357725000", "costofGoodsAndServicesSold": "1357725000", "operatingIncome": "903678000", "sellingGeneralAndAdministrative": "670387000", "researchAndDevelopment": "225284000", "operatingExpenses": "926749000", "investmentIncomeNet": "None", "netInterestIncome": "-23627000", "interestIncome": "34832000", "interestExpense": "23989000", "nonInterestIncome": "None", "otherNonOperatingIncome": "None", "depreciation": "None", "depreciationAndAmortization": "191518000", "incomeBeforeTax": "883662000", "incomeTaxExpense": "409157000", "interestAndDebtExpense": "None", "netIncomeFromContinuingOperations": "474505000", "comprehensiveIncomeNetOfTax": "None", "ebit": "907651000", "ebitda": "1099169000", "netIncome": "474505000"}, {"fiscalDateEnding": "2020-06-30", "reportedCurrency": "USD", "grossProfit": "1717786000", "totalRevenue": "2957013000", "costOfRevenue": "1239227000", "costofGoodsAndServicesSold": "1239227000", "operatingIncome": "809659000", "sellingGeneralAndAdministrative": "676689000", "researchAndDevelopment": "201946000", "operatingExpenses": "908727000", "investmentIncomeNet": "None", "netInterestIncome": "-39356000", "interestIncome": "63083000", "interestExpense": "40377000", "nonInterestIncome": "None", "otherNonOperatingIncome": "-36194000", "depreciation": "None", "depreciationAndAmortization": "180173000", "incomeBeforeTax": "733088000", "incomeTaxExpense": "111414000", "interestAndDebtExpense": "None", "netIncomeFromContinuingOperations": "621674000", "comprehensiveIncomeNetOfTax": "None", "ebit": "809659000", "ebitda": "989832000", "netIncome": "621674000"}, {"fiscalDateEnding": "2019-06-30", "reportedCurrency": "USD", "grossProfit": "1536585000", "totalRevenue": "2606572000", "costOfRevenue": "1069987000", "costofGoodsAndServicesSold": "1069987000", "operatingIncome": "579263000", "sellingGeneralAndAdministrative": "645010000", "researchAndDevelopment": "180651000", "operatingExpenses": "900599000", "investmentIncomeNet": "None", "netInterestIncome": "-33857000", "interestIncome": "2299000", "interestExpense": "36156000", "nonInterestIncome": "None", "otherNonOperatingIncome": "-24260000", "depreciation": "None", "depreciationAndAmortization": "150795000", "incomeBeforeTax": "518847000", "incomeTaxExpense": "114255000", "interestAndDebtExpense": "None", "netIncomeFromContinuingOperations": "404592000", "comprehensiveIncomeNetOfTax": "None", "ebit": "555003000", "ebitda": "705798000", "netIncome": "404592000"}, {"fiscalDateEnding": "2018-06-30", "reportedCurrency": "USD", "grossProfit": "1362164000", "totalRevenue": "2340196000", "costOfRevenue": "978032000", "costofGoodsAndServicesSold": "978032000", "operatingIncome": "541831000", "sellingGeneralAndAdministrative": "600369000", "researchAndDevelopment": "155149000", "operatingExpenses": "801901000", "investmentIncomeNet": "None", "netInterestIncome": "-11977000", "interestIncome": "16378000", "interestExpense": "28355000", "nonInterestIncome": "None", "otherNonOperatingIncome": "7836000", "depreciation": "None", "depreciationAndAmortization": "119960000", "incomeBeforeTax": "521312000", "incomeTaxExpense": "205724000", "interestAndDebtExpense": "None", "netIncomeFromContinuingOperations": "315588000", "comprehensiveIncomeNetOfTax": "None", "ebit": "560263000", "ebitda": "680223000", "netIncome": "315588000"}, {"fiscalDateEnding": "2017-06-30", "reportedCurrency": "USD", "grossProfit": "1201745000", "totalRevenue": "2066737000", "costOfRevenue": "864992000", "costofGoodsAndServicesSold": "864992000", "operatingIncome": "425798000", "sellingGeneralAndAdministrative": "553968000", "researchAndDevelopment": "144467000", "operatingExpenses": "745013000", "investmentIncomeNet": "None", "netInterestIncome": "-11151000", "interestIncome": "17085000", "interestExpense": "28236000", "nonInterestIncome": "None", "otherNonOperatingIncome": "21181000", "depreciation": "None", "depreciationAndAmortization": "112157000", "incomeBeforeTax": "418743000", "incomeTaxExpense": "76459000", "interestAndDebtExpense": "None", "netIncomeFromContinuingOperations": "342284000", "comprehensiveIncomeNetOfTax": "None", "ebit": "456732000", "ebitda": "568889000", "netIncome": "342284000"}, {"fiscalDateEnding": "2016-06-30", "reportedCurrency": "USD", "grossProfit": "1066497000", "totalRevenue": "1838713000", "costOfRevenue": "772216000", "costofGoodsAndServicesSold": "772216000", "operatingIncome": "428952000", "sellingGeneralAndAdministrative": "488057000", "researchAndDevelopment": "118651000", "operatingExpenses": "625167000", "investmentIncomeNet": "None", "netInterestIncome": "5654000", "interestIncome": "9823000", "interestExpense": "11206000", "nonInterestIncome": "None", "otherNonOperatingIncome": "21820000", "depreciation": "None", "depreciationAndAmortization": "86849000", "incomeBeforeTax": "439565000", "incomeTaxExpense": "87157000", "interestAndDebtExpense": "None", "netIncomeFromContinuingOperations": "352409000", "comprehensiveIncomeNetOfTax": "None", "ebit": "453708000", "ebitda": "540557000", "netIncome": "352408000"}, {"fiscalDateEnding": "2015-06-30", "reportedCurrency": "USD", "grossProfit": "1011396000", "totalRevenue": "1678912000", "costOfRevenue": "667516000", "costofGoodsAndServicesSold": "667516000", "operatingIncome": "409236000", "sellingGeneralAndAdministrative": "478627000", "researchAndDevelopment": "114865000", "operatingExpenses": "596160000", "investmentIncomeNet": "None", "netInterestIncome": "None", "interestIncome": "25498000", "interestExpense": "5778000", "nonInterestIncome": "None", "otherNonOperatingIncome": "32458000", "depreciation": "None", "depreciationAndAmortization": "73056000", "incomeBeforeTax": "435916000", "incomeTaxExpense": "83030000", "interestAndDebtExpense": "None", "netIncomeFromContinuingOperations": "352886000", "comprehensiveIncomeNetOfTax": "None", "ebit": "409236000", "ebitda": "482292000", "netIncome": "352886000"}, {"fiscalDateEnding": "2014-06-30", "reportedCurrency": "USD", "grossProfit": "989786000", "totalRevenue": "1554973000", "costOfRevenue": "565187000", "costofGoodsAndServicesSold": "565187000", "operatingIncome": "405087000", "sellingGeneralAndAdministrative": "450414000", "researchAndDevelopment": "118226000", "operatingExpenses": "578373000", "investmentIncomeNet": "None", "netInterestIncome": "None", "interestIncome": "None", "interestExpense": "6129000", "nonInterestIncome": "None", "otherNonOperatingIncome": "32120000", "depreciation": "None", "depreciationAndAmortization": "9733000", "incomeBeforeTax": "431078000", "incomeTaxExpense": "85805000", "interestAndDebtExpense": "None", "netIncomeFromContinuingOperations": "345273000", "comprehensiveIncomeNetOfTax": "None", "ebit": "475134000", "ebitda": "484867000", "netIncome": "345273000"}, {"fiscalDateEnding": "2013-06-30", "reportedCurrency": "USD", "grossProfit": "940657000", "totalRevenue": "1514457000", "costOfRevenue": "573800000", "costofGoodsAndServicesSold": "573800000", "operatingIncome": "354824000", "sellingGeneralAndAdministrative": "430802000", "researchAndDevelopment": "120124000", "operatingExpenses": "585833000", "investmentIncomeNet": "None", "netInterestIncome": "None", "interestIncome": "None", "interestExpense": "6387000", "nonInterestIncome": "None", "otherNonOperatingIncome": "36682000", "depreciation": "None", "depreciationAndAmortization": "10142000", "incomeBeforeTax": "385119000", "incomeTaxExpense": "77986000", "interestAndDebtExpense": "None", "netIncomeFromContinuingOperations": "307133000", "comprehensiveIncomeNetOfTax": "None", "ebit": "459644000", "ebitda": "469786000", "netIncome": "307133000"}, {"fiscalDateEnding": "2012-06-30", "reportedCurrency": "USD", "grossProfit": "820735000", "totalRevenue": "1368515000", "costOfRevenue": "547780000", "costofGoodsAndServicesSold": "547780000", "operatingIncome": "294407000", "sellingGeneralAndAdministrative": "401621000", "researchAndDevelopment": "109733000", "operatingExpenses": "525328000", "investmentIncomeNet": "None", "netInterestIncome": "None", "interestIncome": "None", "interestExpense": "4786000", "nonInterestIncome": "None", "otherNonOperatingIncome": "42324000", "depreciation": "None", "depreciationAndAmortization": "13974000", "incomeBeforeTax": "331945000", "incomeTaxExpense": "77095000", "interestAndDebtExpense": "None", "netIncomeFromContinuingOperations": "254850000", "comprehensiveIncomeNetOfTax": "None", "ebit": "408613000", "ebitda": "422587000", "netIncome": "254850000"}, {"fiscalDateEnding": "2011-06-30", "reportedCurrency": "USD", "grossProfit": "741326000", "totalRevenue": "1243148000", "costOfRevenue": "501822000", "costofGoodsAndServicesSold": "501822000", "operatingIncome": "266924000", "sellingGeneralAndAdministrative": "372249000", "researchAndDevelopment": "92007000", "operatingExpenses": "473402000", "investmentIncomeNet": "None", "netInterestIncome": "None", "interestIncome": "None", "interestExpense": "1758000", "nonInterestIncome": "None", "otherNonOperatingIncome": "36783000", "depreciation": "None", "depreciationAndAmortization": "10146000", "incomeBeforeTax": "303707000", "incomeTaxExpense": "76721000", "interestAndDebtExpense": "None", "netIncomeFromContinuingOperations": "226986000", "comprehensiveIncomeNetOfTax": "None", "ebit": "364177000", "ebitda": "374323000", "netIncome": "226986000"}, {"fiscalDateEnding": "2010-06-30", "reportedCurrency": "USD", "grossProfit": "655483000", "totalRevenue": "1092357000", "costOfRevenue": "436874000", "costofGoodsAndServicesSold": "436874000", "operatingIncome": "240382000", "sellingGeneralAndAdministrative": "331858000", "researchAndDevelopment": "75202000", "operatingExpenses": "412101000", "investmentIncomeNet": "None", "netInterestIncome": "None", "interestIncome": "None", "interestExpense": "10058000", "nonInterestIncome": "None", "otherNonOperatingIncome": "None", "depreciation": "None", "depreciationAndAmortization": "8041000", "incomeBeforeTax": "260589000", "incomeTaxExpense": "70504000", "interestAndDebtExpense": "None", "netIncomeFromContinuingOperations": "None", "comprehensiveIncomeNetOfTax": "None", "ebit": "314111000", "ebitda": "322152000", "netIncome": "190085000"}, {"fiscalDateEnding": "2009-06-30", "reportedCurrency": "USD", "grossProfit": "553802000", "totalRevenue": "920735000", "costOfRevenue": "366933000", "costofGoodsAndServicesSold": "366933000", "operatingIncome": "190311000", "sellingGeneralAndAdministrative": "289875000", "researchAndDevelopment": "63056000", "operatingExpenses": "359991000", "investmentIncomeNet": "None", "netInterestIncome": "None", "interestIncome": "None", "interestExpense": "10058000", "nonInterestIncome": "None", "otherNonOperatingIncome": "None", "depreciation": "None", "depreciationAndAmortization": "7060000", "incomeBeforeTax": "201684000", "incomeTaxExpense": "55236000", "interestAndDebtExpense": "None", "netIncomeFromContinuingOperations": "None", "comprehensiveIncomeNetOfTax": "None", "ebit": "183251000", "ebitda": "190311000", "netIncome": "146448000"}, {"fiscalDateEnding": "2008-06-30", "reportedCurrency": "USD", "grossProfit": "493750000", "totalRevenue": "835397000", "costOfRevenue": "341647000", "costofGoodsAndServicesSold": "341647000", "operatingIncome": "142970000", "sellingGeneralAndAdministrative": "278087000", "researchAndDevelopment": "60524000", "operatingExpenses": "348402000", "investmentIncomeNet": "None", "netInterestIncome": "None", "interestIncome": "None", "interestExpense": "10058000", "nonInterestIncome": "None", "otherNonOperatingIncome": "None", "depreciation": "None", "depreciationAndAmortization": "59485000", "incomeBeforeTax": "157855000", "incomeTaxExpense": "47552000", "interestAndDebtExpense": "None", "netIncomeFromContinuingOperations": "None", "comprehensiveIncomeNetOfTax": "None", "ebit": "145348000", "ebitda": "204833000", "netIncome": "110303000"}, {"fiscalDateEnding": "2007-06-30", "reportedCurrency": "USD", "grossProfit": "384492000", "totalRevenue": "716332000", "costOfRevenue": "331840000", "costofGoodsAndServicesSold": "331840000", "operatingIncome": "90163000", "sellingGeneralAndAdministrative": "237326000", "researchAndDevelopment": "50106000", "operatingExpenses": "294329000", "investmentIncomeNet": "None", "netInterestIncome": "None", "interestIncome": "None", "interestExpense": "1320000", "nonInterestIncome": "None", "otherNonOperatingIncome": "None", "depreciation": "None", "depreciationAndAmortization": "48141000", "incomeBeforeTax": "97973000", "incomeTaxExpense": "31671000", "interestAndDebtExpense": "None", "netIncomeFromContinuingOperations": "None", "comprehensiveIncomeNetOfTax": "None", "ebit": "42022000", "ebitda": "90163000", "netIncome": "66302000"}, {"fiscalDateEnding": "2006-06-30", "reportedCurrency": "USD", "grossProfit": "376895000", "totalRevenue": "606996000", "costOfRevenue": "230101000", "costofGoodsAndServicesSold": "230101000", "operatingIncome": "131300000", "sellingGeneralAndAdministrative": "200168000", "researchAndDevelopment": "37216000", "operatingExpenses": "244471000", "investmentIncomeNet": "None", "netInterestIncome": "None", "interestIncome": "None", "interestExpense": "1320000", "nonInterestIncome": "None", "otherNonOperatingIncome": "None", "depreciation": "None", "depreciationAndAmortization": "41619000", "incomeBeforeTax": "133394000", "incomeTaxExpense": "45183000", "interestAndDebtExpense": "None", "netIncomeFromContinuingOperations": "None", "comprehensiveIncomeNetOfTax": "None", "ebit": "132424000", "ebitda": "174043000", "netIncome": "88211000"}, {"fiscalDateEnding": "2005-06-30", "reportedCurrency": "USD", "grossProfit": "274860000", "totalRevenue": "425505000", "costOfRevenue": "150645000", "costofGoodsAndServicesSold": "150645000", "operatingIncome": "97353000", "sellingGeneralAndAdministrative": "135703000", "researchAndDevelopment": "30014000", "operatingExpenses": "167087000", "investmentIncomeNet": "None", "netInterestIncome": "None", "interestIncome": "None", "interestExpense": "808000", "nonInterestIncome": "None", "otherNonOperatingIncome": "None", "depreciation": "None", "depreciationAndAmortization": "29126000", "incomeBeforeTax": "96626000", "incomeTaxExpense": "31841000", "interestAndDebtExpense": "None", "netIncomeFromContinuingOperations": "None", "comprehensiveIncomeNetOfTax": "None", "ebit": "107773000", "ebitda": "136899000", "netIncome": "64785000"}], "quarterlyReports": [{"fiscalDateEnding": "2024-12-31", "reportedCurrency": "USD", "grossProfit": "751275000", "totalRevenue": "1282089000", "costOfRevenue": "530814000", "costofGoodsAndServicesSold": "530814000", "operatingIncome": "417242000", "sellingGeneralAndAdministrative": "241613000", "researchAndDevelopment": "81373000", "operatingExpenses": "334033000", "investmentIncomeNet": "None", "netInterestIncome": "-775000", "interestIncome": "None", "interestExpense": "2436000", "nonInterestIncome": "None", "otherNonOperatingIncome": "None", "depreciation": "None", "depreciationAndAmortization": "-53710000", "incomeBeforeTax": "418323000", "incomeTaxExpense": "73701000", "interestAndDebtExpense": "None", "netIncomeFromContinuingOperations": "344622000", "comprehensiveIncomeNetOfTax": "None", "ebit": "415887000", "ebitda": "362177000", "netIncome": "344622000"}, {"fiscalDateEnding": "2024-09-30", "reportedCurrency": "USD", "grossProfit": "717219000", "totalRevenue": "1224509000", "costOfRevenue": "507290000", "costofGoodsAndServicesSold": "507290000", "operatingIncome": "387312000", "sellingGeneralAndAdministrative": "238979000", "researchAndDevelopment": "79524000", "operatingExpenses": "329907000", "investmentIncomeNet": "None", "netInterestIncome": "-1661000", "interestIncome": "None", "interestExpense": "1661000", "nonInterestIncome": "None", "otherNonOperatingIncome": "None", "depreciation": "None", "depreciationAndAmortization": "53710000", "incomeBeforeTax": "383497000", "incomeTaxExpense": "72142000", "interestAndDebtExpense": "None", "netIncomeFromContinuingOperations": "311355000", "comprehensiveIncomeNetOfTax": "None", "ebit": "388999000", "ebitda": "442709000", "netIncome": "311355000"}, {"fiscalDateEnding": "2024-06-30", "reportedCurrency": "USD", "grossProfit": "704265001", "totalRevenue": "1223195000", "costOfRevenue": "518929999", "costofGoodsAndServicesSold": "518929999", "operatingIncome": "381217000", "sellingGeneralAndAdministrative": "242188000", "researchAndDevelopment": "80861000", "operatingExpenses": "323048000", "investmentIncomeNet": "None", "netInterestIncome": "-5921000", "interestIncome": "None", "interestExpense": "9550000", "nonInterestIncome": "None", "otherNonOperatingIncome": "None", "depreciation": "None", "depreciationAndAmortization": "54754000", "incomeBeforeTax": "357732000", "incomeTaxExpense": "65495000", "interestAndDebtExpense": "None", "netIncomeFromContinuingOperations": "292236000", "comprehensiveIncomeNetOfTax": "None", "ebit": "367282000", "ebitda": "422036000", "netIncome": "292236000"}, {"fiscalDateEnding": "2024-03-31", "reportedCurrency": "USD", "grossProfit": "681577000", "totalRevenue": "1196980000", "costOfRevenue": "515403000", "costofGoodsAndServicesSold": "515403000", "operatingIncome": "374584000", "sellingGeneralAndAdministrative": "229919000", "researchAndDevelopment": "77074000", "operatingExpenses": "306993000", "investmentIncomeNet": "None", "netInterestIncome": "-11026000", "interestIncome": "None", "interestExpense": "14377000", "nonInterestIncome": "None", "otherNonOperatingIncome": "None", "depreciation": "None", "depreciationAndAmortization": "54642000", "incomeBeforeTax": "375421000", "incomeTaxExpense": "74929000", "interestAndDebtExpense": "None", "netIncomeFromContinuingOperations": "300492000", "comprehensiveIncomeNetOfTax": "None", "ebit": "374584000", "ebitda": "429226000", "netIncome": "300492000"}, {"fiscalDateEnding": "2023-12-31", "reportedCurrency": "USD", "grossProfit": "646934000", "totalRevenue": "1162801000", "costOfRevenue": "515867000", "costofGoodsAndServicesSold": "515867000", "operatingIncome": "275094000", "sellingGeneralAndAdministrative": "222155000", "researchAndDevelopment": "73880000", "operatingExpenses": "307612000", "investmentIncomeNet": "None", "netInterestIncome": "-13805000", "interestIncome": "None", "interestExpense": "13805000", "nonInterestIncome": "None", "otherNonOperatingIncome": "None", "depreciation": "None", "depreciationAndAmortization": "53370000", "incomeBeforeTax": "259454000", "incomeTaxExpense": "50654000", "interestAndDebtExpense": "None", "netIncomeFromContinuingOperations": "208800000", "comprehensiveIncomeNetOfTax": "None", "ebit": "339322000", "ebitda": "392692000", "netIncome": "208800000"}, {"fiscalDateEnding": "2023-09-30", "reportedCurrency": "USD", "grossProfit": "600060000", "totalRevenue": "963037000", "costOfRevenue": "362977000", "costofGoodsAndServicesSold": "362977000", "operatingIncome": "288997000", "sellingGeneralAndAdministrative": "222874000", "researchAndDevelopment": "75710000", "operatingExpenses": "311063000", "investmentIncomeNet": "None", "netInterestIncome": "-14957000", "interestIncome": "19454000", "interestExpense": "14957000", "nonInterestIncome": "None", "otherNonOperatingIncome": "None", "depreciation": "None", "depreciationAndAmortization": "53442000", "incomeBeforeTax": "272191000", "incomeTaxExpense": "52769000", "interestAndDebtExpense": "None", "netIncomeFromContinuingOperations": "219422000", "comprehensiveIncomeNetOfTax": "None", "ebit": "288997000", "ebitda": "342439000", "netIncome": "219422000"}, {"fiscalDateEnding": "2023-06-30", "reportedCurrency": "USD", "grossProfit": "617386000", "totalRevenue": "1122057000", "costOfRevenue": "504671000", "costofGoodsAndServicesSold": "504671000", "operatingIncome": "275267000", "sellingGeneralAndAdministrative": "240687000", "researchAndDevelopment": "78144000", "operatingExpenses": "331150000", "investmentIncomeNet": "None", "netInterestIncome": "-14943000", "interestIncome": "18754000", "interestExpense": "14943000", "nonInterestIncome": "None", "otherNonOperatingIncome": "None", "depreciation": "None", "depreciationAndAmortization": "55200000", "incomeBeforeTax": "276801000", "incomeTaxExpense": "47137000", "interestAndDebtExpense": "None", "netIncomeFromContinuingOperations": "229664000", "comprehensiveIncomeNetOfTax": "None", "ebit": "270804000", "ebitda": "326004000", "netIncome": "229664000"}, {"fiscalDateEnding": "2023-03-31", "reportedCurrency": "USD", "grossProfit": "617752000", "totalRevenue": "1116898000", "costOfRevenue": "499146000", "costofGoodsAndServicesSold": "499146000", "operatingIncome": "300671000", "sellingGeneralAndAdministrative": "228457000", "researchAndDevelopment": "76436000", "operatingExpenses": "317081000", "investmentIncomeNet": "None", "netInterestIncome": "-14964000", "interestIncome": "8729000", "interestExpense": "14964000", "nonInterestIncome": "None", "otherNonOperatingIncome": "3671000", "depreciation": "None", "depreciationAndAmortization": "52790000", "incomeBeforeTax": "289378000", "incomeTaxExpense": "56878000", "interestAndDebtExpense": "None", "netIncomeFromContinuingOperations": "232500000", "comprehensiveIncomeNetOfTax": "None", "ebit": "300671000", "ebitda": "353461000", "netIncome": "232500000"}, {"fiscalDateEnding": "2022-12-31", "reportedCurrency": "USD", "grossProfit": "579715000", "totalRevenue": "1033744000", "costOfRevenue": "454029000", "costofGoodsAndServicesSold": "454029000", "operatingIncome": "280194000", "sellingGeneralAndAdministrative": "211672000", "researchAndDevelopment": "69874000", "operatingExpenses": "291109000", "investmentIncomeNet": "None", "netInterestIncome": "-10338000", "interestIncome": "4796000", "interestExpense": "10338000", "nonInterestIncome": "None", "otherNonOperatingIncome": "3835000", "depreciation": "None", "depreciationAndAmortization": "45539000", "incomeBeforeTax": "273691000", "incomeTaxExpense": "48777000", "interestAndDebtExpense": "None", "netIncomeFromContinuingOperations": "224914000", "comprehensiveIncomeNetOfTax": "None", "ebit": "288606000", "ebitda": "334145000", "netIncome": "224914000"}, {"fiscalDateEnding": "2022-09-30", "reportedCurrency": "USD", "grossProfit": "540810000", "totalRevenue": "950294000", "costOfRevenue": "409484000", "costofGoodsAndServicesSold": "409484000", "operatingIncome": "275739000", "sellingGeneralAndAdministrative": "193933000", "researchAndDevelopment": "63188000", "operatingExpenses": "265071000", "investmentIncomeNet": "None", "netInterestIncome": "-7134000", "interestIncome": "12442000", "interestExpense": "7134000", "nonInterestIncome": "None", "otherNonOperatingIncome": "-6812000", "depreciation": "None", "depreciationAndAmortization": "44034000", "incomeBeforeTax": "261793000", "incomeTaxExpense": "51315000", "interestAndDebtExpense": "None", "netIncomeFromContinuingOperations": "210478000", "comprehensiveIncomeNetOfTax": "None", "ebit": "268927000", "ebitda": "312961000", "netIncome": "210478000"}, {"fiscalDateEnding": "2022-06-30", "reportedCurrency": "USD", "grossProfit": "522506000", "totalRevenue": "914737000", "costOfRevenue": "392231000", "costofGoodsAndServicesSold": "392231000", "operatingIncome": "255396000", "sellingGeneralAndAdministrative": "194889000", "researchAndDevelopment": "64318000", "operatingExpenses": "267110000", "investmentIncomeNet": "None", "netInterestIncome": "-5542000", "interestIncome": "19776000", "interestExpense": "5542000", "nonInterestIncome": "None", "otherNonOperatingIncome": "None", "depreciation": "None", "depreciationAndAmortization": "45007000", "incomeBeforeTax": "238089000", "incomeTaxExpense": "43028000", "interestAndDebtExpense": "None", "netIncomeFromContinuingOperations": "195061000", "comprehensiveIncomeNetOfTax": "None", "ebit": "255397000", "ebitda": "300404000", "netIncome": "195061000"}, {"fiscalDateEnding": "2022-03-31", "reportedCurrency": "USD", "grossProfit": "491197000", "totalRevenue": "864500000", "costOfRevenue": "373303000", "costofGoodsAndServicesSold": "373303000", "operatingIncome": "234265000", "sellingGeneralAndAdministrative": "182401000", "researchAndDevelopment": "66801000", "operatingExpenses": "256932000", "investmentIncomeNet": "None", "netInterestIncome": "-5462000", "interestIncome": "9824000", "interestExpense": "5462000", "nonInterestIncome": "None", "otherNonOperatingIncome": "-2484000", "depreciation": "None", "depreciationAndAmortization": "51609000", "incomeBeforeTax": "226319000", "incomeTaxExpense": "47307000", "interestAndDebtExpense": "None", "netIncomeFromContinuingOperations": "179012000", "comprehensiveIncomeNetOfTax": "None", "ebit": "234265000", "ebitda": "285874000", "netIncome": "179012000"}, {"fiscalDateEnding": "2021-12-31", "reportedCurrency": "USD", "grossProfit": "504318000", "totalRevenue": "894874000", "costOfRevenue": "390556000", "costofGoodsAndServicesSold": "390556000", "operatingIncome": "248711000", "sellingGeneralAndAdministrative": "185362000", "researchAndDevelopment": "62507000", "operatingExpenses": "255607000", "investmentIncomeNet": "None", "netInterestIncome": "-5948000", "interestIncome": "12266000", "interestExpense": "5948000", "nonInterestIncome": "None", "otherNonOperatingIncome": "-5477000", "depreciation": "None", "depreciationAndAmortization": "49606000", "incomeBeforeTax": "237286000", "incomeTaxExpense": "35535000", "interestAndDebtExpense": "None", "netIncomeFromContinuingOperations": "201751000", "comprehensiveIncomeNetOfTax": "None", "ebit": "248711000", "ebitda": "298317000", "netIncome": "201751000"}, {"fiscalDateEnding": "2021-09-30", "reportedCurrency": "USD", "grossProfit": "506289000", "totalRevenue": "904015000", "costOfRevenue": "397726000", "costofGoodsAndServicesSold": "397726000", "operatingIncome": "261913000", "sellingGeneralAndAdministrative": "176719000", "researchAndDevelopment": "59950000", "operatingExpenses": "244376000", "investmentIncomeNet": "None", "netInterestIncome": "-5360000", "interestIncome": "6746000", "interestExpense": "5360000", "nonInterestIncome": "None", "otherNonOperatingIncome": "2235000", "depreciation": "None", "depreciationAndAmortization": "47619000", "incomeBeforeTax": "258788000", "incomeTaxExpense": "55175000", "interestAndDebtExpense": "None", "netIncomeFromContinuingOperations": "203613000", "comprehensiveIncomeNetOfTax": "None", "ebit": "261913000", "ebitda": "309532000", "netIncome": "203613000"}, {"fiscalDateEnding": "2021-06-30", "reportedCurrency": "USD", "grossProfit": "490696000", "totalRevenue": "876103000", "costOfRevenue": "385407000", "costofGoodsAndServicesSold": "385407000", "operatingIncome": "241637000", "sellingGeneralAndAdministrative": "181483000", "researchAndDevelopment": "59875000", "operatingExpenses": "249059000", "investmentIncomeNet": "None", "netInterestIncome": "-5286000", "interestIncome": "6596000", "interestExpense": "5345000", "nonInterestIncome": "None", "otherNonOperatingIncome": "None", "depreciation": "None", "depreciationAndAmortization": "45679000", "incomeBeforeTax": "239210000", "incomeTaxExpense": "44112000", "interestAndDebtExpense": "None", "netIncomeFromContinuingOperations": "195098000", "comprehensiveIncomeNetOfTax": "None", "ebit": "241637000", "ebitda": "287316000", "netIncome": "195098000"}, {"fiscalDateEnding": "2021-03-31", "reportedCurrency": "USD", "grossProfit": "447258000", "totalRevenue": "768767000", "costOfRevenue": "321509000", "costofGoodsAndServicesSold": "321509000", "operatingIncome": "223426000", "sellingGeneralAndAdministrative": "160446000", "researchAndDevelopment": "55941000", "operatingExpenses": "223832000", "investmentIncomeNet": "None", "netInterestIncome": "-5823000", "interestIncome": "55000", "interestExpense": "5878000", "nonInterestIncome": "None", "otherNonOperatingIncome": "457000", "depreciation": "None", "depreciationAndAmortization": "47882000", "incomeBeforeTax": "218005000", "incomeTaxExpense": "296486000", "interestAndDebtExpense": "None", "netIncomeFromContinuingOperations": "-78481000", "comprehensiveIncomeNetOfTax": "None", "ebit": "223426000", "ebitda": "271308000", "netIncome": "-78481000"}, {"fiscalDateEnding": "2020-12-31", "reportedCurrency": "USD", "grossProfit": "462483000", "totalRevenue": "800011000", "costOfRevenue": "337528000", "costofGoodsAndServicesSold": "337528000", "operatingIncome": "221716000", "sellingGeneralAndAdministrative": "169470000", "researchAndDevelopment": "54935000", "operatingExpenses": "232094000", "investmentIncomeNet": "None", "netInterestIncome": "-5792000", "interestIncome": "8432000", "interestExpense": "5924000", "nonInterestIncome": "None", "otherNonOperatingIncome": "-5200000", "depreciation": "None", "depreciationAndAmortization": "48069000", "incomeBeforeTax": "210592000", "incomeTaxExpense": "31078000", "interestAndDebtExpense": "None", "netIncomeFromContinuingOperations": "179514000", "comprehensiveIncomeNetOfTax": "None", "ebit": "216516000", "ebitda": "264585000", "netIncome": "179514000"}, {"fiscalDateEnding": "2020-09-30", "reportedCurrency": "USD", "grossProfit": "438661000", "totalRevenue": "751944000", "costOfRevenue": "313283000", "costofGoodsAndServicesSold": "313283000", "operatingIncome": "216896000", "sellingGeneralAndAdministrative": "158989000", "researchAndDevelopment": "54533000", "operatingExpenses": "221765000", "investmentIncomeNet": "None", "netInterestIncome": "-6725000", "interestIncome": "9013000", "interestExpense": "6842000", "nonInterestIncome": "None", "otherNonOperatingIncome": "5800000", "depreciation": "None", "depreciationAndAmortization": "49888000", "incomeBeforeTax": "215854000", "incomeTaxExpense": "37482000", "interestAndDebtExpense": "None", "netIncomeFromContinuingOperations": "178372000", "comprehensiveIncomeNetOfTax": "None", "ebit": "216896000", "ebitda": "266784000", "netIncome": "178372000"}, {"fiscalDateEnding": "2020-06-30", "reportedCurrency": "USD", "grossProfit": "449372000", "totalRevenue": "770343000", "costOfRevenue": "320971000", "costofGoodsAndServicesSold": "320971000", "operatingIncome": "223247000", "sellingGeneralAndAdministrative": "511303000", "researchAndDevelopment": "52520000", "operatingExpenses": "226125000", "investmentIncomeNet": "None", "netInterestIncome": "-8942000", "interestIncome": "14918000", "interestExpense": "9197000", "nonInterestIncome": "None", "otherNonOperatingIncome": "-1957000", "depreciation": "None", "depreciationAndAmortization": "45508000", "incomeBeforeTax": "212094000", "incomeTaxExpense": "34259000", "interestAndDebtExpense": "None", "netIncomeFromContinuingOperations": "177835000", "comprehensiveIncomeNetOfTax": "None", "ebit": "221291000", "ebitda": "266799000", "netIncome": "177835000"}, {"fiscalDateEnding": "2020-03-31", "reportedCurrency": "USD", "grossProfit": "449662000", "totalRevenue": "769455000", "costOfRevenue": "319793000", "costofGoodsAndServicesSold": "319793000", "operatingIncome": "217500000", "sellingGeneralAndAdministrative": "172441000", "researchAndDevelopment": "51449000", "operatingExpenses": "232162000", "investmentIncomeNet": "None", "netInterestIncome": "-9852000", "interestIncome": "116000", "interestExpense": "9968000", "nonInterestIncome": "None", "otherNonOperatingIncome": "-15877000", "depreciation": "None", "depreciationAndAmortization": "46465000", "incomeBeforeTax": "191655000", "incomeTaxExpense": "28518000", "interestAndDebtExpense": "None", "netIncomeFromContinuingOperations": "163137000", "comprehensiveIncomeNetOfTax": "None", "ebit": "217500000", "ebitda": "263965000", "netIncome": "163137000"}, {"fiscalDateEnding": "2019-12-31", "reportedCurrency": "USD", "grossProfit": "427130000", "totalRevenue": "736157000", "costOfRevenue": "309027000", "costofGoodsAndServicesSold": "309027000", "operatingIncome": "197809000", "sellingGeneralAndAdministrative": "171422000", "researchAndDevelopment": "49943000", "operatingExpenses": "229921000", "investmentIncomeNet": "None", "netInterestIncome": "-10018000", "interestIncome": "202000", "interestExpense": "10220000", "nonInterestIncome": "None", "otherNonOperatingIncome": "-8837000", "depreciation": "None", "depreciationAndAmortization": "45483000", "incomeBeforeTax": "178752000", "incomeTaxExpense": "18198000", "interestAndDebtExpense": "None", "netIncomeFromContinuingOperations": "160554000", "comprehensiveIncomeNetOfTax": "None", "ebit": "188972000", "ebitda": "234455000", "netIncome": "160554000"}, {"fiscalDateEnding": "2019-09-30", "reportedCurrency": "USD", "grossProfit": "405055000", "totalRevenue": "681056000", "costOfRevenue": "276001000", "costofGoodsAndServicesSold": "276001000", "operatingIncome": "171102000", "sellingGeneralAndAdministrative": "167440000", "researchAndDevelopment": "48033000", "operatingExpenses": "233953000", "investmentIncomeNet": "None", "netInterestIncome": "-10543000", "interestIncome": "449000", "interestExpense": "10992000", "nonInterestIncome": "None", "otherNonOperatingIncome": "-9523000", "depreciation": "None", "depreciationAndAmortization": "43917000", "incomeBeforeTax": "150587000", "incomeTaxExpense": "30439000", "interestAndDebtExpense": "None", "netIncomeFromContinuingOperations": "120148000", "comprehensiveIncomeNetOfTax": "None", "ebit": "171102000", "ebitda": "215019000", "netIncome": "120148000"}, {"fiscalDateEnding": "2019-06-30", "reportedCurrency": "USD", "grossProfit": "417850000", "totalRevenue": "704964000", "costOfRevenue": "287114000", "costofGoodsAndServicesSold": "287114000", "operatingIncome": "121075000", "sellingGeneralAndAdministrative": "171600000", "researchAndDevelopment": "51138000", "operatingExpenses": "246175000", "investmentIncomeNet": "None", "netInterestIncome": "-12263000", "interestIncome": "285000", "interestExpense": "12548000", "nonInterestIncome": "None", "otherNonOperatingIncome": "-12764000", "depreciation": "None", "depreciationAndAmortization": "42592000", "incomeBeforeTax": "95761000", "incomeTaxExpense": "26964000", "interestAndDebtExpense": "None", "netIncomeFromContinuingOperations": "68800000", "comprehensiveIncomeNetOfTax": "None", "ebit": "108308000", "ebitda": "150900000", "netIncome": "68797000"}, {"fiscalDateEnding": "2019-03-31", "reportedCurrency": "USD", "grossProfit": "391910000", "totalRevenue": "662228000", "costOfRevenue": "270318000", "costofGoodsAndServicesSold": "270318000", "operatingIncome": "156977000", "sellingGeneralAndAdministrative": "164529000", "researchAndDevelopment": "47610000", "operatingExpenses": "234933000", "investmentIncomeNet": "None", "netInterestIncome": "-11998000", "interestIncome": "17994000", "interestExpense": "12413000", "nonInterestIncome": "None", "otherNonOperatingIncome": "-6635000", "depreciation": "None", "depreciationAndAmortization": "41750000", "incomeBeforeTax": "137929000", "incomeTaxExpense": "32513000", "interestAndDebtExpense": "None", "netIncomeFromContinuingOperations": "105416000", "comprehensiveIncomeNetOfTax": "None", "ebit": "156977000", "ebitda": "198727000", "netIncome": "105416000"}, {"fiscalDateEnding": "2018-12-31", "reportedCurrency": "USD", "grossProfit": "383731000", "totalRevenue": "651100000", "costOfRevenue": "267369000", "costofGoodsAndServicesSold": "267369000", "operatingIncome": "157078000", "sellingGeneralAndAdministrative": "161579000", "researchAndDevelopment": "43111000", "operatingExpenses": "220530000", "investmentIncomeNet": "None", "netInterestIncome": "None", "interestIncome": "None", "interestExpense": "7487000", "nonInterestIncome": "None", "otherNonOperatingIncome": "-3318000", "depreciation": "None", "depreciationAndAmortization": "36029000", "incomeBeforeTax": "149648000", "incomeTaxExpense": "21634000", "interestAndDebtExpense": "None", "netIncomeFromContinuingOperations": "124639000", "comprehensiveIncomeNetOfTax": "None", "ebit": "163201000", "ebitda": "199230000", "netIncome": "124639000"}, {"fiscalDateEnding": "2018-09-30", "reportedCurrency": "USD", "grossProfit": "343093000", "totalRevenue": "588279000", "costOfRevenue": "245186000", "costofGoodsAndServicesSold": "245186000", "operatingIncome": "144132000", "sellingGeneralAndAdministrative": "147303000", "researchAndDevelopment": "38791000", "operatingExpenses": "198961000", "investmentIncomeNet": "None", "netInterestIncome": "None", "interestIncome": "None", "interestExpense": "3708000", "nonInterestIncome": "None", "otherNonOperatingIncome": "-1543000", "depreciation": "None", "depreciationAndAmortization": "30424000", "incomeBeforeTax": "138881000", "incomeTaxExpense": "33144000", "interestAndDebtExpense": "None", "netIncomeFromContinuingOperations": "105737000", "comprehensiveIncomeNetOfTax": "None", "ebit": "144132000", "ebitda": "174556000", "netIncome": "105737000"}, {"fiscalDateEnding": "2018-06-30", "reportedCurrency": "USD", "grossProfit": "362472000", "totalRevenue": "623631000", "costOfRevenue": "261159000", "costofGoodsAndServicesSold": "261159000", "operatingIncome": "146884000", "sellingGeneralAndAdministrative": "156810000", "researchAndDevelopment": "39657000", "operatingExpenses": "208078000", "investmentIncomeNet": "None", "netInterestIncome": "None", "interestIncome": "None", "interestExpense": "5482000", "nonInterestIncome": "None", "otherNonOperatingIncome": "-484000", "depreciation": "None", "depreciationAndAmortization": "31704000", "incomeBeforeTax": "140919000", "incomeTaxExpense": "31107000", "interestAndDebtExpense": "None", "netIncomeFromContinuingOperations": "109811000", "comprehensiveIncomeNetOfTax": "None", "ebit": "154394000", "ebitda": "186098000", "netIncome": "109812000"}, {"fiscalDateEnding": "2018-03-31", "reportedCurrency": "USD", "grossProfit": "344295000", "totalRevenue": "591634000", "costOfRevenue": "247339000", "costofGoodsAndServicesSold": "247339000", "operatingIncome": "136373000", "sellingGeneralAndAdministrative": "147893000", "researchAndDevelopment": "37434000", "operatingExpenses": "197000000", "investmentIncomeNet": "None", "netInterestIncome": "None", "interestIncome": "None", "interestExpense": "7719000", "nonInterestIncome": "None", "otherNonOperatingIncome": "1489000", "depreciation": "None", "depreciationAndAmortization": "29311000", "incomeBeforeTax": "130143000", "incomeTaxExpense": "20018000", "interestAndDebtExpense": "None", "netIncomeFromContinuingOperations": "110125000", "comprehensiveIncomeNetOfTax": "None", "ebit": "147295000", "ebitda": "176606000", "netIncome": "110125000"}, {"fiscalDateEnding": "2017-12-31", "reportedCurrency": "USD", "grossProfit": "349792000", "totalRevenue": "601273000", "costOfRevenue": "251481000", "costofGoodsAndServicesSold": "251481000", "operatingIncome": "146016000", "sellingGeneralAndAdministrative": "151816000", "researchAndDevelopment": "40643000", "operatingExpenses": "203776000", "investmentIncomeNet": "None", "netInterestIncome": "None", "interestIncome": "None", "interestExpense": "7370000", "nonInterestIncome": "None", "otherNonOperatingIncome": "3119000", "depreciation": "None", "depreciationAndAmortization": "29374000", "incomeBeforeTax": "141765000", "incomeTaxExpense": "132238000", "interestAndDebtExpense": "None", "netIncomeFromContinuingOperations": "9527000", "comprehensiveIncomeNetOfTax": "None", "ebit": "146016000", "ebitda": "175390000", "netIncome": "9527000"}, {"fiscalDateEnding": "2017-09-30", "reportedCurrency": "USD", "grossProfit": "305605000", "totalRevenue": "523659000", "costOfRevenue": "218054000", "costofGoodsAndServicesSold": "218054000", "operatingIncome": "112558000", "sellingGeneralAndAdministrative": "143849000", "researchAndDevelopment": "37415000", "operatingExpenses": "193047000", "investmentIncomeNet": "None", "netInterestIncome": "None", "interestIncome": "None", "interestExpense": "7785000", "nonInterestIncome": "None", "otherNonOperatingIncome": "3712000", "depreciation": "None", "depreciationAndAmortization": "29571000", "incomeBeforeTax": "108485000", "incomeTaxExpense": "22360000", "interestAndDebtExpense": "None", "netIncomeFromContinuingOperations": "86125000", "comprehensiveIncomeNetOfTax": "None", "ebit": "112558000", "ebitda": "142129000", "netIncome": "86125000"}, {"fiscalDateEnding": "2017-06-30", "reportedCurrency": "USD", "grossProfit": "323776000", "totalRevenue": "556686000", "costOfRevenue": "232910000", "costofGoodsAndServicesSold": "232910000", "operatingIncome": "127361000", "sellingGeneralAndAdministrative": "147940000", "researchAndDevelopment": "36706000", "operatingExpenses": "196415000", "investmentIncomeNet": "None", "netInterestIncome": "None", "interestIncome": "None", "interestExpense": "7841000", "nonInterestIncome": "None", "otherNonOperatingIncome": "14656000", "depreciation": "None", "depreciationAndAmortization": "28168000", "incomeBeforeTax": "121623000", "incomeTaxExpense": "20010000", "interestAndDebtExpense": "None", "netIncomeFromContinuingOperations": "101611000", "comprehensiveIncomeNetOfTax": "None", "ebit": "127361000", "ebitda": "155529000", "netIncome": "101613000"}, {"fiscalDateEnding": "2017-03-31", "reportedCurrency": "USD", "grossProfit": "299714000", "totalRevenue": "514204000", "costOfRevenue": "214490000", "costofGoodsAndServicesSold": "214490000", "operatingIncome": "107397000", "sellingGeneralAndAdministrative": "137864000", "researchAndDevelopment": "35130000", "operatingExpenses": "184372000", "investmentIncomeNet": "None", "netInterestIncome": "None", "interestIncome": "None", "interestExpense": "2911000", "nonInterestIncome": "None", "otherNonOperatingIncome": "3504000", "depreciation": "None", "depreciationAndAmortization": "28485000", "incomeBeforeTax": "107990000", "incomeTaxExpense": "20167000", "interestAndDebtExpense": "None", "netIncomeFromContinuingOperations": "87823000", "comprehensiveIncomeNetOfTax": "None", "ebit": "115342000", "ebitda": "143827000", "netIncome": "87823000"}, {"fiscalDateEnding": "2016-12-31", "reportedCurrency": "USD", "grossProfit": "309071000", "totalRevenue": "530397000", "costOfRevenue": "221326000", "costofGoodsAndServicesSold": "221326000", "operatingIncome": "96895000", "sellingGeneralAndAdministrative": "139307000", "researchAndDevelopment": "38190000", "operatingExpenses": "189187000", "investmentIncomeNet": "None", "netInterestIncome": "None", "interestIncome": "None", "interestExpense": "2437000", "nonInterestIncome": "None", "otherNonOperatingIncome": "1749000", "depreciation": "None", "depreciationAndAmortization": "27729000", "incomeBeforeTax": "96207000", "incomeTaxExpense": "19464000", "interestAndDebtExpense": "None", "netIncomeFromContinuingOperations": "76743000", "comprehensiveIncomeNetOfTax": "None", "ebit": "119884000", "ebitda": "147613000", "netIncome": "76743000"}, {"fiscalDateEnding": "2016-09-30", "reportedCurrency": "USD", "grossProfit": "269184000", "totalRevenue": "465450000", "costOfRevenue": "196266000", "costofGoodsAndServicesSold": "196266000", "operatingIncome": "94146000", "sellingGeneralAndAdministrative": "128851000", "researchAndDevelopment": "34446000", "operatingExpenses": "175038000", "investmentIncomeNet": "None", "netInterestIncome": "None", "interestIncome": "None", "interestExpense": "2493000", "nonInterestIncome": "None", "otherNonOperatingIncome": "1272000", "depreciation": "None", "depreciationAndAmortization": "27775000", "incomeBeforeTax": "92925000", "incomeTaxExpense": "16818000", "interestAndDebtExpense": "None", "netIncomeFromContinuingOperations": "76107000", "comprehensiveIncomeNetOfTax": "None", "ebit": "94146000", "ebitda": "121921000", "netIncome": "76107000"}, {"fiscalDateEnding": "2016-06-30", "reportedCurrency": "USD", "grossProfit": "301489000", "totalRevenue": "518647000", "costOfRevenue": "217158000", "costofGoodsAndServicesSold": "217158000", "operatingIncome": "118637000", "sellingGeneralAndAdministrative": "135843000", "researchAndDevelopment": "34380000", "operatingExpenses": "180938000", "investmentIncomeNet": "None", "netInterestIncome": "None", "interestIncome": "None", "interestExpense": "2374000", "nonInterestIncome": "None", "otherNonOperatingIncome": "9999000", "depreciation": "None", "depreciationAndAmortization": "27022000", "incomeBeforeTax": "117431000", "incomeTaxExpense": "34305000", "interestAndDebtExpense": "None", "netIncomeFromContinuingOperations": "93031000", "comprehensiveIncomeNetOfTax": "None", "ebit": "128037000", "ebitda": "155059000", "netIncome": "83126000"}, {"fiscalDateEnding": "2016-03-31", "reportedCurrency": "USD", "grossProfit": "259880000", "totalRevenue": "453879000", "costOfRevenue": "193999000", "costofGoodsAndServicesSold": "193999000", "operatingIncome": "104312000", "sellingGeneralAndAdministrative": "122901000", "researchAndDevelopment": "28109000", "operatingExpenses": "152018000", "investmentIncomeNet": "None", "netInterestIncome": "None", "interestIncome": "None", "interestExpense": "2131000", "nonInterestIncome": "None", "otherNonOperatingIncome": "4684000", "depreciation": "None", "depreciationAndAmortization": "19907000", "incomeBeforeTax": "108996000", "incomeTaxExpense": "20538000", "interestAndDebtExpense": "None", "netIncomeFromContinuingOperations": "88458000", "comprehensiveIncomeNetOfTax": "None", "ebit": "104312000", "ebitda": "124219000", "netIncome": "88458000"}, {"fiscalDateEnding": "2015-12-31", "reportedCurrency": "USD", "grossProfit": "266509000", "totalRevenue": "454540000", "costOfRevenue": "188031000", "costofGoodsAndServicesSold": "188031000", "operatingIncome": "107977000", "sellingGeneralAndAdministrative": "118219000", "researchAndDevelopment": "28970000", "operatingExpenses": "151618000", "investmentIncomeNet": "None", "netInterestIncome": "None", "interestIncome": "None", "interestExpense": "2476000", "nonInterestIncome": "None", "otherNonOperatingIncome": "5718000", "depreciation": "None", "depreciationAndAmortization": "21517000", "incomeBeforeTax": "113695000", "incomeTaxExpense": "23178000", "interestAndDebtExpense": "None", "netIncomeFromContinuingOperations": "90517000", "comprehensiveIncomeNetOfTax": "None", "ebit": "114891000", "ebitda": "136408000", "netIncome": "90517000"}, {"fiscalDateEnding": "2015-09-30", "reportedCurrency": "USD", "grossProfit": "238619000", "totalRevenue": "411647000", "costOfRevenue": "173028000", "costofGoodsAndServicesSold": "173028000", "operatingIncome": "98025000", "sellingGeneralAndAdministrative": "111095000", "researchAndDevelopment": "27192000", "operatingExpenses": "140594000", "investmentIncomeNet": "None", "netInterestIncome": "None", "interestIncome": "None", "interestExpense": "3422000", "nonInterestIncome": "None", "otherNonOperatingIncome": "1419000", "depreciation": "None", "depreciationAndAmortization": "18403000", "incomeBeforeTax": "99444000", "incomeTaxExpense": "19041000", "interestAndDebtExpense": "None", "netIncomeFromContinuingOperations": "80403000", "comprehensiveIncomeNetOfTax": "None", "ebit": "98025000", "ebitda": "116428000", "netIncome": "80403000"}, {"fiscalDateEnding": "2015-06-30", "reportedCurrency": "USD", "grossProfit": "259430000", "totalRevenue": "453064000", "costOfRevenue": "193634000", "costofGoodsAndServicesSold": "193634000", "operatingIncome": "99547000", "sellingGeneralAndAdministrative": "129250000", "researchAndDevelopment": "28523000", "operatingExpenses": "153883000", "investmentIncomeNet": "None", "netInterestIncome": "None", "interestIncome": "None", "interestExpense": "4665000", "nonInterestIncome": "None", "otherNonOperatingIncome": "10348000", "depreciation": "None", "depreciationAndAmortization": "17746000", "incomeBeforeTax": "104116000", "incomeTaxExpense": "16654000", "interestAndDebtExpense": "None", "netIncomeFromContinuingOperations": "87462000", "comprehensiveIncomeNetOfTax": "None", "ebit": "99547000", "ebitda": "117293000", "netIncome": "87462000"}, {"fiscalDateEnding": "2015-03-31", "reportedCurrency": "USD", "grossProfit": "251431000", "totalRevenue": "422497000", "costOfRevenue": "171066000", "costofGoodsAndServicesSold": "171066000", "operatingIncome": "105868000", "sellingGeneralAndAdministrative": "116336000", "researchAndDevelopment": "27024000", "operatingExpenses": "145563000", "investmentIncomeNet": "None", "netInterestIncome": "None", "interestIncome": "None", "interestExpense": "4761000", "nonInterestIncome": "None", "otherNonOperatingIncome": "8490000", "depreciation": "None", "depreciationAndAmortization": "17859000", "incomeBeforeTax": "114358000", "incomeTaxExpense": "23375000", "interestAndDebtExpense": "None", "netIncomeFromContinuingOperations": "90983000", "comprehensiveIncomeNetOfTax": "None", "ebit": "105868000", "ebitda": "123727000", "netIncome": "90983000"}, {"fiscalDateEnding": "2014-12-31", "reportedCurrency": "USD", "grossProfit": "263222000", "totalRevenue": "422952000", "costOfRevenue": "159730000", "costofGoodsAndServicesSold": "159730000", "operatingIncome": "109146000", "sellingGeneralAndAdministrative": "122520000", "researchAndDevelopment": "29294000", "operatingExpenses": "154076000", "investmentIncomeNet": "None", "netInterestIncome": "None", "interestIncome": "None", "interestExpense": "5418000", "nonInterestIncome": "None", "otherNonOperatingIncome": "6365000", "depreciation": "None", "depreciationAndAmortization": "18869000", "incomeBeforeTax": "115511000", "incomeTaxExpense": "24330000", "interestAndDebtExpense": "None", "netIncomeFromContinuingOperations": "91181000", "comprehensiveIncomeNetOfTax": "None", "ebit": "90277000", "ebitda": "109146000", "netIncome": "91181000"}, {"fiscalDateEnding": "2014-09-30", "reportedCurrency": "USD", "grossProfit": "237313000", "totalRevenue": "380399000", "costOfRevenue": "143086000", "costofGoodsAndServicesSold": "143086000", "operatingIncome": "94675000", "sellingGeneralAndAdministrative": "110520000", "researchAndDevelopment": "30024000", "operatingExpenses": "142638000", "investmentIncomeNet": "None", "netInterestIncome": "None", "interestIncome": "None", "interestExpense": "5584000", "nonInterestIncome": "None", "otherNonOperatingIncome": "7255000", "depreciation": "None", "depreciationAndAmortization": "18582000", "incomeBeforeTax": "101930000", "incomeTaxExpense": "18670000", "interestAndDebtExpense": "None", "netIncomeFromContinuingOperations": "83260000", "comprehensiveIncomeNetOfTax": "None", "ebit": "94675000", "ebitda": "113257000", "netIncome": "83260000"}, {"fiscalDateEnding": "2014-06-30", "reportedCurrency": "USD", "grossProfit": "261258000", "totalRevenue": "415211000", "costOfRevenue": "153953000", "costofGoodsAndServicesSold": "153953000", "operatingIncome": "98486000", "sellingGeneralAndAdministrative": "122242000", "researchAndDevelopment": "31796000", "operatingExpenses": "156446000", "investmentIncomeNet": "None", "netInterestIncome": "None", "interestIncome": "None", "interestExpense": "5925000", "nonInterestIncome": "None", "otherNonOperatingIncome": "14279000", "depreciation": "None", "depreciationAndAmortization": "2408000", "incomeBeforeTax": "106635000", "incomeTaxExpense": "18897000", "interestAndDebtExpense": "None", "netIncomeFromContinuingOperations": "87738000", "comprehensiveIncomeNetOfTax": "None", "ebit": "115944000", "ebitda": "118352000", "netIncome": "87738000"}, {"fiscalDateEnding": "2014-03-31", "reportedCurrency": "USD", "grossProfit": "251788000", "totalRevenue": "397758000", "costOfRevenue": "145970000", "costofGoodsAndServicesSold": "145970000", "operatingIncome": "104698000", "sellingGeneralAndAdministrative": "115101000", "researchAndDevelopment": "29530000", "operatingExpenses": "147090000", "investmentIncomeNet": "None", "netInterestIncome": "None", "interestIncome": "None", "interestExpense": "6015000", "nonInterestIncome": "None", "otherNonOperatingIncome": "8214000", "depreciation": "None", "depreciationAndAmortization": "2459000", "incomeBeforeTax": "112912000", "incomeTaxExpense": "22943000", "interestAndDebtExpense": "None", "netIncomeFromContinuingOperations": "89969000", "comprehensiveIncomeNetOfTax": "None", "ebit": "102239000", "ebitda": "104698000", "netIncome": "89969000"}, {"fiscalDateEnding": "2013-12-31", "reportedCurrency": "USD", "grossProfit": "248759000", "totalRevenue": "384341000", "costOfRevenue": "135582000", "costofGoodsAndServicesSold": "135582000", "operatingIncome": "105020000", "sellingGeneralAndAdministrative": "111748000", "researchAndDevelopment": "29537000", "operatingExpenses": "143739000", "investmentIncomeNet": "None", "netInterestIncome": "None", "interestIncome": "None", "interestExpense": "6752000", "nonInterestIncome": "None", "otherNonOperatingIncome": "4441000", "depreciation": "None", "depreciationAndAmortization": "2454000", "incomeBeforeTax": "109461000", "incomeTaxExpense": "22825000", "interestAndDebtExpense": "None", "netIncomeFromContinuingOperations": "86636000", "comprehensiveIncomeNetOfTax": "None", "ebit": "102566000", "ebitda": "105020000", "netIncome": "86636000"}, {"fiscalDateEnding": "2013-09-30", "reportedCurrency": "USD", "grossProfit": "227982000", "totalRevenue": "357662000", "costOfRevenue": "129680000", "costofGoodsAndServicesSold": "129680000", "operatingIncome": "96884000", "sellingGeneralAndAdministrative": "101323000", "researchAndDevelopment": "27363000", "operatingExpenses": "131098000", "investmentIncomeNet": "None", "netInterestIncome": "None", "interestIncome": "None", "interestExpense": "6414000", "nonInterestIncome": "None", "otherNonOperatingIncome": "5186000", "depreciation": "None", "depreciationAndAmortization": "2412000", "incomeBeforeTax": "102070000", "incomeTaxExpense": "21140000", "interestAndDebtExpense": "None", "netIncomeFromContinuingOperations": "80930000", "comprehensiveIncomeNetOfTax": "None", "ebit": "94472000", "ebitda": "96884000", "netIncome": "80930000"}, {"fiscalDateEnding": "2013-06-30", "reportedCurrency": "USD", "grossProfit": "259848000", "totalRevenue": "414607000", "costOfRevenue": "154759000", "costofGoodsAndServicesSold": "154759000", "operatingIncome": "86165000", "sellingGeneralAndAdministrative": "115057000", "researchAndDevelopment": "31390000", "operatingExpenses": "173683000", "investmentIncomeNet": "None", "netInterestIncome": "None", "interestIncome": "None", "interestExpense": "7439000", "nonInterestIncome": "None", "otherNonOperatingIncome": "8047000", "depreciation": "None", "depreciationAndAmortization": "2471000", "incomeBeforeTax": "87827000", "incomeTaxExpense": "14814000", "interestAndDebtExpense": "None", "netIncomeFromContinuingOperations": "73013000", "comprehensiveIncomeNetOfTax": "None", "ebit": "86165000", "ebitda": "88636000", "netIncome": "73013000"}, {"fiscalDateEnding": "2013-03-31", "reportedCurrency": "USD", "grossProfit": "239449000", "totalRevenue": "383581000", "costOfRevenue": "144132000", "costofGoodsAndServicesSold": "144132000", "operatingIncome": "96099000", "sellingGeneralAndAdministrative": "109628000", "researchAndDevelopment": "31189000", "operatingExpenses": "143350000", "investmentIncomeNet": "None", "netInterestIncome": "None", "interestIncome": "None", "interestExpense": "8078000", "nonInterestIncome": "None", "otherNonOperatingIncome": "11893000", "depreciation": "None", "depreciationAndAmortization": "2533000", "incomeBeforeTax": "107992000", "incomeTaxExpense": "23079000", "interestAndDebtExpense": "None", "netIncomeFromContinuingOperations": "84913000", "comprehensiveIncomeNetOfTax": "None", "ebit": "93566000", "ebitda": "96099000", "netIncome": "84913000"}, {"fiscalDateEnding": "2012-12-31", "reportedCurrency": "USD", "grossProfit": "232712000", "totalRevenue": "376537000", "costOfRevenue": "143825000", "costofGoodsAndServicesSold": "143825000", "operatingIncome": "92070000", "sellingGeneralAndAdministrative": "107815000", "researchAndDevelopment": "30326000", "operatingExpenses": "140642000", "investmentIncomeNet": "None", "netInterestIncome": "None", "interestIncome": "None", "interestExpense": "8498000", "nonInterestIncome": "None", "otherNonOperatingIncome": "6330000", "depreciation": "None", "depreciationAndAmortization": "2501000", "incomeBeforeTax": "98400000", "incomeTaxExpense": "20458000", "interestAndDebtExpense": "None", "netIncomeFromContinuingOperations": "77942000", "comprehensiveIncomeNetOfTax": "None", "ebit": "89569000", "ebitda": "92070000", "netIncome": "77942000"}, {"fiscalDateEnding": "2012-09-30", "reportedCurrency": "USD", "grossProfit": "208648000", "totalRevenue": "339731000", "costOfRevenue": "131083000", "costofGoodsAndServicesSold": "131083000", "operatingIncome": "80489000", "sellingGeneralAndAdministrative": "98303000", "researchAndDevelopment": "27220000", "operatingExpenses": "128159000", "investmentIncomeNet": "None", "netInterestIncome": "None", "interestIncome": "None", "interestExpense": "8471000", "nonInterestIncome": "None", "otherNonOperatingIncome": "10412000", "depreciation": "None", "depreciationAndAmortization": "2636000", "incomeBeforeTax": "90901000", "incomeTaxExpense": "19636000", "interestAndDebtExpense": "None", "netIncomeFromContinuingOperations": "71265000", "comprehensiveIncomeNetOfTax": "None", "ebit": "77853000", "ebitda": "80489000", "netIncome": "71265000"}, {"fiscalDateEnding": "2012-06-30", "reportedCurrency": "USD", "grossProfit": "226469000", "totalRevenue": "371929000", "costOfRevenue": "145460000", "costofGoodsAndServicesSold": "145460000", "operatingIncome": "89730000", "sellingGeneralAndAdministrative": "105909000", "researchAndDevelopment": "27911000", "operatingExpenses": "136739000", "investmentIncomeNet": "None", "netInterestIncome": "None", "interestIncome": "None", "interestExpense": "7326000", "nonInterestIncome": "None", "otherNonOperatingIncome": "13565000", "depreciation": "None", "depreciationAndAmortization": "2919000", "incomeBeforeTax": "98510000", "incomeTaxExpense": "21663000", "interestAndDebtExpense": "None", "netIncomeFromContinuingOperations": "76847000", "comprehensiveIncomeNetOfTax": "None", "ebit": "89730000", "ebitda": "92649000", "netIncome": "76847000"}, {"fiscalDateEnding": "2012-03-31", "reportedCurrency": "USD", "grossProfit": "210496000", "totalRevenue": "349073000", "costOfRevenue": "138577000", "costofGoodsAndServicesSold": "138577000", "operatingIncome": "76548000", "sellingGeneralAndAdministrative": "100958000", "researchAndDevelopment": "28398000", "operatingExpenses": "132948000", "investmentIncomeNet": "None", "netInterestIncome": "None", "interestIncome": "None", "interestExpense": "7650000", "nonInterestIncome": "None", "otherNonOperatingIncome": "7459000", "depreciation": "None", "depreciationAndAmortization": "3592000", "incomeBeforeTax": "84007000", "incomeTaxExpense": "19394000", "interestAndDebtExpense": "None", "netIncomeFromContinuingOperations": "64613000", "comprehensiveIncomeNetOfTax": "None", "ebit": "72956000", "ebitda": "76548000", "netIncome": "64613000"}, {"fiscalDateEnding": "2011-12-31", "reportedCurrency": "USD", "grossProfit": "198715000", "totalRevenue": "332738000", "costOfRevenue": "134023000", "costofGoodsAndServicesSold": "134023000", "operatingIncome": "67254000", "sellingGeneralAndAdministrative": "100552000", "researchAndDevelopment": "27218000", "operatingExpenses": "131461000", "investmentIncomeNet": "None", "netInterestIncome": "None", "interestIncome": "None", "interestExpense": "7181000", "nonInterestIncome": "None", "otherNonOperatingIncome": "15677000", "depreciation": "None", "depreciationAndAmortization": "3691000", "incomeBeforeTax": "82931000", "incomeTaxExpense": "20059000", "interestAndDebtExpense": "None", "netIncomeFromContinuingOperations": "62872000", "comprehensiveIncomeNetOfTax": "None", "ebit": "63563000", "ebitda": "67254000", "netIncome": "62872000"}, {"fiscalDateEnding": "2011-09-30", "reportedCurrency": "USD", "grossProfit": "185054000", "totalRevenue": "314774000", "costOfRevenue": "129720000", "costofGoodsAndServicesSold": "129720000", "operatingIncome": "60874000", "sellingGeneralAndAdministrative": "94203000", "researchAndDevelopment": "26206000", "operatingExpenses": "124180000", "investmentIncomeNet": "None", "netInterestIncome": "None", "interestIncome": "None", "interestExpense": "6924000", "nonInterestIncome": "None", "otherNonOperatingIncome": "5623000", "depreciation": "None", "depreciationAndAmortization": "3771000", "incomeBeforeTax": "66497000", "incomeTaxExpense": "15979000", "interestAndDebtExpense": "None", "netIncomeFromContinuingOperations": "50518000", "comprehensiveIncomeNetOfTax": "None", "ebit": "57103000", "ebitda": "60874000", "netIncome": "50518000"}, {"fiscalDateEnding": "2011-06-30", "reportedCurrency": "USD", "grossProfit": "198872000", "totalRevenue": "341893000", "costOfRevenue": "143021000", "costofGoodsAndServicesSold": "143021000", "operatingIncome": "66697000", "sellingGeneralAndAdministrative": "103329000", "researchAndDevelopment": "26976000", "operatingExpenses": "132175000", "investmentIncomeNet": "None", "netInterestIncome": "None", "interestIncome": "None", "interestExpense": "8278000", "nonInterestIncome": "None", "otherNonOperatingIncome": "10514000", "depreciation": "None", "depreciationAndAmortization": "2870000", "incomeBeforeTax": "77209000", "incomeTaxExpense": "18737000", "interestAndDebtExpense": "None", "netIncomeFromContinuingOperations": "58472000", "comprehensiveIncomeNetOfTax": "None", "ebit": "82335000", "ebitda": "85205000", "netIncome": "58472000"}, {"fiscalDateEnding": "2011-03-31", "reportedCurrency": "USD", "grossProfit": "542455000", "totalRevenue": "901255000", "costOfRevenue": "358800000", "costofGoodsAndServicesSold": "358800000", "operatingIncome": "200227000", "sellingGeneralAndAdministrative": "92549000", "researchAndDevelopment": "65032000", "operatingExpenses": "341228000", "investmentIncomeNet": "None", "netInterestIncome": "None", "interestIncome": "None", "interestExpense": "6663000", "nonInterestIncome": "None", "otherNonOperatingIncome": "7061000", "depreciation": "None", "depreciationAndAmortization": "7276000", "incomeBeforeTax": "226498000", "incomeTaxExpense": "57984000", "interestAndDebtExpense": "None", "netIncomeFromContinuingOperations": "53350000", "comprehensiveIncomeNetOfTax": "None", "ebit": "56686000", "ebitda": "63962000", "netIncome": "168514000"}, {"fiscalDateEnding": "2010-12-31", "reportedCurrency": "USD", "grossProfit": "185999000", "totalRevenue": "305986000", "costOfRevenue": "119987000", "costofGoodsAndServicesSold": "119987000", "operatingIncome": "69873000", "sellingGeneralAndAdministrative": "91581000", "researchAndDevelopment": "21972000", "operatingExpenses": "116126000", "investmentIncomeNet": "None", "netInterestIncome": "None", "interestIncome": "None", "interestExpense": "6005000", "nonInterestIncome": "None", "otherNonOperatingIncome": "9048000", "depreciation": "None", "depreciationAndAmortization": "2573000", "incomeBeforeTax": "78921000", "incomeTaxExpense": "20465000", "interestAndDebtExpense": "None", "netIncomeFromContinuingOperations": "58456000", "comprehensiveIncomeNetOfTax": "None", "ebit": "67300000", "ebitda": "69873000", "netIncome": "58456000"}, {"fiscalDateEnding": "2010-09-30", "reportedCurrency": "USD", "grossProfit": "173954000", "totalRevenue": "282012000", "costOfRevenue": "108058000", "costofGoodsAndServicesSold": "108058000", "operatingIncome": "66394000", "sellingGeneralAndAdministrative": "84791000", "researchAndDevelopment": "19739000", "operatingExpenses": "106560000", "investmentIncomeNet": "None", "netInterestIncome": "None", "interestIncome": "None", "interestExpense": "5097000", "nonInterestIncome": "None", "otherNonOperatingIncome": "10160000", "depreciation": "None", "depreciationAndAmortization": "2030000", "incomeBeforeTax": "76554000", "incomeTaxExpense": "19846000", "interestAndDebtExpense": "None", "netIncomeFromContinuingOperations": "56708000", "comprehensiveIncomeNetOfTax": "None", "ebit": "81006000", "ebitda": "83036000", "netIncome": "56708000"}, {"fiscalDateEnding": "2010-06-30", "reportedCurrency": "USD", "grossProfit": "174517000", "totalRevenue": "291572000", "costOfRevenue": "117055000", "costofGoodsAndServicesSold": "117055000", "operatingIncome": "68619000", "sellingGeneralAndAdministrative": "86874000", "researchAndDevelopment": "19950000", "operatingExpenses": "108898000", "investmentIncomeNet": "None", "netInterestIncome": "None", "interestIncome": "None", "interestExpense": "10058000", "nonInterestIncome": "None", "otherNonOperatingIncome": "None", "depreciation": "None", "depreciationAndAmortization": "15473000", "incomeBeforeTax": "71928000", "incomeTaxExpense": "18762000", "interestAndDebtExpense": "None", "netIncomeFromContinuingOperations": "0", "comprehensiveIncomeNetOfTax": "None", "ebit": "65619000", "ebitda": "81092000", "netIncome": "53166000"}, {"fiscalDateEnding": "2010-03-31", "reportedCurrency": "USD", "grossProfit": "166583000", "totalRevenue": "278659000", "costOfRevenue": "112076000", "costofGoodsAndServicesSold": "112076000", "operatingIncome": "61179000", "sellingGeneralAndAdministrative": "84133000", "researchAndDevelopment": "18279000", "operatingExpenses": "104404000", "investmentIncomeNet": "None", "netInterestIncome": "None", "interestIncome": "None", "interestExpense": "4092000", "nonInterestIncome": "None", "otherNonOperatingIncome": "None", "depreciation": "None", "depreciationAndAmortization": "1992000", "incomeBeforeTax": "67658000", "incomeTaxExpense": "18824000", "interestAndDebtExpense": "None", "netIncomeFromContinuingOperations": "0", "comprehensiveIncomeNetOfTax": "None", "ebit": "60792000", "ebitda": "62784000", "netIncome": "48834000"}, {"fiscalDateEnding": "2009-12-31", "reportedCurrency": "USD", "grossProfit": "164205000", "totalRevenue": "275134000", "costOfRevenue": "110929000", "costofGoodsAndServicesSold": "110929000", "operatingIncome": "57922000", "sellingGeneralAndAdministrative": "84094000", "researchAndDevelopment": "19059000", "operatingExpenses": "105283000", "investmentIncomeNet": "None", "netInterestIncome": "None", "interestIncome": "None", "interestExpense": "3166000", "nonInterestIncome": "None", "otherNonOperatingIncome": "None", "depreciation": "None", "depreciationAndAmortization": "2130000", "incomeBeforeTax": "63097000", "incomeTaxExpense": "17114000", "interestAndDebtExpense": "None", "netIncomeFromContinuingOperations": "0", "comprehensiveIncomeNetOfTax": "None", "ebit": "57913000", "ebitda": "60043000", "netIncome": "45983000"}, {"fiscalDateEnding": "2009-09-30", "reportedCurrency": "USD", "grossProfit": "150178000", "totalRevenue": "246992000", "costOfRevenue": "96814000", "costofGoodsAndServicesSold": "96814000", "operatingIncome": "52663000", "sellingGeneralAndAdministrative": "76756000", "researchAndDevelopment": "17914000", "operatingExpenses": "96515000", "investmentIncomeNet": "None", "netInterestIncome": "None", "interestIncome": "None", "interestExpense": "2125000", "nonInterestIncome": "None", "otherNonOperatingIncome": "None", "depreciation": "None", "depreciationAndAmortization": "14374000", "incomeBeforeTax": "57906000", "incomeTaxExpense": "15804000", "interestAndDebtExpense": "None", "netIncomeFromContinuingOperations": "0", "comprehensiveIncomeNetOfTax": "None", "ebit": "53383000", "ebitda": "67757000", "netIncome": "42102000"}, {"fiscalDateEnding": "2009-06-30", "reportedCurrency": "USD", "grossProfit": "156708000", "totalRevenue": "251959000", "costOfRevenue": "95251000", "costofGoodsAndServicesSold": "95251000", "operatingIncome": "57899000", "sellingGeneralAndAdministrative": "77586000", "researchAndDevelopment": "16967000", "operatingExpenses": "96309000", "investmentIncomeNet": "None", "netInterestIncome": "None", "interestIncome": "None", "interestExpense": "5174000", "nonInterestIncome": "None", "otherNonOperatingIncome": "None", "depreciation": "None", "depreciationAndAmortization": "14898000", "incomeBeforeTax": "62381000", "incomeTaxExpense": "17011000", "interestAndDebtExpense": "None", "netIncomeFromContinuingOperations": "0", "comprehensiveIncomeNetOfTax": "None", "ebit": "60399000", "ebitda": "75297000", "netIncome": "45370000"}, {"fiscalDateEnding": "2009-03-31", "reportedCurrency": "USD", "grossProfit": "138943000", "totalRevenue": "227865000", "costOfRevenue": "88922000", "costofGoodsAndServicesSold": "88922000", "operatingIncome": "52518000", "sellingGeneralAndAdministrative": "70866000", "researchAndDevelopment": "13882000", "operatingExpenses": "86425000", "investmentIncomeNet": "None", "netInterestIncome": "None", "interestIncome": "None", "interestExpense": "2218000", "nonInterestIncome": "None", "otherNonOperatingIncome": "None", "depreciation": "None", "depreciationAndAmortization": "12936000", "incomeBeforeTax": "53594000", "incomeTaxExpense": "14396000", "interestAndDebtExpense": "None", "netIncomeFromContinuingOperations": "0", "comprehensiveIncomeNetOfTax": "None", "ebit": "39582000", "ebitda": "52518000", "netIncome": "39198000"}, {"fiscalDateEnding": "2008-12-31", "reportedCurrency": "USD", "grossProfit": "131025000", "totalRevenue": "222980000", "costOfRevenue": "91955000", "costofGoodsAndServicesSold": "91955000", "operatingIncome": "43330000", "sellingGeneralAndAdministrative": "70086000", "researchAndDevelopment": "14915000", "operatingExpenses": "87695000", "investmentIncomeNet": "None", "netInterestIncome": "None", "interestIncome": "None", "interestExpense": "2666000", "nonInterestIncome": "None", "otherNonOperatingIncome": "None", "depreciation": "None", "depreciationAndAmortization": "11771000", "incomeBeforeTax": "46981000", "incomeTaxExpense": "13128000", "interestAndDebtExpense": "None", "netIncomeFromContinuingOperations": "0", "comprehensiveIncomeNetOfTax": "None", "ebit": "44330000", "ebitda": "56101000", "netIncome": "33853000"}, {"fiscalDateEnding": "2008-09-30", "reportedCurrency": "USD", "grossProfit": "127127000", "totalRevenue": "217931000", "costOfRevenue": "90804000", "costofGoodsAndServicesSold": "90804000", "operatingIncome": "36564000", "sellingGeneralAndAdministrative": "71337000", "researchAndDevelopment": "17293000", "operatingExpenses": "90563000", "investmentIncomeNet": "None", "netInterestIncome": "None", "interestIncome": "None", "interestExpense": "0", "nonInterestIncome": "None", "otherNonOperatingIncome": "None", "depreciation": "None", "depreciationAndAmortization": "14358000", "incomeBeforeTax": "38727000", "incomeTaxExpense": "10701000", "interestAndDebtExpense": "None", "netIncomeFromContinuingOperations": "0", "comprehensiveIncomeNetOfTax": "None", "ebit": "36564000", "ebitda": "50922000", "netIncome": "28026000"}, {"fiscalDateEnding": "2008-06-30", "reportedCurrency": "USD", "grossProfit": "134084000", "totalRevenue": "235151000", "costOfRevenue": "101067000", "costofGoodsAndServicesSold": "101067000", "operatingIncome": "36986000", "sellingGeneralAndAdministrative": "77443000", "researchAndDevelopment": "17589000", "operatingExpenses": "99098000", "investmentIncomeNet": "None", "netInterestIncome": "None", "interestIncome": "None", "interestExpense": "3122000", "nonInterestIncome": "None", "otherNonOperatingIncome": "None", "depreciation": "None", "depreciationAndAmortization": "16551000", "incomeBeforeTax": "41633000", "incomeTaxExpense": "11999000", "interestAndDebtExpense": "None", "netIncomeFromContinuingOperations": "0", "comprehensiveIncomeNetOfTax": "None", "ebit": "34986000", "ebitda": "51537000", "netIncome": "29634000"}, {"fiscalDateEnding": "2008-03-31", "reportedCurrency": "USD", "grossProfit": "126558000", "totalRevenue": "211827000", "costOfRevenue": "85269000", "costofGoodsAndServicesSold": "85269000", "operatingIncome": "37388000", "sellingGeneralAndAdministrative": "70118000", "researchAndDevelopment": "15003000", "operatingExpenses": "87108000", "investmentIncomeNet": "None", "netInterestIncome": "None", "interestIncome": "None", "interestExpense": "2268000", "nonInterestIncome": "None", "otherNonOperatingIncome": "None", "depreciation": "None", "depreciationAndAmortization": "14736000", "incomeBeforeTax": "43563000", "incomeTaxExpense": "13879000", "interestAndDebtExpense": "None", "netIncomeFromContinuingOperations": "0", "comprehensiveIncomeNetOfTax": "None", "ebit": "39450000", "ebitda": "54186000", "netIncome": "29684000"}, {"fiscalDateEnding": "2007-12-31", "reportedCurrency": "USD", "grossProfit": "121331000", "totalRevenue": "202679000", "costOfRevenue": "81348000", "costofGoodsAndServicesSold": "81348000", "operatingIncome": "36833000", "sellingGeneralAndAdministrative": "67644000", "researchAndDevelopment": "14919000", "operatingExpenses": "84480000", "investmentIncomeNet": "None", "netInterestIncome": "None", "interestIncome": "None", "interestExpense": "2354000", "nonInterestIncome": "None", "otherNonOperatingIncome": "None", "depreciation": "None", "depreciationAndAmortization": "13808000", "incomeBeforeTax": "38847000", "incomeTaxExpense": "11986000", "interestAndDebtExpense": "None", "netIncomeFromContinuingOperations": "0", "comprehensiveIncomeNetOfTax": "None", "ebit": "36851000", "ebitda": "50659000", "netIncome": "26861000"}, {"fiscalDateEnding": "2007-09-30", "reportedCurrency": "USD", "grossProfit": "111777000", "totalRevenue": "185740000", "costOfRevenue": "73963000", "costofGoodsAndServicesSold": "73963000", "operatingIncome": "31764000", "sellingGeneralAndAdministrative": "62882000", "researchAndDevelopment": "13013000", "operatingExpenses": "77716000", "investmentIncomeNet": "None", "netInterestIncome": "None", "interestIncome": "None", "interestExpense": "2314000", "nonInterestIncome": "None", "otherNonOperatingIncome": "None", "depreciation": "None", "depreciationAndAmortization": "14390000", "incomeBeforeTax": "33812000", "incomeTaxExpense": "9687000", "interestAndDebtExpense": "None", "netIncomeFromContinuingOperations": "0", "comprehensiveIncomeNetOfTax": "None", "ebit": "34061000", "ebitda": "48451000", "netIncome": "24125000"}, {"fiscalDateEnding": "2007-06-30", "reportedCurrency": "USD", "grossProfit": "117206000", "totalRevenue": "191309000", "costOfRevenue": "74103000", "costofGoodsAndServicesSold": "74103000", "operatingIncome": "36048000", "sellingGeneralAndAdministrative": "65211000", "researchAndDevelopment": "14164000", "operatingExpenses": "81158000", "investmentIncomeNet": "None", "netInterestIncome": "None", "interestIncome": "None", "interestExpense": "3271000", "nonInterestIncome": "None", "otherNonOperatingIncome": "None", "depreciation": "None", "depreciationAndAmortization": "13137000", "incomeBeforeTax": "40442000", "incomeTaxExpense": "12769000", "interestAndDebtExpense": "None", "netIncomeFromContinuingOperations": "0", "comprehensiveIncomeNetOfTax": "None", "ebit": "36048000", "ebitda": "49185000", "netIncome": "27673000"}, {"fiscalDateEnding": "2007-03-31", "reportedCurrency": "USD", "grossProfit": "54232000", "totalRevenue": "182990000", "costOfRevenue": "128758000", "costofGoodsAndServicesSold": "128758000", "operatingIncome": "-21892000", "sellingGeneralAndAdministrative": "61335000", "researchAndDevelopment": "13059000", "operatingExpenses": "76124000", "investmentIncomeNet": "None", "netInterestIncome": "None", "interestIncome": "None", "interestExpense": "1608000", "nonInterestIncome": "None", "otherNonOperatingIncome": "None", "depreciation": "None", "depreciationAndAmortization": "12258000", "incomeBeforeTax": "-20953000", "incomeTaxExpense": "-5588000", "interestAndDebtExpense": "None", "netIncomeFromContinuingOperations": "0", "comprehensiveIncomeNetOfTax": "None", "ebit": "-21892000", "ebitda": "-9634000", "netIncome": "-15365000"}, {"fiscalDateEnding": "2006-12-31", "reportedCurrency": "USD", "grossProfit": "111758000", "totalRevenue": "178428000", "costOfRevenue": "66670000", "costofGoodsAndServicesSold": "66670000", "operatingIncome": "40692000", "sellingGeneralAndAdministrative": "57336000", "researchAndDevelopment": "12028000", "operatingExpenses": "71066000", "investmentIncomeNet": "None", "netInterestIncome": "None", "interestIncome": "None", "interestExpense": "1486000", "nonInterestIncome": "None", "otherNonOperatingIncome": "None", "depreciation": "None", "depreciationAndAmortization": "12039000", "incomeBeforeTax": "42245000", "incomeTaxExpense": "13250000", "interestAndDebtExpense": "None", "netIncomeFromContinuingOperations": "0", "comprehensiveIncomeNetOfTax": "None", "ebit": "28653000", "ebitda": "40692000", "netIncome": "28995000"}, {"fiscalDateEnding": "2006-09-30", "reportedCurrency": "USD", "grossProfit": "101296000", "totalRevenue": "163605000", "costOfRevenue": "62309000", "costofGoodsAndServicesSold": "62309000", "operatingIncome": "35316000", "sellingGeneralAndAdministrative": "53444000", "researchAndDevelopment": "10855000", "operatingExpenses": "65980000", "investmentIncomeNet": "None", "netInterestIncome": "None", "interestIncome": "None", "interestExpense": "1497000", "nonInterestIncome": "None", "otherNonOperatingIncome": "None", "depreciation": "None", "depreciationAndAmortization": "10707000", "incomeBeforeTax": "36239000", "incomeTaxExpense": "11240000", "interestAndDebtExpense": "None", "netIncomeFromContinuingOperations": "0", "comprehensiveIncomeNetOfTax": "None", "ebit": "24609000", "ebitda": "35316000", "netIncome": "24999000"}, {"fiscalDateEnding": "2006-06-30", "reportedCurrency": "USD", "grossProfit": "104184000", "totalRevenue": "171172000", "costOfRevenue": "66988000", "costofGoodsAndServicesSold": "66988000", "operatingIncome": "37767000", "sellingGeneralAndAdministrative": "52930000", "researchAndDevelopment": "11061000", "operatingExpenses": "66417000", "investmentIncomeNet": "None", "netInterestIncome": "None", "interestIncome": "None", "interestExpense": "1791000", "nonInterestIncome": "None", "otherNonOperatingIncome": "None", "depreciation": "None", "depreciationAndAmortization": "11091000", "incomeBeforeTax": "38861000", "incomeTaxExpense": "15768000", "interestAndDebtExpense": "None", "netIncomeFromContinuingOperations": "0", "comprehensiveIncomeNetOfTax": "None", "ebit": "37767000", "ebitda": "48858000", "netIncome": "23093000"}, {"fiscalDateEnding": "2006-03-31", "reportedCurrency": "USD", "grossProfit": "100866000", "totalRevenue": "162280000", "costOfRevenue": "61414000", "costofGoodsAndServicesSold": "61414000", "operatingIncome": "36745000", "sellingGeneralAndAdministrative": "53408000", "researchAndDevelopment": "9143000", "operatingExpenses": "64121000", "investmentIncomeNet": "None", "netInterestIncome": "None", "interestIncome": "None", "interestExpense": "1220000", "nonInterestIncome": "None", "otherNonOperatingIncome": "None", "depreciation": "None", "depreciationAndAmortization": "10820000", "incomeBeforeTax": "38118000", "incomeTaxExpense": "11756000", "interestAndDebtExpense": "None", "netIncomeFromContinuingOperations": "0", "comprehensiveIncomeNetOfTax": "None", "ebit": "25925000", "ebitda": "36745000", "netIncome": "26362000"}, {"fiscalDateEnding": "2005-12-31", "reportedCurrency": "USD", "grossProfit": "91726000", "totalRevenue": "146416000", "costOfRevenue": "54690000", "costofGoodsAndServicesSold": "54690000", "operatingIncome": "32276000", "sellingGeneralAndAdministrative": "49149000", "researchAndDevelopment": "8588000", "operatingExpenses": "59282000", "investmentIncomeNet": "None", "netInterestIncome": "None", "interestIncome": "None", "interestExpense": "754000", "nonInterestIncome": "None", "otherNonOperatingIncome": "None", "depreciation": "None", "depreciationAndAmortization": "9871000", "incomeBeforeTax": "32547000", "incomeTaxExpense": "10233000", "interestAndDebtExpense": "None", "netIncomeFromContinuingOperations": "0", "comprehensiveIncomeNetOfTax": "None", "ebit": "32444000", "ebitda": "42315000", "netIncome": "22314000"}, {"fiscalDateEnding": "2005-09-30", "reportedCurrency": "USD", "grossProfit": "80119000", "totalRevenue": "127127000", "costOfRevenue": "47008000", "costofGoodsAndServicesSold": "47008000", "operatingIncome": "24513000", "sellingGeneralAndAdministrative": "44680000", "researchAndDevelopment": "8425000", "operatingExpenses": "54650000", "investmentIncomeNet": "None", "netInterestIncome": "None", "interestIncome": "None", "interestExpense": "937000", "nonInterestIncome": "None", "otherNonOperatingIncome": "None", "depreciation": "None", "depreciationAndAmortization": "9837000", "incomeBeforeTax": "23867000", "incomeTaxExpense": "7425000", "interestAndDebtExpense": "None", "netIncomeFromContinuingOperations": "0", "comprehensiveIncomeNetOfTax": "None", "ebit": "25469000", "ebitda": "35306000", "netIncome": "16442000"}, {"fiscalDateEnding": "2005-06-30", "reportedCurrency": "USD", "grossProfit": "79776000", "totalRevenue": "125425000", "costOfRevenue": "45649000", "costofGoodsAndServicesSold": "45649000", "operatingIncome": "23757000", "sellingGeneralAndAdministrative": "41121000", "researchAndDevelopment": "8113000", "operatingExpenses": "50104000", "investmentIncomeNet": "None", "netInterestIncome": "None", "interestIncome": "None", "interestExpense": "337000", "nonInterestIncome": "None", "otherNonOperatingIncome": "None", "depreciation": "None", "depreciationAndAmortization": "8984000", "incomeBeforeTax": "23131000", "incomeTaxExpense": "7553000", "interestAndDebtExpense": "None", "netIncomeFromContinuingOperations": "0", "comprehensiveIncomeNetOfTax": "None", "ebit": "29672000", "ebitda": "38656000", "netIncome": "15578000"}, {"fiscalDateEnding": "2005-03-31", "reportedCurrency": "USD", "grossProfit": "70295000", "totalRevenue": "108454000", "costOfRevenue": "38159000", "costofGoodsAndServicesSold": "38159000", "operatingIncome": "27027000", "sellingGeneralAndAdministrative": "34449000", "researchAndDevelopment": "7240000", "operatingExpenses": "41689000", "investmentIncomeNet": "None", "netInterestIncome": "None", "interestIncome": "None", "interestExpense": "9000", "nonInterestIncome": "None", "otherNonOperatingIncome": "None", "depreciation": "None", "depreciationAndAmortization": "7486000", "incomeBeforeTax": "26696000", "incomeTaxExpense": "8819000", "interestAndDebtExpense": "None", "netIncomeFromContinuingOperations": "0", "comprehensiveIncomeNetOfTax": "None", "ebit": "28606000", "ebitda": "36092000", "netIncome": "17877000"}, {"fiscalDateEnding": "2004-12-31", "reportedCurrency": "USD", "grossProfit": "68378000", "totalRevenue": "103893000", "costOfRevenue": "35515000", "costofGoodsAndServicesSold": "35515000", "operatingIncome": "25609000", "sellingGeneralAndAdministrative": "33469000", "researchAndDevelopment": "8342000", "operatingExpenses": "41811000", "investmentIncomeNet": "None", "netInterestIncome": "None", "interestIncome": "None", "interestExpense": "159000", "nonInterestIncome": "None", "otherNonOperatingIncome": "None", "depreciation": "None", "depreciationAndAmortization": "6830000", "incomeBeforeTax": "26129000", "incomeTaxExpense": "8725000", "interestAndDebtExpense": "None", "netIncomeFromContinuingOperations": "0", "comprehensiveIncomeNetOfTax": "None", "ebit": "26567000", "ebitda": "33397000", "netIncome": "17404000"}]}