{"symbol": "XYL", "annualReports": [{"fiscalDateEnding": "2024-12-31", "reportedCurrency": "USD", "grossProfit": "3212000000", "totalRevenue": "8562000000", "costOfRevenue": "5350000000", "costofGoodsAndServicesSold": "5350000000", "operatingIncome": "1073000000", "sellingGeneralAndAdministrative": "1911000000", "researchAndDevelopment": "230000000", "operatingExpenses": "2203000000", "investmentIncomeNet": "None", "netInterestIncome": "-16000000", "interestIncome": "28000000", "interestExpense": "44000000", "nonInterestIncome": "None", "otherNonOperatingIncome": "None", "depreciation": "None", "depreciationAndAmortization": "562000000", "incomeBeforeTax": "1087000000", "incomeTaxExpense": "197000000", "interestAndDebtExpense": "None", "netIncomeFromContinuingOperations": "890000000", "comprehensiveIncomeNetOfTax": "None", "ebit": "1071000000", "ebitda": "1633000000", "netIncome": "890000000"}, {"fiscalDateEnding": "2023-12-31", "reportedCurrency": "USD", "grossProfit": "2717000000", "totalRevenue": "7364000000", "costOfRevenue": "4647000000", "costofGoodsAndServicesSold": "4647000000", "operatingIncome": "652000000", "sellingGeneralAndAdministrative": "1757000000", "researchAndDevelopment": "232000000", "operatingExpenses": "2065000000", "investmentIncomeNet": "None", "netInterestIncome": "-32000000", "interestIncome": "28000000", "interestExpense": "49000000", "nonInterestIncome": "None", "otherNonOperatingIncome": "None", "depreciation": "None", "depreciationAndAmortization": "436000000", "incomeBeforeTax": "635000000", "incomeTaxExpense": "26000000", "interestAndDebtExpense": "None", "netIncomeFromContinuingOperations": "492000000", "comprehensiveIncomeNetOfTax": "None", "ebit": "714000000", "ebitda": "1150000000", "netIncome": "609000000"}, {"fiscalDateEnding": "2022-12-31", "reportedCurrency": "USD", "grossProfit": "2084000000", "totalRevenue": "5522000000", "costOfRevenue": "3438000000", "costofGoodsAndServicesSold": "3438000000", "operatingIncome": "622000000", "sellingGeneralAndAdministrative": "1367000000", "researchAndDevelopment": "206000000", "operatingExpenses": "1433000000", "investmentIncomeNet": "None", "netInterestIncome": "-50000000", "interestIncome": "50000000", "interestExpense": "50000000", "nonInterestIncome": "None", "otherNonOperatingIncome": "8000000", "depreciation": "None", "depreciationAndAmortization": "236000000", "incomeBeforeTax": "440000000", "incomeTaxExpense": "85000000", "interestAndDebtExpense": "None", "netIncomeFromContinuingOperations": "355000000", "comprehensiveIncomeNetOfTax": "None", "ebit": "519000000", "ebitda": "755000000", "netIncome": "355000000"}, {"fiscalDateEnding": "2021-12-31", "reportedCurrency": "USD", "grossProfit": "1975000000", "totalRevenue": "5195000000", "costOfRevenue": "3220000000", "costofGoodsAndServicesSold": "3220000000", "operatingIncome": "585000000", "sellingGeneralAndAdministrative": "1179000000", "researchAndDevelopment": "204000000", "operatingExpenses": "1383000000", "investmentIncomeNet": "None", "netInterestIncome": "-76000000", "interestIncome": "76000000", "interestExpense": "76000000", "nonInterestIncome": "None", "otherNonOperatingIncome": "2000000", "depreciation": "None", "depreciationAndAmortization": "245000000", "incomeBeforeTax": "511000000", "incomeTaxExpense": "84000000", "interestAndDebtExpense": "None", "netIncomeFromContinuingOperations": "427000000", "comprehensiveIncomeNetOfTax": "None", "ebit": "608000000", "ebitda": "853000000", "netIncome": "427000000"}, {"fiscalDateEnding": "2020-12-31", "reportedCurrency": "USD", "grossProfit": "1830000000", "totalRevenue": "4876000000", "costOfRevenue": "3046000000", "costofGoodsAndServicesSold": "3046000000", "operatingIncome": "495000000", "sellingGeneralAndAdministrative": "1143000000", "researchAndDevelopment": "187000000", "operatingExpenses": "1330000000", "investmentIncomeNet": "None", "netInterestIncome": "-77000000", "interestIncome": "77000000", "interestExpense": "77000000", "nonInterestIncome": "None", "otherNonOperatingIncome": "-5000000", "depreciation": "None", "depreciationAndAmortization": "251000000", "incomeBeforeTax": "285000000", "incomeTaxExpense": "31000000", "interestAndDebtExpense": "None", "netIncomeFromContinuingOperations": "254000000", "comprehensiveIncomeNetOfTax": "None", "ebit": "485000000", "ebitda": "736000000", "netIncome": "254000000"}, {"fiscalDateEnding": "2019-12-31", "reportedCurrency": "USD", "grossProfit": "2046000000", "totalRevenue": "5249000000", "costOfRevenue": "3203000000", "costofGoodsAndServicesSold": "3203000000", "operatingIncome": "693000000", "sellingGeneralAndAdministrative": "1158000000", "researchAndDevelopment": "191000000", "operatingExpenses": "1349000000", "investmentIncomeNet": "None", "netInterestIncome": "-62000000", "interestIncome": "5000000", "interestExpense": "67000000", "nonInterestIncome": "None", "otherNonOperatingIncome": "-3000000", "depreciation": "None", "depreciationAndAmortization": "257000000", "incomeBeforeTax": "416000000", "incomeTaxExpense": "15000000", "interestAndDebtExpense": "None", "netIncomeFromContinuingOperations": "401000000", "comprehensiveIncomeNetOfTax": "None", "ebit": "690000000", "ebitda": "947000000", "netIncome": "401000000"}, {"fiscalDateEnding": "2018-12-31", "reportedCurrency": "USD", "grossProfit": "2026000000", "totalRevenue": "5207000000", "costOfRevenue": "3181000000", "costofGoodsAndServicesSold": "3181000000", "operatingIncome": "654000000", "sellingGeneralAndAdministrative": "1161000000", "researchAndDevelopment": "189000000", "operatingExpenses": "1350000000", "investmentIncomeNet": "None", "netInterestIncome": "-78000000", "interestIncome": "4000000", "interestExpense": "82000000", "nonInterestIncome": "None", "otherNonOperatingIncome": "13000000", "depreciation": "None", "depreciationAndAmortization": "261000000", "incomeBeforeTax": "585000000", "incomeTaxExpense": "36000000", "interestAndDebtExpense": "None", "netIncomeFromContinuingOperations": "549000000", "comprehensiveIncomeNetOfTax": "None", "ebit": "687000000", "ebitda": "948000000", "netIncome": "549000000"}, {"fiscalDateEnding": "2017-12-31", "reportedCurrency": "USD", "grossProfit": "1851000000", "totalRevenue": "4707000000", "costOfRevenue": "2856000000", "costofGoodsAndServicesSold": "2856000000", "operatingIncome": "556000000", "sellingGeneralAndAdministrative": "1090000000", "researchAndDevelopment": "180000000", "operatingExpenses": "1270000000", "investmentIncomeNet": "None", "netInterestIncome": "-79000000", "interestIncome": "3000000", "interestExpense": "82000000", "nonInterestIncome": "None", "otherNonOperatingIncome": "-8000000", "depreciation": "None", "depreciationAndAmortization": "234000000", "incomeBeforeTax": "466000000", "incomeTaxExpense": "136000000", "interestAndDebtExpense": "None", "netIncomeFromContinuingOperations": "330000000", "comprehensiveIncomeNetOfTax": "None", "ebit": "580000000", "ebitda": "814000000", "netIncome": "331000000"}, {"fiscalDateEnding": "2016-12-31", "reportedCurrency": "USD", "grossProfit": "1461000000", "totalRevenue": "3771000000", "costOfRevenue": "2310000000", "costofGoodsAndServicesSold": "2310000000", "operatingIncome": "406000000", "sellingGeneralAndAdministrative": "915000000", "researchAndDevelopment": "110000000", "operatingExpenses": "1025000000", "investmentIncomeNet": "None", "netInterestIncome": "-68000000", "interestIncome": "2000000", "interestExpense": "70000000", "nonInterestIncome": "None", "otherNonOperatingIncome": "4000000", "depreciation": "None", "depreciationAndAmortization": "151000000", "incomeBeforeTax": "340000000", "incomeTaxExpense": "80000000", "interestAndDebtExpense": "None", "netIncomeFromContinuingOperations": "260000000", "comprehensiveIncomeNetOfTax": "None", "ebit": "486000000", "ebitda": "637000000", "netIncome": "260000000"}, {"fiscalDateEnding": "2015-12-31", "reportedCurrency": "USD", "grossProfit": "1404000000", "totalRevenue": "3653000000", "costOfRevenue": "2249000000", "costofGoodsAndServicesSold": "2249000000", "operatingIncome": "449000000", "sellingGeneralAndAdministrative": "854000000", "researchAndDevelopment": "95000000", "operatingExpenses": "949000000", "investmentIncomeNet": "None", "netInterestIncome": "None", "interestIncome": "50000000", "interestExpense": "55000000", "nonInterestIncome": "None", "otherNonOperatingIncome": "9000000", "depreciation": "None", "depreciationAndAmortization": "133000000", "incomeBeforeTax": "403000000", "incomeTaxExpense": "63000000", "interestAndDebtExpense": "None", "netIncomeFromContinuingOperations": "340000000", "comprehensiveIncomeNetOfTax": "None", "ebit": "455000000", "ebitda": "588000000", "netIncome": "340000000"}, {"fiscalDateEnding": "2014-12-31", "reportedCurrency": "USD", "grossProfit": "1513000000", "totalRevenue": "3916000000", "costOfRevenue": "2403000000", "costofGoodsAndServicesSold": "2403000000", "operatingIncome": "463000000", "sellingGeneralAndAdministrative": "920000000", "researchAndDevelopment": "104000000", "operatingExpenses": "1024000000", "investmentIncomeNet": "None", "netInterestIncome": "None", "interestIncome": "None", "interestExpense": "54000000", "nonInterestIncome": "None", "otherNonOperatingIncome": "12000000", "depreciation": "None", "depreciationAndAmortization": "142000000", "incomeBeforeTax": "421000000", "incomeTaxExpense": "84000000", "interestAndDebtExpense": "None", "netIncomeFromContinuingOperations": "337000000", "comprehensiveIncomeNetOfTax": "None", "ebit": "489000000", "ebitda": "631000000", "netIncome": "337000000"}, {"fiscalDateEnding": "2013-12-31", "reportedCurrency": "USD", "grossProfit": "1499000000", "totalRevenue": "3837000000", "costOfRevenue": "2338000000", "costofGoodsAndServicesSold": "2338000000", "operatingIncome": "363000000", "sellingGeneralAndAdministrative": "986000000", "researchAndDevelopment": "104000000", "operatingExpenses": "1090000000", "investmentIncomeNet": "None", "netInterestIncome": "None", "interestIncome": "None", "interestExpense": "55000000", "nonInterestIncome": "None", "otherNonOperatingIncome": "-10000000", "depreciation": "None", "depreciationAndAmortization": "150000000", "incomeBeforeTax": "298000000", "incomeTaxExpense": "70000000", "interestAndDebtExpense": "None", "netIncomeFromContinuingOperations": "228000000", "comprehensiveIncomeNetOfTax": "None", "ebit": "453000000", "ebitda": "603000000", "netIncome": "228000000"}, {"fiscalDateEnding": "2012-12-31", "reportedCurrency": "USD", "grossProfit": "1502000000", "totalRevenue": "3791000000", "costOfRevenue": "2289000000", "costofGoodsAndServicesSold": "2289000000", "operatingIncome": "443000000", "sellingGeneralAndAdministrative": "914000000", "researchAndDevelopment": "106000000", "operatingExpenses": "1020000000", "investmentIncomeNet": "None", "netInterestIncome": "None", "interestIncome": "None", "interestExpense": "55000000", "nonInterestIncome": "None", "otherNonOperatingIncome": "None", "depreciation": "None", "depreciationAndAmortization": "142000000", "incomeBeforeTax": "388000000", "incomeTaxExpense": "91000000", "interestAndDebtExpense": "None", "netIncomeFromContinuingOperations": "297000000", "comprehensiveIncomeNetOfTax": "None", "ebit": "482000000", "ebitda": "624000000", "netIncome": "297000000"}, {"fiscalDateEnding": "2011-12-31", "reportedCurrency": "USD", "grossProfit": "1461000000", "totalRevenue": "3803000000", "costOfRevenue": "2342000000", "costofGoodsAndServicesSold": "2342000000", "operatingIncome": "395000000", "sellingGeneralAndAdministrative": "964000000", "researchAndDevelopment": "100000000", "operatingExpenses": "1064000000", "investmentIncomeNet": "None", "netInterestIncome": "None", "interestIncome": "None", "interestExpense": "17000000", "nonInterestIncome": "None", "otherNonOperatingIncome": "5000000", "depreciation": "None", "depreciationAndAmortization": "137000000", "incomeBeforeTax": "383000000", "incomeTaxExpense": "104000000", "interestAndDebtExpense": "None", "netIncomeFromContinuingOperations": "279000000", "comprehensiveIncomeNetOfTax": "None", "ebit": "400000000", "ebitda": "537000000", "netIncome": "279000000"}, {"fiscalDateEnding": "2010-12-31", "reportedCurrency": "USD", "grossProfit": "1214000000", "totalRevenue": "3202000000", "costOfRevenue": "1988000000", "costofGoodsAndServicesSold": "1988000000", "operatingIncome": "388000000", "sellingGeneralAndAdministrative": "811000000", "researchAndDevelopment": "74000000", "operatingExpenses": "811000000", "investmentIncomeNet": "None", "netInterestIncome": "None", "interestIncome": "None", "interestExpense": "0", "nonInterestIncome": "None", "otherNonOperatingIncome": "None", "depreciation": "None", "depreciationAndAmortization": "92000000", "incomeBeforeTax": "388000000", "incomeTaxExpense": "59000000", "interestAndDebtExpense": "None", "netIncomeFromContinuingOperations": "None", "comprehensiveIncomeNetOfTax": "None", "ebit": "418000000", "ebitda": "510000000", "netIncome": "329000000"}, {"fiscalDateEnding": "2009-12-31", "reportedCurrency": "USD", "grossProfit": "1037000000", "totalRevenue": "2849000000", "costOfRevenue": "1812000000", "costofGoodsAndServicesSold": "1812000000", "operatingIncome": "276000000", "sellingGeneralAndAdministrative": "730000000", "researchAndDevelopment": "63000000", "operatingExpenses": "730000000", "investmentIncomeNet": "None", "netInterestIncome": "None", "interestIncome": "None", "interestExpense": "0", "nonInterestIncome": "None", "otherNonOperatingIncome": "None", "depreciation": "None", "depreciationAndAmortization": "70000000", "incomeBeforeTax": "277000000", "incomeTaxExpense": "14000000", "interestAndDebtExpense": "None", "netIncomeFromContinuingOperations": "None", "comprehensiveIncomeNetOfTax": "None", "ebit": "277000000", "ebitda": "347000000", "netIncome": "263000000"}], "quarterlyReports": [{"fiscalDateEnding": "2024-12-31", "reportedCurrency": "USD", "grossProfit": "857000000", "totalRevenue": "2256000000", "costOfRevenue": "1399000000", "costofGoodsAndServicesSold": "1399000000", "operatingIncome": "267000000", "sellingGeneralAndAdministrative": "507000000", "researchAndDevelopment": "58000000", "operatingExpenses": "590000000", "investmentIncomeNet": "None", "netInterestIncome": "19000000", "interestIncome": "None", "interestExpense": "9000000", "nonInterestIncome": "None", "otherNonOperatingIncome": "None", "depreciation": "None", "depreciationAndAmortization": "142000000", "incomeBeforeTax": "375000000", "incomeTaxExpense": "49000000", "interestAndDebtExpense": "None", "netIncomeFromContinuingOperations": "326000000", "comprehensiveIncomeNetOfTax": "None", "ebit": "294000000", "ebitda": "436000000", "netIncome": "326000000"}, {"fiscalDateEnding": "2024-09-30", "reportedCurrency": "USD", "grossProfit": "784000000", "totalRevenue": "2103000000", "costOfRevenue": "1319000000", "costofGoodsAndServicesSold": "1319000000", "operatingIncome": "280000000", "sellingGeneralAndAdministrative": "445000000", "researchAndDevelopment": "55000000", "operatingExpenses": "504000000", "investmentIncomeNet": "None", "netInterestIncome": "-10000000", "interestIncome": "None", "interestExpense": "10000000", "nonInterestIncome": "None", "otherNonOperatingIncome": "None", "depreciation": "None", "depreciationAndAmortization": "141000000", "incomeBeforeTax": "269000000", "incomeTaxExpense": "52000000", "interestAndDebtExpense": "None", "netIncomeFromContinuingOperations": "217000000", "comprehensiveIncomeNetOfTax": "None", "ebit": "284000000", "ebitda": "425000000", "netIncome": "217000000"}, {"fiscalDateEnding": "2024-06-30", "reportedCurrency": "USD", "grossProfit": "818000000", "totalRevenue": "2169000000", "costOfRevenue": "1351000000", "costofGoodsAndServicesSold": "1351000000", "operatingIncome": "275000000", "sellingGeneralAndAdministrative": "485000000", "researchAndDevelopment": "58000000", "operatingExpenses": "543000000", "investmentIncomeNet": "None", "netInterestIncome": "-11000000", "interestIncome": "None", "interestExpense": "11000000", "nonInterestIncome": "None", "otherNonOperatingIncome": "None", "depreciation": "None", "depreciationAndAmortization": "145000000", "incomeBeforeTax": "247000000", "incomeTaxExpense": "53000000", "interestAndDebtExpense": "None", "netIncomeFromContinuingOperations": "194000000", "comprehensiveIncomeNetOfTax": "None", "ebit": "275000000", "ebitda": "420000000", "netIncome": "194000000"}, {"fiscalDateEnding": "2024-03-31", "reportedCurrency": "USD", "grossProfit": "753000000", "totalRevenue": "2033000000", "costOfRevenue": "1280000000", "costofGoodsAndServicesSold": "1280000000", "operatingIncome": "220000000", "sellingGeneralAndAdministrative": "474000000", "researchAndDevelopment": "59000000", "operatingExpenses": "533000000", "investmentIncomeNet": "None", "netInterestIncome": "-14000000", "interestIncome": "None", "interestExpense": "14000000", "nonInterestIncome": "None", "otherNonOperatingIncome": "None", "depreciation": "None", "depreciationAndAmortization": "134000000", "incomeBeforeTax": "196000000", "incomeTaxExpense": "43000000", "interestAndDebtExpense": "None", "netIncomeFromContinuingOperations": "153000000", "comprehensiveIncomeNetOfTax": "None", "ebit": "218000000", "ebitda": "352000000", "netIncome": "153000000"}, {"fiscalDateEnding": "2023-12-31", "reportedCurrency": "USD", "grossProfit": "759000000", "totalRevenue": "2119000000", "costOfRevenue": "1360000000", "costofGoodsAndServicesSold": "1360000000", "operatingIncome": "233000000", "sellingGeneralAndAdministrative": "466000000", "researchAndDevelopment": "60000000", "operatingExpenses": "526000000", "investmentIncomeNet": "None", "netInterestIncome": "14000000", "interestIncome": "None", "interestExpense": "21000000", "nonInterestIncome": "None", "otherNonOperatingIncome": "None", "depreciation": "None", "depreciationAndAmortization": "137000000", "incomeBeforeTax": "210000000", "incomeTaxExpense": "-56000000", "interestAndDebtExpense": "None", "netIncomeFromContinuingOperations": "266000000", "comprehensiveIncomeNetOfTax": "None", "ebit": "299000000", "ebitda": "436000000", "netIncome": "266000000"}, {"fiscalDateEnding": "2023-09-30", "reportedCurrency": "USD", "grossProfit": "764000000", "totalRevenue": "2076000000", "costOfRevenue": "1312000000", "costofGoodsAndServicesSold": "1312000000", "operatingIncome": "152000000", "sellingGeneralAndAdministrative": "491000000", "researchAndDevelopment": "61000000", "operatingExpenses": "552000000", "investmentIncomeNet": "None", "netInterestIncome": "-14000000", "interestIncome": "14000000", "interestExpense": "14000000", "nonInterestIncome": "None", "otherNonOperatingIncome": "None", "depreciation": "None", "depreciationAndAmortization": "147000000", "incomeBeforeTax": "152000000", "incomeTaxExpense": "33000000", "interestAndDebtExpense": "None", "netIncomeFromContinuingOperations": "152000000", "comprehensiveIncomeNetOfTax": "None", "ebit": "5000000", "ebitda": "152000000", "netIncome": "152000000"}, {"fiscalDateEnding": "2023-06-30", "reportedCurrency": "USD", "grossProfit": "651000000", "totalRevenue": "1722000000", "costOfRevenue": "1071000000", "costofGoodsAndServicesSold": "1071000000", "operatingIncome": "119000000", "sellingGeneralAndAdministrative": "446000000", "researchAndDevelopment": "58000000", "operatingExpenses": "504000000", "investmentIncomeNet": "None", "netInterestIncome": "-12000000", "interestIncome": "12000000", "interestExpense": "12000000", "nonInterestIncome": "None", "otherNonOperatingIncome": "7000000", "depreciation": "None", "depreciationAndAmortization": "92000000", "incomeBeforeTax": "114000000", "incomeTaxExpense": "22000000", "interestAndDebtExpense": "None", "netIncomeFromContinuingOperations": "92000000", "comprehensiveIncomeNetOfTax": "None", "ebit": "147000000", "ebitda": "239000000", "netIncome": "92000000"}, {"fiscalDateEnding": "2023-03-31", "reportedCurrency": "USD", "grossProfit": "546000000", "totalRevenue": "1448000000", "costOfRevenue": "902000000", "costofGoodsAndServicesSold": "902000000", "operatingIncome": "131000000", "sellingGeneralAndAdministrative": "354000000", "researchAndDevelopment": "53000000", "operatingExpenses": "415000000", "investmentIncomeNet": "None", "netInterestIncome": "-9000000", "interestIncome": "9000000", "interestExpense": "9000000", "nonInterestIncome": "None", "otherNonOperatingIncome": "4000000", "depreciation": "None", "depreciationAndAmortization": "60000000", "incomeBeforeTax": "126000000", "incomeTaxExpense": "27000000", "interestAndDebtExpense": "None", "netIncomeFromContinuingOperations": "99000000", "comprehensiveIncomeNetOfTax": "None", "ebit": "135000000", "ebitda": "195000000", "netIncome": "99000000"}, {"fiscalDateEnding": "2022-12-31", "reportedCurrency": "USD", "grossProfit": "573000000", "totalRevenue": "1506000000", "costOfRevenue": "933000000", "costofGoodsAndServicesSold": "933000000", "operatingIncome": "197000000", "sellingGeneralAndAdministrative": "315000000", "researchAndDevelopment": "54000000", "operatingExpenses": "369000000", "investmentIncomeNet": "None", "netInterestIncome": "-13000000", "interestIncome": "13000000", "interestExpense": "13000000", "nonInterestIncome": "None", "otherNonOperatingIncome": "5000000", "depreciation": "None", "depreciationAndAmortization": "60000000", "incomeBeforeTax": "189000000", "incomeTaxExpense": "40000000", "interestAndDebtExpense": "None", "netIncomeFromContinuingOperations": "149000000", "comprehensiveIncomeNetOfTax": "None", "ebit": "209000000", "ebitda": "269000000", "netIncome": "149000000"}, {"fiscalDateEnding": "2022-09-30", "reportedCurrency": "USD", "grossProfit": "524000000", "totalRevenue": "1380000000", "costOfRevenue": "856000000", "costofGoodsAndServicesSold": "856000000", "operatingIncome": "44000000", "sellingGeneralAndAdministrative": "434000000", "researchAndDevelopment": "47000000", "operatingExpenses": "341000000", "investmentIncomeNet": "None", "netInterestIncome": "-12000000", "interestIncome": "12000000", "interestExpense": "12000000", "nonInterestIncome": "None", "otherNonOperatingIncome": "1000000", "depreciation": "None", "depreciationAndAmortization": "58000000", "incomeBeforeTax": "17000000", "incomeTaxExpense": "5000000", "interestAndDebtExpense": "None", "netIncomeFromContinuingOperations": "12000000", "comprehensiveIncomeNetOfTax": "None", "ebit": "180000000", "ebitda": "238000000", "netIncome": "12000000"}, {"fiscalDateEnding": "2022-06-30", "reportedCurrency": "USD", "grossProfit": "520000000", "totalRevenue": "1364000000", "costOfRevenue": "844000000", "costofGoodsAndServicesSold": "844000000", "operatingIncome": "146000000", "sellingGeneralAndAdministrative": "314000000", "researchAndDevelopment": "53000000", "operatingExpenses": "367000000", "investmentIncomeNet": "None", "netInterestIncome": "-12000000", "interestIncome": "12000000", "interestExpense": "12000000", "nonInterestIncome": "None", "otherNonOperatingIncome": "2000000", "depreciation": "None", "depreciationAndAmortization": "60000000", "incomeBeforeTax": "136000000", "incomeTaxExpense": "24000000", "interestAndDebtExpense": "None", "netIncomeFromContinuingOperations": "112000000", "comprehensiveIncomeNetOfTax": "None", "ebit": "150000000", "ebitda": "210000000", "netIncome": "112000000"}, {"fiscalDateEnding": "2022-03-31", "reportedCurrency": "USD", "grossProfit": "467000000", "totalRevenue": "1272000000", "costOfRevenue": "805000000", "costofGoodsAndServicesSold": "805000000", "operatingIncome": "111000000", "sellingGeneralAndAdministrative": "304000000", "researchAndDevelopment": "52000000", "operatingExpenses": "356000000", "investmentIncomeNet": "None", "netInterestIncome": "-13000000", "interestIncome": "13000000", "interestExpense": "13000000", "nonInterestIncome": "None", "otherNonOperatingIncome": "None", "depreciation": "None", "depreciationAndAmortization": "58000000", "incomeBeforeTax": "98000000", "incomeTaxExpense": "16000000", "interestAndDebtExpense": "None", "netIncomeFromContinuingOperations": "82000000", "comprehensiveIncomeNetOfTax": "None", "ebit": "111000000", "ebitda": "169000000", "netIncome": "82000000"}, {"fiscalDateEnding": "2021-12-31", "reportedCurrency": "USD", "grossProfit": "493000000", "totalRevenue": "1323000000", "costOfRevenue": "830000000", "costofGoodsAndServicesSold": "830000000", "operatingIncome": "140000000", "sellingGeneralAndAdministrative": "301000000", "researchAndDevelopment": "52000000", "operatingExpenses": "353000000", "investmentIncomeNet": "None", "netInterestIncome": "-13000000", "interestIncome": "13000000", "interestExpense": "13000000", "nonInterestIncome": "None", "otherNonOperatingIncome": "-1000000", "depreciation": "None", "depreciationAndAmortization": "59000000", "incomeBeforeTax": "126000000", "incomeTaxExpense": "13000000", "interestAndDebtExpense": "None", "netIncomeFromContinuingOperations": "113000000", "comprehensiveIncomeNetOfTax": "None", "ebit": "141000000", "ebitda": "200000000", "netIncome": "113000000"}, {"fiscalDateEnding": "2021-09-30", "reportedCurrency": "USD", "grossProfit": "472000000", "totalRevenue": "1265000000", "costOfRevenue": "793000000", "costofGoodsAndServicesSold": "793000000", "operatingIncome": "152000000", "sellingGeneralAndAdministrative": "273000000", "researchAndDevelopment": "49000000", "operatingExpenses": "322000000", "investmentIncomeNet": "None", "netInterestIncome": "-21000000", "interestIncome": "21000000", "interestExpense": "21000000", "nonInterestIncome": "None", "otherNonOperatingIncome": "2000000", "depreciation": "None", "depreciationAndAmortization": "62000000", "incomeBeforeTax": "133000000", "incomeTaxExpense": "19000000", "interestAndDebtExpense": "None", "netIncomeFromContinuingOperations": "114000000", "comprehensiveIncomeNetOfTax": "None", "ebit": "147000000", "ebitda": "209000000", "netIncome": "114000000"}, {"fiscalDateEnding": "2021-06-30", "reportedCurrency": "USD", "grossProfit": "520000000", "totalRevenue": "1351000000", "costOfRevenue": "831000000", "costofGoodsAndServicesSold": "831000000", "operatingIncome": "160000000", "sellingGeneralAndAdministrative": "304000000", "researchAndDevelopment": "53000000", "operatingExpenses": "357000000", "investmentIncomeNet": "None", "netInterestIncome": "-21000000", "interestIncome": "21000000", "interestExpense": "21000000", "nonInterestIncome": "None", "otherNonOperatingIncome": "-1000000", "depreciation": "None", "depreciationAndAmortization": "62000000", "incomeBeforeTax": "138000000", "incomeTaxExpense": "25000000", "interestAndDebtExpense": "None", "netIncomeFromContinuingOperations": "113000000", "comprehensiveIncomeNetOfTax": "None", "ebit": "160000000", "ebitda": "222000000", "netIncome": "113000000"}, {"fiscalDateEnding": "2021-03-31", "reportedCurrency": "USD", "grossProfit": "490000000", "totalRevenue": "1256000000", "costOfRevenue": "766000000", "costofGoodsAndServicesSold": "766000000", "operatingIncome": "133000000", "sellingGeneralAndAdministrative": "301000000", "researchAndDevelopment": "50000000", "operatingExpenses": "351000000", "investmentIncomeNet": "None", "netInterestIncome": "-21000000", "interestIncome": "21000000", "interestExpense": "21000000", "nonInterestIncome": "None", "otherNonOperatingIncome": "2000000", "depreciation": "None", "depreciationAndAmortization": "62000000", "incomeBeforeTax": "114000000", "incomeTaxExpense": "27000000", "interestAndDebtExpense": "None", "netIncomeFromContinuingOperations": "87000000", "comprehensiveIncomeNetOfTax": "None", "ebit": "136000000", "ebitda": "198000000", "netIncome": "87000000"}, {"fiscalDateEnding": "2020-12-31", "reportedCurrency": "USD", "grossProfit": "526000000", "totalRevenue": "1373000000", "costOfRevenue": "847000000", "costofGoodsAndServicesSold": "847000000", "operatingIncome": "179000000", "sellingGeneralAndAdministrative": "292000000", "researchAndDevelopment": "49000000", "operatingExpenses": "341000000", "investmentIncomeNet": "None", "netInterestIncome": "-21000000", "interestIncome": "21000000", "interestExpense": "21000000", "nonInterestIncome": "None", "otherNonOperatingIncome": "None", "depreciation": "None", "depreciationAndAmortization": "62000000", "incomeBeforeTax": "158000000", "incomeTaxExpense": "10000000", "interestAndDebtExpense": "None", "netIncomeFromContinuingOperations": "148000000", "comprehensiveIncomeNetOfTax": "None", "ebit": "179000000", "ebitda": "241000000", "netIncome": "148000000"}, {"fiscalDateEnding": "2020-09-30", "reportedCurrency": "USD", "grossProfit": "461000000", "totalRevenue": "1220000000", "costOfRevenue": "759000000", "costofGoodsAndServicesSold": "759000000", "operatingIncome": "73000000", "sellingGeneralAndAdministrative": "266000000", "researchAndDevelopment": "45000000", "operatingExpenses": "311000000", "investmentIncomeNet": "None", "netInterestIncome": "-22000000", "interestIncome": "22000000", "interestExpense": "22000000", "nonInterestIncome": "None", "otherNonOperatingIncome": "-1000000", "depreciation": "None", "depreciationAndAmortization": "63000000", "incomeBeforeTax": "50000000", "incomeTaxExpense": "13000000", "interestAndDebtExpense": "None", "netIncomeFromContinuingOperations": "37000000", "comprehensiveIncomeNetOfTax": "None", "ebit": "147000000", "ebitda": "210000000", "netIncome": "37000000"}, {"fiscalDateEnding": "2020-06-30", "reportedCurrency": "USD", "grossProfit": "434000000", "totalRevenue": "1160000000", "costOfRevenue": "726000000", "costofGoodsAndServicesSold": "726000000", "operatingIncome": "54000000", "sellingGeneralAndAdministrative": "288000000", "researchAndDevelopment": "44000000", "operatingExpenses": "332000000", "investmentIncomeNet": "None", "netInterestIncome": "-18000000", "interestIncome": "18000000", "interestExpense": "18000000", "nonInterestIncome": "None", "otherNonOperatingIncome": "-1000000", "depreciation": "None", "depreciationAndAmortization": "62000000", "incomeBeforeTax": "35000000", "incomeTaxExpense": "4000000", "interestAndDebtExpense": "None", "netIncomeFromContinuingOperations": "31000000", "comprehensiveIncomeNetOfTax": "None", "ebit": "99000000", "ebitda": "161000000", "netIncome": "31000000"}, {"fiscalDateEnding": "2020-03-31", "reportedCurrency": "USD", "grossProfit": "409000000", "totalRevenue": "1123000000", "costOfRevenue": "714000000", "costofGoodsAndServicesSold": "714000000", "operatingIncome": "61000000", "sellingGeneralAndAdministrative": "297000000", "researchAndDevelopment": "49000000", "operatingExpenses": "346000000", "investmentIncomeNet": "None", "netInterestIncome": "-16000000", "interestIncome": "16000000", "interestExpense": "16000000", "nonInterestIncome": "None", "otherNonOperatingIncome": "-3000000", "depreciation": "None", "depreciationAndAmortization": "64000000", "incomeBeforeTax": "42000000", "incomeTaxExpense": "4000000", "interestAndDebtExpense": "None", "netIncomeFromContinuingOperations": "38000000", "comprehensiveIncomeNetOfTax": "None", "ebit": "60000000", "ebitda": "124000000", "netIncome": "38000000"}, {"fiscalDateEnding": "2019-12-31", "reportedCurrency": "USD", "grossProfit": "537000000", "totalRevenue": "1371000000", "costOfRevenue": "834000000", "costofGoodsAndServicesSold": "834000000", "operatingIncome": "195000000", "sellingGeneralAndAdministrative": "288000000", "researchAndDevelopment": "49000000", "operatingExpenses": "337000000", "investmentIncomeNet": "None", "netInterestIncome": "-10000000", "interestIncome": "15000000", "interestExpense": "15000000", "nonInterestIncome": "None", "otherNonOperatingIncome": "-2000000", "depreciation": "None", "depreciationAndAmortization": "65000000", "incomeBeforeTax": "178000000", "incomeTaxExpense": "60000000", "interestAndDebtExpense": "None", "netIncomeFromContinuingOperations": "118000000", "comprehensiveIncomeNetOfTax": "None", "ebit": "202000000", "ebitda": "267000000", "netIncome": "118000000"}, {"fiscalDateEnding": "2019-09-30", "reportedCurrency": "USD", "grossProfit": "509000000", "totalRevenue": "1296000000", "costOfRevenue": "787000000", "costofGoodsAndServicesSold": "787000000", "operatingIncome": "11000000", "sellingGeneralAndAdministrative": "273000000", "researchAndDevelopment": "44000000", "operatingExpenses": "317000000", "investmentIncomeNet": "None", "netInterestIncome": "-16000000", "interestIncome": "16000000", "interestExpense": "16000000", "nonInterestIncome": "None", "otherNonOperatingIncome": "-7000000", "depreciation": "None", "depreciationAndAmortization": "65000000", "incomeBeforeTax": "-12000000", "incomeTaxExpense": "-77000000", "interestAndDebtExpense": "None", "netIncomeFromContinuingOperations": "65000000", "comprehensiveIncomeNetOfTax": "None", "ebit": "183000000", "ebitda": "248000000", "netIncome": "65000000"}, {"fiscalDateEnding": "2019-06-30", "reportedCurrency": "USD", "grossProfit": "526000000", "totalRevenue": "1345000000", "costOfRevenue": "819000000", "costofGoodsAndServicesSold": "819000000", "operatingIncome": "171000000", "sellingGeneralAndAdministrative": "294000000", "researchAndDevelopment": "47000000", "operatingExpenses": "341000000", "investmentIncomeNet": "None", "netInterestIncome": "-18000000", "interestIncome": "18000000", "interestExpense": "18000000", "nonInterestIncome": "None", "otherNonOperatingIncome": "3000000", "depreciation": "None", "depreciationAndAmortization": "63000000", "incomeBeforeTax": "156000000", "incomeTaxExpense": "17000000", "interestAndDebtExpense": "None", "netIncomeFromContinuingOperations": "139000000", "comprehensiveIncomeNetOfTax": "None", "ebit": "187000000", "ebitda": "250000000", "netIncome": "139000000"}, {"fiscalDateEnding": "2019-03-31", "reportedCurrency": "USD", "grossProfit": "474000000", "totalRevenue": "1237000000", "costOfRevenue": "763000000", "costofGoodsAndServicesSold": "763000000", "operatingIncome": "109000000", "sellingGeneralAndAdministrative": "303000000", "researchAndDevelopment": "51000000", "operatingExpenses": "354000000", "investmentIncomeNet": "None", "netInterestIncome": "-18000000", "interestIncome": "18000000", "interestExpense": "18000000", "nonInterestIncome": "None", "otherNonOperatingIncome": "3000000", "depreciation": "None", "depreciationAndAmortization": "64000000", "incomeBeforeTax": "94000000", "incomeTaxExpense": "15000000", "interestAndDebtExpense": "None", "netIncomeFromContinuingOperations": "79000000", "comprehensiveIncomeNetOfTax": "None", "ebit": "123000000", "ebitda": "187000000", "netIncome": "79000000"}, {"fiscalDateEnding": "2018-12-31", "reportedCurrency": "USD", "grossProfit": "542000000", "totalRevenue": "1386000000", "costOfRevenue": "844000000", "costofGoodsAndServicesSold": "844000000", "operatingIncome": "194000000", "sellingGeneralAndAdministrative": "293000000", "researchAndDevelopment": "52000000", "operatingExpenses": "345000000", "investmentIncomeNet": "None", "netInterestIncome": "None", "interestIncome": "None", "interestExpense": "19000000", "nonInterestIncome": "None", "otherNonOperatingIncome": "4000000", "depreciation": "None", "depreciationAndAmortization": "66000000", "incomeBeforeTax": "179000000", "incomeTaxExpense": "-46000000", "interestAndDebtExpense": "None", "netIncomeFromContinuingOperations": "225000000", "comprehensiveIncomeNetOfTax": "None", "ebit": "204000000", "ebitda": "270000000", "netIncome": "225000000"}, {"fiscalDateEnding": "2018-09-30", "reportedCurrency": "USD", "grossProfit": "505000000", "totalRevenue": "1287000000", "costOfRevenue": "782000000", "costofGoodsAndServicesSold": "782000000", "operatingIncome": "176000000", "sellingGeneralAndAdministrative": "279000000", "researchAndDevelopment": "46000000", "operatingExpenses": "325000000", "investmentIncomeNet": "None", "netInterestIncome": "None", "interestIncome": "None", "interestExpense": "21000000", "nonInterestIncome": "None", "otherNonOperatingIncome": "6000000", "depreciation": "None", "depreciationAndAmortization": "63000000", "incomeBeforeTax": "161000000", "incomeTaxExpense": "31000000", "interestAndDebtExpense": "None", "netIncomeFromContinuingOperations": "130000000", "comprehensiveIncomeNetOfTax": "None", "ebit": "182000000", "ebitda": "245000000", "netIncome": "130000000"}, {"fiscalDateEnding": "2018-06-30", "reportedCurrency": "USD", "grossProfit": "519000000", "totalRevenue": "1317000000", "costOfRevenue": "798000000", "costofGoodsAndServicesSold": "798000000", "operatingIncome": "171000000", "sellingGeneralAndAdministrative": "293000000", "researchAndDevelopment": "50000000", "operatingExpenses": "343000000", "investmentIncomeNet": "None", "netInterestIncome": "None", "interestIncome": "None", "interestExpense": "21000000", "nonInterestIncome": "None", "otherNonOperatingIncome": "None", "depreciation": "None", "depreciationAndAmortization": "65000000", "incomeBeforeTax": "150000000", "incomeTaxExpense": "35000000", "interestAndDebtExpense": "None", "netIncomeFromContinuingOperations": "115000000", "comprehensiveIncomeNetOfTax": "None", "ebit": "178000000", "ebitda": "243000000", "netIncome": "115000000"}, {"fiscalDateEnding": "2018-03-31", "reportedCurrency": "USD", "grossProfit": "460000000", "totalRevenue": "1217000000", "costOfRevenue": "757000000", "costofGoodsAndServicesSold": "757000000", "operatingIncome": "113000000", "sellingGeneralAndAdministrative": "296000000", "researchAndDevelopment": "41000000", "operatingExpenses": "337000000", "investmentIncomeNet": "None", "netInterestIncome": "None", "interestIncome": "None", "interestExpense": "21000000", "nonInterestIncome": "None", "otherNonOperatingIncome": "3000000", "depreciation": "None", "depreciationAndAmortization": "67000000", "incomeBeforeTax": "95000000", "incomeTaxExpense": "16000000", "interestAndDebtExpense": "None", "netIncomeFromContinuingOperations": "79000000", "comprehensiveIncomeNetOfTax": "None", "ebit": "128000000", "ebitda": "195000000", "netIncome": "79000000"}, {"fiscalDateEnding": "2017-12-31", "reportedCurrency": "USD", "grossProfit": "509000000", "totalRevenue": "1277000000", "costOfRevenue": "768000000", "costofGoodsAndServicesSold": "768000000", "operatingIncome": "179000000", "sellingGeneralAndAdministrative": "278000000", "researchAndDevelopment": "49000000", "operatingExpenses": "327000000", "investmentIncomeNet": "None", "netInterestIncome": "None", "interestIncome": "None", "interestExpense": "20000000", "nonInterestIncome": "None", "otherNonOperatingIncome": "-15000000", "depreciation": "None", "depreciationAndAmortization": "60000000", "incomeBeforeTax": "144000000", "incomeTaxExpense": "74000000", "interestAndDebtExpense": "None", "netIncomeFromContinuingOperations": "70000000", "comprehensiveIncomeNetOfTax": "None", "ebit": "206000000", "ebitda": "266000000", "netIncome": "71000000"}, {"fiscalDateEnding": "2017-09-30", "reportedCurrency": "USD", "grossProfit": "471000000", "totalRevenue": "1195000000", "costOfRevenue": "724000000", "costofGoodsAndServicesSold": "724000000", "operatingIncome": "152000000", "sellingGeneralAndAdministrative": "270000000", "researchAndDevelopment": "45000000", "operatingExpenses": "315000000", "investmentIncomeNet": "None", "netInterestIncome": "None", "interestIncome": "None", "interestExpense": "21000000", "nonInterestIncome": "None", "otherNonOperatingIncome": "None", "depreciation": "None", "depreciationAndAmortization": "58000000", "incomeBeforeTax": "131000000", "incomeTaxExpense": "27000000", "interestAndDebtExpense": "None", "netIncomeFromContinuingOperations": "104000000", "comprehensiveIncomeNetOfTax": "None", "ebit": "152000000", "ebitda": "210000000", "netIncome": "105000000"}, {"fiscalDateEnding": "2017-06-30", "reportedCurrency": "USD", "grossProfit": "459000000", "totalRevenue": "1164000000", "costOfRevenue": "705000000", "costofGoodsAndServicesSold": "705000000", "operatingIncome": "139000000", "sellingGeneralAndAdministrative": "270000000", "researchAndDevelopment": "44000000", "operatingExpenses": "314000000", "investmentIncomeNet": "None", "netInterestIncome": "None", "interestIncome": "None", "interestExpense": "21000000", "nonInterestIncome": "None", "otherNonOperatingIncome": "3000000", "depreciation": "None", "depreciationAndAmortization": "57000000", "incomeBeforeTax": "121000000", "incomeTaxExpense": "21000000", "interestAndDebtExpense": "None", "netIncomeFromContinuingOperations": "100000000", "comprehensiveIncomeNetOfTax": "None", "ebit": "143000000", "ebitda": "200000000", "netIncome": "99000000"}, {"fiscalDateEnding": "2017-03-31", "reportedCurrency": "USD", "grossProfit": "412000000", "totalRevenue": "1071000000", "costOfRevenue": "659000000", "costofGoodsAndServicesSold": "659000000", "operatingIncome": "86000000", "sellingGeneralAndAdministrative": "272000000", "researchAndDevelopment": "42000000", "operatingExpenses": "314000000", "investmentIncomeNet": "None", "netInterestIncome": "None", "interestIncome": "None", "interestExpense": "20000000", "nonInterestIncome": "None", "otherNonOperatingIncome": "4000000", "depreciation": "None", "depreciationAndAmortization": "59000000", "incomeBeforeTax": "70000000", "incomeTaxExpense": "14000000", "interestAndDebtExpense": "None", "netIncomeFromContinuingOperations": "56000000", "comprehensiveIncomeNetOfTax": "None", "ebit": "99000000", "ebitda": "158000000", "netIncome": "56000000"}, {"fiscalDateEnding": "2016-12-31", "reportedCurrency": "USD", "grossProfit": "406000000", "totalRevenue": "1095000000", "costOfRevenue": "689000000", "costofGoodsAndServicesSold": "689000000", "operatingIncome": "109000000", "sellingGeneralAndAdministrative": "250000000", "researchAndDevelopment": "35000000", "operatingExpenses": "285000000", "investmentIncomeNet": "None", "netInterestIncome": "None", "interestIncome": "None", "interestExpense": "20000000", "nonInterestIncome": "None", "otherNonOperatingIncome": "1000000", "depreciation": "None", "depreciationAndAmortization": "54000000", "incomeBeforeTax": "90000000", "incomeTaxExpense": "40000000", "interestAndDebtExpense": "None", "netIncomeFromContinuingOperations": "50000000", "comprehensiveIncomeNetOfTax": "None", "ebit": "139000000", "ebitda": "193000000", "netIncome": "50000000"}, {"fiscalDateEnding": "2016-09-30", "reportedCurrency": "USD", "grossProfit": "357000000", "totalRevenue": "897000000", "costOfRevenue": "540000000", "costofGoodsAndServicesSold": "540000000", "operatingIncome": "109000000", "sellingGeneralAndAdministrative": "219000000", "researchAndDevelopment": "23000000", "operatingExpenses": "242000000", "investmentIncomeNet": "None", "netInterestIncome": "None", "interestIncome": "None", "interestExpense": "16000000", "nonInterestIncome": "None", "otherNonOperatingIncome": "2000000", "depreciation": "None", "depreciationAndAmortization": "32000000", "incomeBeforeTax": "95000000", "incomeTaxExpense": "22000000", "interestAndDebtExpense": "None", "netIncomeFromContinuingOperations": "73000000", "comprehensiveIncomeNetOfTax": "None", "ebit": "125000000", "ebitda": "157000000", "netIncome": "73000000"}, {"fiscalDateEnding": "2016-06-30", "reportedCurrency": "USD", "grossProfit": "369000000", "totalRevenue": "932000000", "costOfRevenue": "563000000", "costofGoodsAndServicesSold": "563000000", "operatingIncome": "109000000", "sellingGeneralAndAdministrative": "227000000", "researchAndDevelopment": "27000000", "operatingExpenses": "254000000", "investmentIncomeNet": "None", "netInterestIncome": "None", "interestIncome": "None", "interestExpense": "20000000", "nonInterestIncome": "None", "otherNonOperatingIncome": "1000000", "depreciation": "None", "depreciationAndAmortization": "33000000", "incomeBeforeTax": "90000000", "incomeTaxExpense": "19000000", "interestAndDebtExpense": "None", "netIncomeFromContinuingOperations": "71000000", "comprehensiveIncomeNetOfTax": "None", "ebit": "115000000", "ebitda": "148000000", "netIncome": "71000000"}, {"fiscalDateEnding": "2016-03-31", "reportedCurrency": "USD", "grossProfit": "329000000", "totalRevenue": "847000000", "costOfRevenue": "518000000", "costofGoodsAndServicesSold": "518000000", "operatingIncome": "79000000", "sellingGeneralAndAdministrative": "219000000", "researchAndDevelopment": "25000000", "operatingExpenses": "244000000", "investmentIncomeNet": "None", "netInterestIncome": "None", "interestIncome": "None", "interestExpense": "14000000", "nonInterestIncome": "None", "otherNonOperatingIncome": "None", "depreciation": "None", "depreciationAndAmortization": "32000000", "incomeBeforeTax": "65000000", "incomeTaxExpense": "-1000000", "interestAndDebtExpense": "None", "netIncomeFromContinuingOperations": "66000000", "comprehensiveIncomeNetOfTax": "None", "ebit": "85000000", "ebitda": "117000000", "netIncome": "66000000"}, {"fiscalDateEnding": "2015-12-31", "reportedCurrency": "USD", "grossProfit": "390000000", "totalRevenue": "994000000", "costOfRevenue": "604000000", "costofGoodsAndServicesSold": "604000000", "operatingIncome": "142000000", "sellingGeneralAndAdministrative": "223000000", "researchAndDevelopment": "24000000", "operatingExpenses": "247000000", "investmentIncomeNet": "None", "netInterestIncome": "None", "interestIncome": "None", "interestExpense": "14000000", "nonInterestIncome": "None", "otherNonOperatingIncome": "None", "depreciation": "None", "depreciationAndAmortization": "31000000", "incomeBeforeTax": "128000000", "incomeTaxExpense": "14000000", "interestAndDebtExpense": "None", "netIncomeFromContinuingOperations": "114000000", "comprehensiveIncomeNetOfTax": "None", "ebit": "143000000", "ebitda": "174000000", "netIncome": "114000000"}, {"fiscalDateEnding": "2015-09-30", "reportedCurrency": "USD", "grossProfit": "351000000", "totalRevenue": "902000000", "costOfRevenue": "551000000", "costofGoodsAndServicesSold": "551000000", "operatingIncome": "120000000", "sellingGeneralAndAdministrative": "207000000", "researchAndDevelopment": "23000000", "operatingExpenses": "230000000", "investmentIncomeNet": "None", "netInterestIncome": "None", "interestIncome": "None", "interestExpense": "13000000", "nonInterestIncome": "None", "otherNonOperatingIncome": "None", "depreciation": "None", "depreciationAndAmortization": "33000000", "incomeBeforeTax": "107000000", "incomeTaxExpense": "19000000", "interestAndDebtExpense": "None", "netIncomeFromContinuingOperations": "88000000", "comprehensiveIncomeNetOfTax": "None", "ebit": "121000000", "ebitda": "154000000", "netIncome": "88000000"}, {"fiscalDateEnding": "2015-06-30", "reportedCurrency": "USD", "grossProfit": "348000000", "totalRevenue": "920000000", "costOfRevenue": "572000000", "costofGoodsAndServicesSold": "572000000", "operatingIncome": "104000000", "sellingGeneralAndAdministrative": "218000000", "researchAndDevelopment": "25000000", "operatingExpenses": "243000000", "investmentIncomeNet": "None", "netInterestIncome": "None", "interestIncome": "None", "interestExpense": "14000000", "nonInterestIncome": "None", "otherNonOperatingIncome": "1000000", "depreciation": "None", "depreciationAndAmortization": "34000000", "incomeBeforeTax": "91000000", "incomeTaxExpense": "17000000", "interestAndDebtExpense": "None", "netIncomeFromContinuingOperations": "74000000", "comprehensiveIncomeNetOfTax": "None", "ebit": "105000000", "ebitda": "139000000", "netIncome": "74000000"}, {"fiscalDateEnding": "2015-03-31", "reportedCurrency": "USD", "grossProfit": "315000000", "totalRevenue": "837000000", "costOfRevenue": "522000000", "costofGoodsAndServicesSold": "522000000", "operatingIncome": "83000000", "sellingGeneralAndAdministrative": "206000000", "researchAndDevelopment": "23000000", "operatingExpenses": "229000000", "investmentIncomeNet": "None", "netInterestIncome": "None", "interestIncome": "None", "interestExpense": "14000000", "nonInterestIncome": "None", "otherNonOperatingIncome": "8000000", "depreciation": "None", "depreciationAndAmortization": "35000000", "incomeBeforeTax": "77000000", "incomeTaxExpense": "13000000", "interestAndDebtExpense": "None", "netIncomeFromContinuingOperations": "64000000", "comprehensiveIncomeNetOfTax": "None", "ebit": "86000000", "ebitda": "121000000", "netIncome": "64000000"}, {"fiscalDateEnding": "2014-12-31", "reportedCurrency": "USD", "grossProfit": "407000000", "totalRevenue": "1042000000", "costOfRevenue": "635000000", "costofGoodsAndServicesSold": "635000000", "operatingIncome": "141000000", "sellingGeneralAndAdministrative": "232000000", "researchAndDevelopment": "26000000", "operatingExpenses": "258000000", "investmentIncomeNet": "None", "netInterestIncome": "None", "interestIncome": "None", "interestExpense": "13000000", "nonInterestIncome": "None", "otherNonOperatingIncome": "None", "depreciation": "None", "depreciationAndAmortization": "35000000", "incomeBeforeTax": "128000000", "incomeTaxExpense": "32000000", "interestAndDebtExpense": "None", "netIncomeFromContinuingOperations": "96000000", "comprehensiveIncomeNetOfTax": "None", "ebit": "141000000", "ebitda": "176000000", "netIncome": "96000000"}, {"fiscalDateEnding": "2014-09-30", "reportedCurrency": "USD", "grossProfit": "376000000", "totalRevenue": "963000000", "costOfRevenue": "587000000", "costofGoodsAndServicesSold": "587000000", "operatingIncome": "130000000", "sellingGeneralAndAdministrative": "222000000", "researchAndDevelopment": "24000000", "operatingExpenses": "246000000", "investmentIncomeNet": "None", "netInterestIncome": "None", "interestIncome": "None", "interestExpense": "14000000", "nonInterestIncome": "None", "otherNonOperatingIncome": "12000000", "depreciation": "None", "depreciationAndAmortization": "35000000", "incomeBeforeTax": "128000000", "incomeTaxExpense": "22000000", "interestAndDebtExpense": "None", "netIncomeFromContinuingOperations": "106000000", "comprehensiveIncomeNetOfTax": "None", "ebit": "130000000", "ebitda": "165000000", "netIncome": "106000000"}, {"fiscalDateEnding": "2014-06-30", "reportedCurrency": "USD", "grossProfit": "388000000", "totalRevenue": "1005000000", "costOfRevenue": "617000000", "costofGoodsAndServicesSold": "617000000", "operatingIncome": "116000000", "sellingGeneralAndAdministrative": "242000000", "researchAndDevelopment": "27000000", "operatingExpenses": "269000000", "investmentIncomeNet": "None", "netInterestIncome": "None", "interestIncome": "None", "interestExpense": "13000000", "nonInterestIncome": "None", "otherNonOperatingIncome": "1000000", "depreciation": "None", "depreciationAndAmortization": "36000000", "incomeBeforeTax": "104000000", "incomeTaxExpense": "18000000", "interestAndDebtExpense": "None", "netIncomeFromContinuingOperations": "86000000", "comprehensiveIncomeNetOfTax": "None", "ebit": "119000000", "ebitda": "155000000", "netIncome": "86000000"}, {"fiscalDateEnding": "2014-03-31", "reportedCurrency": "USD", "grossProfit": "342000000", "totalRevenue": "906000000", "costOfRevenue": "564000000", "costofGoodsAndServicesSold": "564000000", "operatingIncome": "76000000", "sellingGeneralAndAdministrative": "224000000", "researchAndDevelopment": "27000000", "operatingExpenses": "251000000", "investmentIncomeNet": "None", "netInterestIncome": "None", "interestIncome": "None", "interestExpense": "14000000", "nonInterestIncome": "None", "otherNonOperatingIncome": "-1000000", "depreciation": "None", "depreciationAndAmortization": "36000000", "incomeBeforeTax": "61000000", "incomeTaxExpense": "12000000", "interestAndDebtExpense": "None", "netIncomeFromContinuingOperations": "49000000", "comprehensiveIncomeNetOfTax": "None", "ebit": "91000000", "ebitda": "127000000", "netIncome": "49000000"}, {"fiscalDateEnding": "2013-12-31", "reportedCurrency": "USD", "grossProfit": "410000000", "totalRevenue": "1033000000", "costOfRevenue": "623000000", "costofGoodsAndServicesSold": "623000000", "operatingIncome": "129000000", "sellingGeneralAndAdministrative": "242000000", "researchAndDevelopment": "26000000", "operatingExpenses": "268000000", "investmentIncomeNet": "None", "netInterestIncome": "None", "interestIncome": "None", "interestExpense": "14000000", "nonInterestIncome": "None", "otherNonOperatingIncome": "-8000000", "depreciation": "None", "depreciationAndAmortization": "40000000", "incomeBeforeTax": "107000000", "incomeTaxExpense": "39000000", "interestAndDebtExpense": "None", "netIncomeFromContinuingOperations": "68000000", "comprehensiveIncomeNetOfTax": "None", "ebit": "171000000", "ebitda": "211000000", "netIncome": "68000000"}, {"fiscalDateEnding": "2013-09-30", "reportedCurrency": "USD", "grossProfit": "384000000", "totalRevenue": "965000000", "costOfRevenue": "581000000", "costofGoodsAndServicesSold": "581000000", "operatingIncome": "98000000", "sellingGeneralAndAdministrative": "256000000", "researchAndDevelopment": "24000000", "operatingExpenses": "280000000", "investmentIncomeNet": "None", "netInterestIncome": "None", "interestIncome": "None", "interestExpense": "14000000", "nonInterestIncome": "None", "otherNonOperatingIncome": "-1000000", "depreciation": "None", "depreciationAndAmortization": "36000000", "incomeBeforeTax": "83000000", "incomeTaxExpense": "10000000", "interestAndDebtExpense": "None", "netIncomeFromContinuingOperations": "73000000", "comprehensiveIncomeNetOfTax": "None", "ebit": "110000000", "ebitda": "146000000", "netIncome": "73000000"}, {"fiscalDateEnding": "2013-06-30", "reportedCurrency": "USD", "grossProfit": "371000000", "totalRevenue": "960000000", "costOfRevenue": "589000000", "costofGoodsAndServicesSold": "589000000", "operatingIncome": "70000000", "sellingGeneralAndAdministrative": "252000000", "researchAndDevelopment": "28000000", "operatingExpenses": "280000000", "investmentIncomeNet": "None", "netInterestIncome": "None", "interestIncome": "None", "interestExpense": "14000000", "nonInterestIncome": "None", "otherNonOperatingIncome": "1000000", "depreciation": "None", "depreciationAndAmortization": "37000000", "incomeBeforeTax": "57000000", "incomeTaxExpense": "11000000", "interestAndDebtExpense": "None", "netIncomeFromContinuingOperations": "46000000", "comprehensiveIncomeNetOfTax": "None", "ebit": "71000000", "ebitda": "108000000", "netIncome": "46000000"}, {"fiscalDateEnding": "2013-03-31", "reportedCurrency": "USD", "grossProfit": "334000000", "totalRevenue": "879000000", "costOfRevenue": "545000000", "costofGoodsAndServicesSold": "545000000", "operatingIncome": "66000000", "sellingGeneralAndAdministrative": "236000000", "researchAndDevelopment": "26000000", "operatingExpenses": "262000000", "investmentIncomeNet": "None", "netInterestIncome": "None", "interestIncome": "None", "interestExpense": "13000000", "nonInterestIncome": "None", "otherNonOperatingIncome": "-2000000", "depreciation": "None", "depreciationAndAmortization": "37000000", "incomeBeforeTax": "51000000", "incomeTaxExpense": "10000000", "interestAndDebtExpense": "None", "netIncomeFromContinuingOperations": "41000000", "comprehensiveIncomeNetOfTax": "None", "ebit": "64000000", "ebitda": "101000000", "netIncome": "41000000"}, {"fiscalDateEnding": "2012-12-31", "reportedCurrency": "USD", "grossProfit": "382000000", "totalRevenue": "969000000", "costOfRevenue": "587000000", "costofGoodsAndServicesSold": "587000000", "operatingIncome": "104000000", "sellingGeneralAndAdministrative": "217000000", "researchAndDevelopment": "26000000", "operatingExpenses": "243000000", "investmentIncomeNet": "None", "netInterestIncome": "None", "interestIncome": "None", "interestExpense": "14000000", "nonInterestIncome": "None", "otherNonOperatingIncome": "None", "depreciation": "None", "depreciationAndAmortization": "39000000", "incomeBeforeTax": "89000000", "incomeTaxExpense": "16000000", "interestAndDebtExpense": "None", "netIncomeFromContinuingOperations": "73000000", "comprehensiveIncomeNetOfTax": "None", "ebit": "103000000", "ebitda": "142000000", "netIncome": "73000000"}, {"fiscalDateEnding": "2012-09-30", "reportedCurrency": "USD", "grossProfit": "374000000", "totalRevenue": "931000000", "costOfRevenue": "557000000", "costofGoodsAndServicesSold": "557000000", "operatingIncome": "111000000", "sellingGeneralAndAdministrative": "235000000", "researchAndDevelopment": "24000000", "operatingExpenses": "259000000", "investmentIncomeNet": "None", "netInterestIncome": "None", "interestIncome": "None", "interestExpense": "14000000", "nonInterestIncome": "None", "otherNonOperatingIncome": "3000000", "depreciation": "None", "depreciationAndAmortization": "36000000", "incomeBeforeTax": "100000000", "incomeTaxExpense": "28000000", "interestAndDebtExpense": "None", "netIncomeFromContinuingOperations": "72000000", "comprehensiveIncomeNetOfTax": "None", "ebit": "114000000", "ebitda": "150000000", "netIncome": "72000000"}, {"fiscalDateEnding": "2012-06-30", "reportedCurrency": "USD", "grossProfit": "383000000", "totalRevenue": "966000000", "costOfRevenue": "583000000", "costofGoodsAndServicesSold": "583000000", "operatingIncome": "129000000", "sellingGeneralAndAdministrative": "226000000", "researchAndDevelopment": "28000000", "operatingExpenses": "254000000", "investmentIncomeNet": "None", "netInterestIncome": "None", "interestIncome": "None", "interestExpense": "13000000", "nonInterestIncome": "None", "otherNonOperatingIncome": "-1000000", "depreciation": "None", "depreciationAndAmortization": "33000000", "incomeBeforeTax": "115000000", "incomeTaxExpense": "26000000", "interestAndDebtExpense": "None", "netIncomeFromContinuingOperations": "89000000", "comprehensiveIncomeNetOfTax": "None", "ebit": "128000000", "ebitda": "161000000", "netIncome": "89000000"}, {"fiscalDateEnding": "2012-03-31", "reportedCurrency": "USD", "grossProfit": "363000000", "totalRevenue": "925000000", "costOfRevenue": "562000000", "costofGoodsAndServicesSold": "562000000", "operatingIncome": "99000000", "sellingGeneralAndAdministrative": "231000000", "researchAndDevelopment": "28000000", "operatingExpenses": "264000000", "investmentIncomeNet": "None", "netInterestIncome": "None", "interestIncome": "None", "interestExpense": "14000000", "nonInterestIncome": "None", "otherNonOperatingIncome": "-1000000", "depreciation": "None", "depreciationAndAmortization": "34000000", "incomeBeforeTax": "84000000", "incomeTaxExpense": "21000000", "interestAndDebtExpense": "None", "netIncomeFromContinuingOperations": "63000000", "comprehensiveIncomeNetOfTax": "None", "ebit": "98000000", "ebitda": "132000000", "netIncome": "63000000"}, {"fiscalDateEnding": "2011-12-31", "reportedCurrency": "USD", "grossProfit": "380000000", "totalRevenue": "1003000000", "costOfRevenue": "623000000", "costofGoodsAndServicesSold": "623000000", "operatingIncome": "99000000", "sellingGeneralAndAdministrative": "321000000", "researchAndDevelopment": "27000000", "operatingExpenses": "348000000", "investmentIncomeNet": "None", "netInterestIncome": "None", "interestIncome": "None", "interestExpense": "15000000", "nonInterestIncome": "None", "otherNonOperatingIncome": "None", "depreciation": "None", "depreciationAndAmortization": "33000000", "incomeBeforeTax": "84000000", "incomeTaxExpense": "32000000", "interestAndDebtExpense": "None", "netIncomeFromContinuingOperations": "0", "comprehensiveIncomeNetOfTax": "None", "ebit": "99000000", "ebitda": "132000000", "netIncome": "52000000"}, {"fiscalDateEnding": "2011-09-30", "reportedCurrency": "USD", "grossProfit": "365000000", "totalRevenue": "939000000", "costOfRevenue": "574000000", "costofGoodsAndServicesSold": "574000000", "operatingIncome": "79000000", "sellingGeneralAndAdministrative": "215000000", "researchAndDevelopment": "23000000", "operatingExpenses": "238000000", "investmentIncomeNet": "None", "netInterestIncome": "None", "interestIncome": "None", "interestExpense": "1000000", "nonInterestIncome": "None", "otherNonOperatingIncome": "4000000", "depreciation": "None", "depreciationAndAmortization": "36000000", "incomeBeforeTax": "82000000", "incomeTaxExpense": "5000000", "interestAndDebtExpense": "None", "netIncomeFromContinuingOperations": "77000000", "comprehensiveIncomeNetOfTax": "None", "ebit": "83000000", "ebitda": "119000000", "netIncome": "77000000"}, {"fiscalDateEnding": "2011-06-30", "reportedCurrency": "USD", "grossProfit": "379000000", "totalRevenue": "971000000", "costOfRevenue": "592000000", "costofGoodsAndServicesSold": "592000000", "operatingIncome": "116000000", "sellingGeneralAndAdministrative": "245000000", "researchAndDevelopment": "26000000", "operatingExpenses": "263000000", "investmentIncomeNet": "None", "netInterestIncome": "None", "interestIncome": "None", "interestExpense": "1000000", "nonInterestIncome": "None", "otherNonOperatingIncome": "None", "depreciation": "None", "depreciationAndAmortization": "35000000", "incomeBeforeTax": "115000000", "incomeTaxExpense": "43000000", "interestAndDebtExpense": "None", "netIncomeFromContinuingOperations": "0", "comprehensiveIncomeNetOfTax": "None", "ebit": "116000000", "ebitda": "151000000", "netIncome": "72000000"}, {"fiscalDateEnding": "2011-03-31", "reportedCurrency": "USD", "grossProfit": "337000000", "totalRevenue": "890000000", "costOfRevenue": "553000000", "costofGoodsAndServicesSold": "553000000", "operatingIncome": "100000000", "sellingGeneralAndAdministrative": "234000000", "researchAndDevelopment": "24000000", "operatingExpenses": "237000000", "investmentIncomeNet": "None", "netInterestIncome": "None", "interestIncome": "None", "interestExpense": "0", "nonInterestIncome": "None", "otherNonOperatingIncome": "None", "depreciation": "None", "depreciationAndAmortization": "33000000", "incomeBeforeTax": "101000000", "incomeTaxExpense": "23000000", "interestAndDebtExpense": "None", "netIncomeFromContinuingOperations": "0", "comprehensiveIncomeNetOfTax": "None", "ebit": "99000000", "ebitda": "132000000", "netIncome": "78000000"}, {"fiscalDateEnding": "2010-12-31", "reportedCurrency": "USD", "grossProfit": "359000000", "totalRevenue": "935000000", "costOfRevenue": "576000000", "costofGoodsAndServicesSold": "576000000", "operatingIncome": "111000000", "sellingGeneralAndAdministrative": "241000000", "researchAndDevelopment": "21000000", "operatingExpenses": "241000000", "investmentIncomeNet": "None", "netInterestIncome": "None", "interestIncome": "None", "interestExpense": "0", "nonInterestIncome": "None", "otherNonOperatingIncome": "None", "depreciation": "None", "depreciationAndAmortization": "25000000", "incomeBeforeTax": "111000000", "incomeTaxExpense": "14000000", "interestAndDebtExpense": "None", "netIncomeFromContinuingOperations": "0", "comprehensiveIncomeNetOfTax": "None", "ebit": "126000000", "ebitda": "151000000", "netIncome": "97000000"}, {"fiscalDateEnding": "2010-09-30", "reportedCurrency": "USD", "grossProfit": "309000000", "totalRevenue": "806000000", "costOfRevenue": "497000000", "costofGoodsAndServicesSold": "497000000", "operatingIncome": "107000000", "sellingGeneralAndAdministrative": "201000000", "researchAndDevelopment": "18000000", "operatingExpenses": "201000000", "investmentIncomeNet": "None", "netInterestIncome": "None", "interestIncome": "None", "interestExpense": "0", "nonInterestIncome": "None", "otherNonOperatingIncome": "None", "depreciation": "None", "depreciationAndAmortization": "1000000", "incomeBeforeTax": "110000000", "incomeTaxExpense": "19000000", "interestAndDebtExpense": "None", "netIncomeFromContinuingOperations": "0", "comprehensiveIncomeNetOfTax": "None", "ebit": "107000000", "ebitda": "108000000", "netIncome": "91000000"}, {"fiscalDateEnding": "2010-06-30", "reportedCurrency": "USD", "grossProfit": "0", "totalRevenue": "1461000000", "costOfRevenue": "880000000", "costofGoodsAndServicesSold": "880000000", "operatingIncome": "177000000", "sellingGeneralAndAdministrative": "369000000", "researchAndDevelopment": "35000000", "operatingExpenses": "0", "investmentIncomeNet": "None", "netInterestIncome": "None", "interestIncome": "None", "interestExpense": "0", "nonInterestIncome": "None", "otherNonOperatingIncome": "None", "depreciation": "None", "depreciationAndAmortization": "None", "incomeBeforeTax": "167000000", "incomeTaxExpense": "26000000", "interestAndDebtExpense": "None", "netIncomeFromContinuingOperations": "0", "comprehensiveIncomeNetOfTax": "None", "ebit": "0", "ebitda": "None", "netIncome": "141000000"}, {"fiscalDateEnding": "2010-03-31", "reportedCurrency": "USD", "grossProfit": "255000000", "totalRevenue": "686000000", "costOfRevenue": "431000000", "costofGoodsAndServicesSold": "431000000", "operatingIncome": "69000000", "sellingGeneralAndAdministrative": "None", "researchAndDevelopment": "18000000", "operatingExpenses": "182000000", "investmentIncomeNet": "None", "netInterestIncome": "None", "interestIncome": "None", "interestExpense": "None", "nonInterestIncome": "None", "otherNonOperatingIncome": "None", "depreciation": "None", "depreciationAndAmortization": "19000000", "incomeBeforeTax": "67000000", "incomeTaxExpense": "11000000", "interestAndDebtExpense": "None", "netIncomeFromContinuingOperations": "None", "comprehensiveIncomeNetOfTax": "None", "ebit": "73000000", "ebitda": "92000000", "netIncome": "56000000"}, {"fiscalDateEnding": "2009-12-31", "reportedCurrency": "USD", "grossProfit": "1098000000", "totalRevenue": "2849000000", "costOfRevenue": "1751000000", "costofGoodsAndServicesSold": "1751000000", "operatingIncome": "307000000", "sellingGeneralAndAdministrative": "730000000", "researchAndDevelopment": "63000000", "operatingExpenses": "0", "investmentIncomeNet": "None", "netInterestIncome": "None", "interestIncome": "None", "interestExpense": "0", "nonInterestIncome": "None", "otherNonOperatingIncome": "None", "depreciation": "None", "depreciationAndAmortization": "None", "incomeBeforeTax": "277000000", "incomeTaxExpense": "14000000", "interestAndDebtExpense": "None", "netIncomeFromContinuingOperations": "0", "comprehensiveIncomeNetOfTax": "None", "ebit": "0", "ebitda": "None", "netIncome": "263000000"}]}