{"symbol": "APD", "annualReports": [{"fiscalDateEnding": "2024-09-30", "reportedCurrency": "USD", "grossProfit": "3931900000", "totalRevenue": "12100600000", "costOfRevenue": "8168700000", "costofGoodsAndServicesSold": "8168700000", "operatingIncome": "4466100000", "sellingGeneralAndAdministrative": "942400000", "researchAndDevelopment": "100200000", "operatingExpenses": "-534200000", "investmentIncomeNet": "None", "netInterestIncome": "-218800000", "interestIncome": "None", "interestExpense": "218800000", "nonInterestIncome": "None", "otherNonOperatingIncome": "None", "depreciation": "None", "depreciationAndAmortization": "1451100000", "incomeBeforeTax": "4821200000", "incomeTaxExpense": "944900000", "interestAndDebtExpense": "None", "netIncomeFromContinuingOperations": "3876300000", "comprehensiveIncomeNetOfTax": "None", "ebit": "5040000000", "ebitda": "6491100000", "netIncome": "3828200000"}, {"fiscalDateEnding": "2023-09-30", "reportedCurrency": "USD", "grossProfit": "3767000000", "totalRevenue": "12600000000", "costOfRevenue": "8833000000", "costofGoodsAndServicesSold": "8833000000", "operatingIncome": "2494600000", "sellingGeneralAndAdministrative": "957000000", "researchAndDevelopment": "105600000", "operatingExpenses": "1027800000", "investmentIncomeNet": "None", "netInterestIncome": "-177500000", "interestIncome": "426800000", "interestExpense": "177500000", "nonInterestIncome": "None", "otherNonOperatingIncome": "None", "depreciation": "None", "depreciationAndAmortization": "1358300000", "incomeBeforeTax": "2882400000", "incomeTaxExpense": "551200000", "interestAndDebtExpense": "None", "netIncomeFromContinuingOperations": "2331200000", "comprehensiveIncomeNetOfTax": "None", "ebit": "2652500000", "ebitda": "4010800000", "netIncome": "2300200000"}, {"fiscalDateEnding": "2022-09-30", "reportedCurrency": "USD", "grossProfit": "3360100000", "totalRevenue": "12698600000", "costOfRevenue": "9338500000", "costofGoodsAndServicesSold": "9338500000", "operatingIncome": "2338800000", "sellingGeneralAndAdministrative": "900600000", "researchAndDevelopment": "102900000", "operatingExpenses": "947600000", "investmentIncomeNet": "None", "netInterestIncome": "-128000000", "interestIncome": "368300000", "interestExpense": "128000000", "nonInterestIncome": "None", "otherNonOperatingIncome": "543900000", "depreciation": "None", "depreciationAndAmortization": "1338200000", "incomeBeforeTax": "2754700000", "incomeTaxExpense": "500800000", "interestAndDebtExpense": "None", "netIncomeFromContinuingOperations": "2253900000", "comprehensiveIncomeNetOfTax": "None", "ebit": "2458400000", "ebitda": "3796600000", "netIncome": "2256100000"}, {"fiscalDateEnding": "2021-09-30", "reportedCurrency": "USD", "grossProfit": "3136900000", "totalRevenue": "10323000000", "costOfRevenue": "7186100000", "costofGoodsAndServicesSold": "7186100000", "operatingIncome": "2281400000", "sellingGeneralAndAdministrative": "828400000", "researchAndDevelopment": "93500000", "operatingExpenses": "869100000", "investmentIncomeNet": "None", "netInterestIncome": "-141800000", "interestIncome": "152300000", "interestExpense": "141800000", "nonInterestIncome": "None", "otherNonOperatingIncome": "367800000", "depreciation": "None", "depreciationAndAmortization": "1321300000", "incomeBeforeTax": "2507400000", "incomeTaxExpense": "462800000", "interestAndDebtExpense": "None", "netIncomeFromContinuingOperations": "2044600000", "comprehensiveIncomeNetOfTax": "None", "ebit": "2351600000", "ebitda": "3672900000", "netIncome": "2099100000"}, {"fiscalDateEnding": "2020-09-30", "reportedCurrency": "USD", "grossProfit": "2998200000", "totalRevenue": "8856300000", "costOfRevenue": "5858100000", "costofGoodsAndServicesSold": "5858100000", "operatingIncome": "2237600000", "sellingGeneralAndAdministrative": "742100000", "researchAndDevelopment": "83900000", "operatingExpenses": "760600000", "investmentIncomeNet": "None", "netInterestIncome": "-109300000", "interestIncome": "155500000", "interestExpense": "109300000", "nonInterestIncome": "None", "otherNonOperatingIncome": "295500000", "depreciation": "None", "depreciationAndAmortization": "1185000000", "incomeBeforeTax": "2423800000", "incomeTaxExpense": "478400000", "interestAndDebtExpense": "None", "netIncomeFromContinuingOperations": "1945400000", "comprehensiveIncomeNetOfTax": "None", "ebit": "2248700000", "ebitda": "3433700000", "netIncome": "1886700000"}, {"fiscalDateEnding": "2019-09-30", "reportedCurrency": "USD", "grossProfit": "2943400000", "totalRevenue": "8918900000", "costOfRevenue": "5975500000", "costofGoodsAndServicesSold": "5975500000", "operatingIncome": "2144400000", "sellingGeneralAndAdministrative": "750000000", "researchAndDevelopment": "72900000", "operatingExpenses": "773600000", "investmentIncomeNet": "None", "netInterestIncome": "-137000000", "interestIncome": "78400000", "interestExpense": "137000000", "nonInterestIncome": "None", "otherNonOperatingIncome": "None", "depreciation": "None", "depreciationAndAmortization": "1082800000", "incomeBeforeTax": "2289500000", "incomeTaxExpense": "480100000", "interestAndDebtExpense": "None", "netIncomeFromContinuingOperations": "1809400000", "comprehensiveIncomeNetOfTax": "None", "ebit": "2183700000", "ebitda": "3266500000", "netIncome": "1760000000"}, {"fiscalDateEnding": "2018-09-30", "reportedCurrency": "USD", "grossProfit": "2740700000", "totalRevenue": "8930200000", "costOfRevenue": "6189500000", "costofGoodsAndServicesSold": "6189500000", "operatingIncome": "1965600000", "sellingGeneralAndAdministrative": "760800000", "researchAndDevelopment": "64500000", "operatingExpenses": "775100000", "investmentIncomeNet": "None", "netInterestIncome": "-130500000", "interestIncome": "90600000", "interestExpense": "130500000", "nonInterestIncome": "None", "otherNonOperatingIncome": "179900000", "depreciation": "None", "depreciationAndAmortization": "970700000", "incomeBeforeTax": "2015000000", "incomeTaxExpense": "524300000", "interestAndDebtExpense": "None", "netIncomeFromContinuingOperations": "1490700000", "comprehensiveIncomeNetOfTax": "None", "ebit": "1925200000", "ebitda": "2895900000", "netIncome": "1497800000"}, {"fiscalDateEnding": "2017-09-30", "reportedCurrency": "USD", "grossProfit": "2434200000", "totalRevenue": "8187600000", "costOfRevenue": "5753400000", "costofGoodsAndServicesSold": "5753400000", "operatingIncome": "1427600000", "sellingGeneralAndAdministrative": "726100000", "researchAndDevelopment": "57800000", "operatingExpenses": "662900000", "investmentIncomeNet": "None", "netInterestIncome": "-119100000", "interestIncome": "1500000", "interestExpense": "120600000", "nonInterestIncome": "None", "otherNonOperatingIncome": "109100000", "depreciation": "None", "depreciationAndAmortization": "865800000", "incomeBeforeTax": "1416100000", "incomeTaxExpense": "260900000", "interestAndDebtExpense": "None", "netIncomeFromContinuingOperations": "1155200000", "comprehensiveIncomeNetOfTax": "None", "ebit": "1844800000", "ebitda": "2710600000", "netIncome": "3000400000"}, {"fiscalDateEnding": "2016-09-30", "reportedCurrency": "USD", "grossProfit": "2327100000", "totalRevenue": "7503700000", "costOfRevenue": "5176600000", "costofGoodsAndServicesSold": "5176600000", "operatingIncome": "1529700000", "sellingGeneralAndAdministrative": "690100000", "researchAndDevelopment": "71600000", "operatingExpenses": "720000000", "investmentIncomeNet": "None", "netInterestIncome": "-109300000", "interestIncome": "6200000", "interestExpense": "115200000", "nonInterestIncome": "None", "otherNonOperatingIncome": "141700000", "depreciation": "None", "depreciationAndAmortization": "854600000", "incomeBeforeTax": "1554600000", "incomeTaxExpense": "432600000", "interestAndDebtExpense": "None", "netIncomeFromContinuingOperations": "1545700000", "comprehensiveIncomeNetOfTax": "None", "ebit": "1607100000", "ebitda": "2461700000", "netIncome": "631100000"}, {"fiscalDateEnding": "2015-09-30", "reportedCurrency": "USD", "grossProfit": "2950800000", "totalRevenue": "9894900000", "costOfRevenue": "6944100000", "costofGoodsAndServicesSold": "6944100000", "operatingIncome": "1699100000", "sellingGeneralAndAdministrative": "962900000", "researchAndDevelopment": "138800000", "operatingExpenses": "1054400000", "investmentIncomeNet": "None", "netInterestIncome": "None", "interestIncome": "49500000", "interestExpense": "102800000", "nonInterestIncome": "None", "otherNonOperatingIncome": "137900000", "depreciation": "None", "depreciationAndAmortization": "936400000", "incomeBeforeTax": "1733500000", "incomeTaxExpense": "415900000", "interestAndDebtExpense": "None", "netIncomeFromContinuingOperations": "1317600000", "comprehensiveIncomeNetOfTax": "None", "ebit": "1326400000", "ebitda": "2262800000", "netIncome": "1277900000"}, {"fiscalDateEnding": "2014-09-30", "reportedCurrency": "USD", "grossProfit": "2804400000", "totalRevenue": "10439000000", "costOfRevenue": "7634600000", "costofGoodsAndServicesSold": "7634600000", "operatingIncome": "1328200000", "sellingGeneralAndAdministrative": "1064800000", "researchAndDevelopment": "141400000", "operatingExpenses": "1153400000", "investmentIncomeNet": "None", "netInterestIncome": "None", "interestIncome": "None", "interestExpense": "125100000", "nonInterestIncome": "None", "otherNonOperatingIncome": "151400000", "depreciation": "None", "depreciationAndAmortization": "956900000", "incomeBeforeTax": "1354500000", "incomeTaxExpense": "366000000", "interestAndDebtExpense": "None", "netIncomeFromContinuingOperations": "988500000", "comprehensiveIncomeNetOfTax": "None", "ebit": "1479600000", "ebitda": "2436500000", "netIncome": "991700000"}, {"fiscalDateEnding": "2013-09-30", "reportedCurrency": "USD", "grossProfit": "2708300000", "totalRevenue": "10180400000", "costOfRevenue": "7472100000", "costofGoodsAndServicesSold": "7472100000", "operatingIncome": "1324400000", "sellingGeneralAndAdministrative": "1088800000", "researchAndDevelopment": "133700000", "operatingExpenses": "1152300000", "investmentIncomeNet": "None", "netInterestIncome": "None", "interestIncome": "None", "interestExpense": "141800000", "nonInterestIncome": "None", "otherNonOperatingIncome": "167800000", "depreciation": "None", "depreciationAndAmortization": "907000000", "incomeBeforeTax": "1350400000", "incomeTaxExpense": "307900000", "interestAndDebtExpense": "None", "netIncomeFromContinuingOperations": "1042500000", "comprehensiveIncomeNetOfTax": "None", "ebit": "1492200000", "ebitda": "2399200000", "netIncome": "994200000"}, {"fiscalDateEnding": "2012-09-30", "reportedCurrency": "USD", "grossProfit": "2559800000", "totalRevenue": "9611700000", "costOfRevenue": "7051900000", "costofGoodsAndServicesSold": "7051900000", "operatingIncome": "1282400000", "sellingGeneralAndAdministrative": "946800000", "researchAndDevelopment": "126400000", "operatingExpenses": "1026100000", "investmentIncomeNet": "None", "netInterestIncome": "None", "interestIncome": "None", "interestExpense": "123700000", "nonInterestIncome": "None", "otherNonOperatingIncome": "None", "depreciation": "None", "depreciationAndAmortization": "840800000", "incomeBeforeTax": "1312500000", "incomeTaxExpense": "287300000", "interestAndDebtExpense": "None", "netIncomeFromContinuingOperations": "None", "comprehensiveIncomeNetOfTax": "None", "ebit": "1436200000", "ebitda": "2277000000", "netIncome": "1167300000"}, {"fiscalDateEnding": "2011-09-30", "reportedCurrency": "USD", "grossProfit": "2766700000", "totalRevenue": "10082000000", "costOfRevenue": "7315300000", "costofGoodsAndServicesSold": "7315300000", "operatingIncome": "1622200000", "sellingGeneralAndAdministrative": "1014400000", "researchAndDevelopment": "118800000", "operatingExpenses": "1144500000", "investmentIncomeNet": "None", "netInterestIncome": "None", "interestIncome": "None", "interestExpense": "115500000", "nonInterestIncome": "None", "otherNonOperatingIncome": "154300000", "depreciation": "None", "depreciationAndAmortization": "873900000", "incomeBeforeTax": "1661000000", "incomeTaxExpense": "408400000", "interestAndDebtExpense": "None", "netIncomeFromContinuingOperations": "1252600000", "comprehensiveIncomeNetOfTax": "None", "ebit": "1784700000", "ebitda": "2658600000", "netIncome": "1224200000"}, {"fiscalDateEnding": "2010-09-30", "reportedCurrency": "USD", "grossProfit": "2523000000", "totalRevenue": "9026000000", "costOfRevenue": "6503000000", "costofGoodsAndServicesSold": "6503000000", "operatingIncome": "1389000000", "sellingGeneralAndAdministrative": "962000000", "researchAndDevelopment": "114700000", "operatingExpenses": "1038000000", "investmentIncomeNet": "None", "netInterestIncome": "None", "interestIncome": "None", "interestExpense": "121900000", "nonInterestIncome": "None", "otherNonOperatingIncome": "None", "depreciation": "None", "depreciationAndAmortization": "863400000", "incomeBeforeTax": "1394000000", "incomeTaxExpense": "339500000", "interestAndDebtExpense": "None", "netIncomeFromContinuingOperations": "None", "comprehensiveIncomeNetOfTax": "None", "ebit": "1515900000", "ebitda": "2379300000", "netIncome": "1029100000"}, {"fiscalDateEnding": "2009-09-30", "reportedCurrency": "USD", "grossProfit": "2214100000", "totalRevenue": "8256200000", "costOfRevenue": "6042100000", "costofGoodsAndServicesSold": "6042100000", "operatingIncome": "846300000", "sellingGeneralAndAdministrative": "1274500000", "researchAndDevelopment": "116300000", "operatingExpenses": "1367800000", "investmentIncomeNet": "None", "netInterestIncome": "None", "interestIncome": "None", "interestExpense": "121900000", "nonInterestIncome": "None", "otherNonOperatingIncome": "None", "depreciation": "None", "depreciationAndAmortization": "840300000", "incomeBeforeTax": "836600000", "incomeTaxExpense": "185300000", "interestAndDebtExpense": "None", "netIncomeFromContinuingOperations": "None", "comprehensiveIncomeNetOfTax": "None", "ebit": "958500000", "ebitda": "1798800000", "netIncome": "631300000"}, {"fiscalDateEnding": "2008-09-30", "reportedCurrency": "USD", "grossProfit": "2721400000", "totalRevenue": "10414500000", "costOfRevenue": "7693100000", "costofGoodsAndServicesSold": "7693100000", "operatingIncome": "1495800000", "sellingGeneralAndAdministrative": "1090400000", "researchAndDevelopment": "130700000", "operatingExpenses": "1225600000", "investmentIncomeNet": "None", "netInterestIncome": "None", "interestIncome": "None", "interestExpense": "162000000", "nonInterestIncome": "None", "otherNonOperatingIncome": "None", "depreciation": "None", "depreciationAndAmortization": "869000000", "incomeBeforeTax": "1478800000", "incomeTaxExpense": "365300000", "interestAndDebtExpense": "None", "netIncomeFromContinuingOperations": "None", "comprehensiveIncomeNetOfTax": "None", "ebit": "1640800000", "ebitda": "2509800000", "netIncome": "909700000"}, {"fiscalDateEnding": "2007-09-30", "reportedCurrency": "USD", "grossProfit": "2676200000", "totalRevenue": "10037800000", "costOfRevenue": "7361600000", "costofGoodsAndServicesSold": "7361600000", "operatingIncome": "1407700000", "sellingGeneralAndAdministrative": "1180600000", "researchAndDevelopment": "140200000", "operatingExpenses": "1268500000", "investmentIncomeNet": "None", "netInterestIncome": "None", "interestIncome": "None", "interestExpense": "0", "nonInterestIncome": "None", "otherNonOperatingIncome": "None", "depreciation": "None", "depreciationAndAmortization": "840000000", "incomeBeforeTax": "1376300000", "incomeTaxExpense": "301200000", "interestAndDebtExpense": "None", "netIncomeFromContinuingOperations": "None", "comprehensiveIncomeNetOfTax": "None", "ebit": "1375600000", "ebitda": "2215600000", "netIncome": "1035600000"}, {"fiscalDateEnding": "2006-09-30", "reportedCurrency": "USD", "grossProfit": "2292100000", "totalRevenue": "8850400000", "costOfRevenue": "6558300000", "costofGoodsAndServicesSold": "6558300000", "operatingIncome": "1060900000", "sellingGeneralAndAdministrative": "1080700000", "researchAndDevelopment": "151400000", "operatingExpenses": "1231200000", "investmentIncomeNet": "None", "netInterestIncome": "None", "interestIncome": "None", "interestExpense": "0", "nonInterestIncome": "None", "otherNonOperatingIncome": "None", "depreciation": "None", "depreciationAndAmortization": "763000000", "incomeBeforeTax": "1049300000", "incomeTaxExpense": "271200000", "interestAndDebtExpense": "None", "netIncomeFromContinuingOperations": "None", "comprehensiveIncomeNetOfTax": "None", "ebit": "1049500000", "ebitda": "1812500000", "netIncome": "723400000"}, {"fiscalDateEnding": "2005-09-30", "reportedCurrency": "USD", "grossProfit": "2132200000", "totalRevenue": "8143500000", "costOfRevenue": "6011300000", "costofGoodsAndServicesSold": "6011300000", "operatingIncome": "1002500000", "sellingGeneralAndAdministrative": "1028200000", "researchAndDevelopment": "132700000", "operatingExpenses": "1129700000", "investmentIncomeNet": "None", "netInterestIncome": "None", "interestIncome": "None", "interestExpense": "0", "nonInterestIncome": "None", "otherNonOperatingIncome": "None", "depreciation": "None", "depreciationAndAmortization": "728300000", "incomeBeforeTax": "997700000", "incomeTaxExpense": "263300000", "interestAndDebtExpense": "None", "netIncomeFromContinuingOperations": "None", "comprehensiveIncomeNetOfTax": "None", "ebit": "973500000", "ebitda": "1701800000", "netIncome": "711700000"}], "quarterlyReports": [{"fiscalDateEnding": "2024-12-31", "reportedCurrency": "USD", "grossProfit": "915000000", "totalRevenue": "2931500000", "costOfRevenue": "2016500000", "costofGoodsAndServicesSold": "2016500000", "operatingIncome": "643600000", "sellingGeneralAndAdministrative": "272300000", "researchAndDevelopment": "22000000", "operatingExpenses": "271400000", "investmentIncomeNet": "None", "netInterestIncome": "-42600000", "interestIncome": "None", "interestExpense": "42600000", "nonInterestIncome": "None", "otherNonOperatingIncome": "None", "depreciation": "None", "depreciationAndAmortization": "366800000", "incomeBeforeTax": "790500000", "incomeTaxExpense": "140700000", "interestAndDebtExpense": "None", "netIncomeFromContinuingOperations": "649800000", "comprehensiveIncomeNetOfTax": "None", "ebit": "833100000", "ebitda": "1199900000", "netIncome": "617400000"}, {"fiscalDateEnding": "2024-09-30", "reportedCurrency": "USD", "grossProfit": "1083100000", "totalRevenue": "3187500000", "costOfRevenue": "2104400000", "costofGoodsAndServicesSold": "2104400000", "operatingIncome": "2424400000", "sellingGeneralAndAdministrative": "228000000", "researchAndDevelopment": "22100000", "operatingExpenses": "-1341300000", "investmentIncomeNet": "None", "netInterestIncome": "-49700000", "interestIncome": "None", "interestExpense": "49700000", "nonInterestIncome": "None", "otherNonOperatingIncome": "None", "depreciation": "None", "depreciationAndAmortization": "380800000", "incomeBeforeTax": "2503300000", "incomeTaxExpense": "538400000", "interestAndDebtExpense": "None", "netIncomeFromContinuingOperations": "1964900000", "comprehensiveIncomeNetOfTax": "None", "ebit": "2553000000", "ebitda": "2933800000", "netIncome": "1949900000"}, {"fiscalDateEnding": "2024-06-30", "reportedCurrency": "USD", "grossProfit": "979400000", "totalRevenue": "2985300000", "costOfRevenue": "2005900000", "costofGoodsAndServicesSold": "2005900000", "operatingIncome": "717000000", "sellingGeneralAndAdministrative": "235400000", "researchAndDevelopment": "27000000", "operatingExpenses": "262399999", "investmentIncomeNet": "None", "netInterestIncome": "-55700000", "interestIncome": "None", "interestExpense": "55700000", "nonInterestIncome": "None", "otherNonOperatingIncome": "None", "depreciation": "None", "depreciationAndAmortization": "360300000", "incomeBeforeTax": "849500000", "incomeTaxExpense": "140600000", "interestAndDebtExpense": "None", "netIncomeFromContinuingOperations": "708900000", "comprehensiveIncomeNetOfTax": "None", "ebit": "710500000", "ebitda": "1070800000", "netIncome": "696600000"}, {"fiscalDateEnding": "2024-03-31", "reportedCurrency": "USD", "grossProfit": "938700000", "totalRevenue": "2930200000", "costOfRevenue": "1991500000", "costofGoodsAndServicesSold": "1991500000", "operatingIncome": "672700000", "sellingGeneralAndAdministrative": "240600000", "researchAndDevelopment": "25400000", "operatingExpenses": "266000000", "investmentIncomeNet": "None", "netInterestIncome": "-59900000", "interestIncome": "None", "interestExpense": "59900000", "nonInterestIncome": "None", "otherNonOperatingIncome": "None", "depreciation": "None", "depreciationAndAmortization": "360800000", "incomeBeforeTax": "711400000", "incomeTaxExpense": "130500000", "interestAndDebtExpense": "None", "netIncomeFromContinuingOperations": "580900000", "comprehensiveIncomeNetOfTax": "None", "ebit": "666100000", "ebitda": "1026900000", "netIncome": "572400000"}, {"fiscalDateEnding": "2023-12-31", "reportedCurrency": "USD", "grossProfit": "931200000", "totalRevenue": "2997100000", "costOfRevenue": "2065900000", "costofGoodsAndServicesSold": "2065900000", "operatingIncome": "667100000", "sellingGeneralAndAdministrative": "238400000", "researchAndDevelopment": "25700000", "operatingExpenses": "264100000", "investmentIncomeNet": "None", "netInterestIncome": "-53500000", "interestIncome": "None", "interestExpense": "53500000", "nonInterestIncome": "None", "otherNonOperatingIncome": "None", "depreciation": "None", "depreciationAndAmortization": "349200000", "incomeBeforeTax": "757000000", "incomeTaxExpense": "135400000", "interestAndDebtExpense": "None", "netIncomeFromContinuingOperations": "621600000", "comprehensiveIncomeNetOfTax": "None", "ebit": "645100000", "ebitda": "994300000", "netIncome": "609300000"}, {"fiscalDateEnding": "2023-09-30", "reportedCurrency": "USD", "grossProfit": "984100000", "totalRevenue": "3191300000", "costOfRevenue": "2207200000", "costofGoodsAndServicesSold": "2207200000", "operatingIncome": "738600000", "sellingGeneralAndAdministrative": "232700000", "researchAndDevelopment": "24700000", "operatingExpenses": "245500000", "investmentIncomeNet": "None", "netInterestIncome": "-48000000", "interestIncome": "115400000", "interestExpense": "48000000", "nonInterestIncome": "None", "otherNonOperatingIncome": "None", "depreciation": "None", "depreciationAndAmortization": "357300000", "incomeBeforeTax": "841200000", "incomeTaxExpense": "154200000", "interestAndDebtExpense": "None", "netIncomeFromContinuingOperations": "687000000", "comprehensiveIncomeNetOfTax": "None", "ebit": "716200000", "ebitda": "1073500000", "netIncome": "692600000"}, {"fiscalDateEnding": "2023-06-30", "reportedCurrency": "USD", "grossProfit": "963200000", "totalRevenue": "3033900000", "costOfRevenue": "2070700000", "costofGoodsAndServicesSold": "2070700000", "operatingIncome": "644200000", "sellingGeneralAndAdministrative": "238700000", "researchAndDevelopment": "29300000", "operatingExpenses": "260000000", "investmentIncomeNet": "None", "netInterestIncome": "-47400000", "interestIncome": "117600000", "interestExpense": "47400000", "nonInterestIncome": "None", "otherNonOperatingIncome": "153300000", "depreciation": "None", "depreciationAndAmortization": "339900000", "incomeBeforeTax": "750100000", "incomeTaxExpense": "139600000", "interestAndDebtExpense": "None", "netIncomeFromContinuingOperations": "610500000", "comprehensiveIncomeNetOfTax": "None", "ebit": "681500000", "ebitda": "1021400000", "netIncome": "595600000"}, {"fiscalDateEnding": "2023-03-31", "reportedCurrency": "USD", "grossProfit": "917300000", "totalRevenue": "3200100000", "costOfRevenue": "2282800000", "costofGoodsAndServicesSold": "2282800000", "operatingIncome": "797400000", "sellingGeneralAndAdministrative": "244700000", "researchAndDevelopment": "27200000", "operatingExpenses": "271900000", "investmentIncomeNet": "None", "netInterestIncome": "-40900000", "interestIncome": "125000000", "interestExpense": "40900000", "nonInterestIncome": "None", "otherNonOperatingIncome": "152000000", "depreciation": "None", "depreciationAndAmortization": "339600000", "incomeBeforeTax": "570900000", "incomeTaxExpense": "121000000", "interestAndDebtExpense": "None", "netIncomeFromContinuingOperations": "449900000", "comprehensiveIncomeNetOfTax": "None", "ebit": "623000000", "ebitda": "962600000", "netIncome": "439800000"}, {"fiscalDateEnding": "2022-12-31", "reportedCurrency": "USD", "grossProfit": "902400000", "totalRevenue": "3174700000", "costOfRevenue": "2272300000", "costofGoodsAndServicesSold": "2272300000", "operatingIncome": "652000000", "sellingGeneralAndAdministrative": "226000000", "researchAndDevelopment": "24400000", "operatingExpenses": "250400000", "investmentIncomeNet": "None", "netInterestIncome": "-41200000", "interestIncome": "68800000", "interestExpense": "41200000", "nonInterestIncome": "None", "otherNonOperatingIncome": "109400000", "depreciation": "None", "depreciationAndAmortization": "321500000", "incomeBeforeTax": "720200000", "incomeTaxExpense": "136400000", "interestAndDebtExpense": "None", "netIncomeFromContinuingOperations": "583800000", "comprehensiveIncomeNetOfTax": "None", "ebit": "632800000", "ebitda": "954300000", "netIncome": "572200000"}, {"fiscalDateEnding": "2022-09-30", "reportedCurrency": "USD", "grossProfit": "948800000", "totalRevenue": "3570000000", "costOfRevenue": "2621200000", "costofGoodsAndServicesSold": "2621200000", "operatingIncome": "484400000", "sellingGeneralAndAdministrative": "223900000", "researchAndDevelopment": "31100000", "operatingExpenses": "248600000", "investmentIncomeNet": "None", "netInterestIncome": "-32500000", "interestIncome": "79100000", "interestExpense": "32500000", "nonInterestIncome": "None", "otherNonOperatingIncome": "117000000", "depreciation": "None", "depreciationAndAmortization": "332800000", "incomeBeforeTax": "711000000", "incomeTaxExpense": "130600000", "interestAndDebtExpense": "None", "netIncomeFromContinuingOperations": "580400000", "comprehensiveIncomeNetOfTax": "None", "ebit": "714400000", "ebitda": "1047200000", "netIncome": "583100000"}, {"fiscalDateEnding": "2022-06-30", "reportedCurrency": "USD", "grossProfit": "847200000", "totalRevenue": "3189300000", "costOfRevenue": "2342100000", "costofGoodsAndServicesSold": "2342100000", "operatingIncome": "627400000", "sellingGeneralAndAdministrative": "216900000", "researchAndDevelopment": "24800000", "operatingExpenses": "219800000", "investmentIncomeNet": "None", "netInterestIncome": "-32700000", "interestIncome": "83400000", "interestExpense": "32700000", "nonInterestIncome": "None", "otherNonOperatingIncome": "126600000", "depreciation": "None", "depreciationAndAmortization": "337200000", "incomeBeforeTax": "721300000", "incomeTaxExpense": "134200000", "interestAndDebtExpense": "None", "netIncomeFromContinuingOperations": "587100000", "comprehensiveIncomeNetOfTax": "None", "ebit": "634800000", "ebitda": "972000000", "netIncome": "582100000"}, {"fiscalDateEnding": "2022-03-31", "reportedCurrency": "USD", "grossProfit": "793500000", "totalRevenue": "2945100000", "costOfRevenue": "2151600000", "costofGoodsAndServicesSold": "2151600000", "operatingIncome": "561900000", "sellingGeneralAndAdministrative": "227000000", "researchAndDevelopment": "23700000", "operatingExpenses": "231600000", "investmentIncomeNet": "None", "netInterestIncome": "-32300000", "interestIncome": "88500000", "interestExpense": "32300000", "nonInterestIncome": "None", "otherNonOperatingIncome": "129900000", "depreciation": "None", "depreciationAndAmortization": "335900000", "incomeBeforeTax": "659500000", "incomeTaxExpense": "122700000", "interestAndDebtExpense": "None", "netIncomeFromContinuingOperations": "536800000", "comprehensiveIncomeNetOfTax": "None", "ebit": "573900000", "ebitda": "909800000", "netIncome": "530500000"}, {"fiscalDateEnding": "2021-12-31", "reportedCurrency": "USD", "grossProfit": "770600000", "totalRevenue": "2994200000", "costOfRevenue": "2223600000", "costofGoodsAndServicesSold": "2223600000", "operatingIncome": "523000000", "sellingGeneralAndAdministrative": "232800000", "researchAndDevelopment": "23300000", "operatingExpenses": "247600000", "investmentIncomeNet": "None", "netInterestIncome": "-30500000", "interestIncome": "117300000", "interestExpense": "30500000", "nonInterestIncome": "None", "otherNonOperatingIncome": "170400000", "depreciation": "None", "depreciationAndAmortization": "332300000", "incomeBeforeTax": "662900000", "incomeTaxExpense": "113300000", "interestAndDebtExpense": "None", "netIncomeFromContinuingOperations": "549600000", "comprehensiveIncomeNetOfTax": "None", "ebit": "692000000", "ebitda": "1024300000", "netIncome": "560400000"}, {"fiscalDateEnding": "2021-09-30", "reportedCurrency": "USD", "grossProfit": "834800000", "totalRevenue": "2841100000", "costOfRevenue": "2006300000", "costofGoodsAndServicesSold": "2006300000", "operatingIncome": "616700000", "sellingGeneralAndAdministrative": "202100000", "researchAndDevelopment": "25700000", "operatingExpenses": "218100000", "investmentIncomeNet": "None", "netInterestIncome": "-33400000", "interestIncome": "58400000", "interestExpense": "33400000", "nonInterestIncome": "None", "otherNonOperatingIncome": "109000000", "depreciation": "None", "depreciationAndAmortization": "332600000", "incomeBeforeTax": "692300000", "incomeTaxExpense": "125300000", "interestAndDebtExpense": "None", "netIncomeFromContinuingOperations": "567000000", "comprehensiveIncomeNetOfTax": "None", "ebit": "637700000", "ebitda": "970300000", "netIncome": "610400000"}, {"fiscalDateEnding": "2021-06-30", "reportedCurrency": "USD", "grossProfit": "802800000", "totalRevenue": "2604700000", "costOfRevenue": "1801900000", "costofGoodsAndServicesSold": "1801900000", "operatingIncome": "577100000", "sellingGeneralAndAdministrative": "213300000", "researchAndDevelopment": "23200000", "operatingExpenses": "225700000", "investmentIncomeNet": "None", "netInterestIncome": "-35600000", "interestIncome": "27600000", "interestExpense": "35600000", "nonInterestIncome": "None", "otherNonOperatingIncome": "84300000", "depreciation": "None", "depreciationAndAmortization": "335700000", "incomeBeforeTax": "625800000", "incomeTaxExpense": "101700000", "interestAndDebtExpense": "None", "netIncomeFromContinuingOperations": "524100000", "comprehensiveIncomeNetOfTax": "None", "ebit": "598400000", "ebitda": "934100000", "netIncome": "533600000"}, {"fiscalDateEnding": "2021-03-31", "reportedCurrency": "USD", "grossProfit": "756500000", "totalRevenue": "2502000000", "costOfRevenue": "1745500000", "costofGoodsAndServicesSold": "1745500000", "operatingIncome": "548500000", "sellingGeneralAndAdministrative": "210300000", "researchAndDevelopment": "21100000", "operatingExpenses": "221600000", "investmentIncomeNet": "None", "netInterestIncome": "-36100000", "interestIncome": "33700000", "interestExpense": "36100000", "nonInterestIncome": "None", "otherNonOperatingIncome": "86600000", "depreciation": "None", "depreciationAndAmortization": "329300000", "incomeBeforeTax": "599000000", "incomeTaxExpense": "121900000", "interestAndDebtExpense": "None", "netIncomeFromContinuingOperations": "477100000", "comprehensiveIncomeNetOfTax": "None", "ebit": "555800000", "ebitda": "885100000", "netIncome": "473100000"}, {"fiscalDateEnding": "2020-12-31", "reportedCurrency": "USD", "grossProfit": "742800000", "totalRevenue": "2375200000", "costOfRevenue": "1632400000", "costofGoodsAndServicesSold": "1632400000", "operatingIncome": "539100000", "sellingGeneralAndAdministrative": "202700000", "researchAndDevelopment": "23500000", "operatingExpenses": "203700000", "investmentIncomeNet": "None", "netInterestIncome": "-36700000", "interestIncome": "32600000", "interestExpense": "36700000", "nonInterestIncome": "None", "otherNonOperatingIncome": "87900000", "depreciation": "None", "depreciationAndAmortization": "323700000", "incomeBeforeTax": "590300000", "incomeTaxExpense": "113900000", "interestAndDebtExpense": "None", "netIncomeFromContinuingOperations": "476400000", "comprehensiveIncomeNetOfTax": "None", "ebit": "562500000", "ebitda": "886200000", "netIncome": "482000000"}, {"fiscalDateEnding": "2020-09-30", "reportedCurrency": "USD", "grossProfit": "753600000", "totalRevenue": "2320100000", "costOfRevenue": "1566500000", "costofGoodsAndServicesSold": "1566500000", "operatingIncome": "560200000", "sellingGeneralAndAdministrative": "195600000", "researchAndDevelopment": "27100000", "operatingExpenses": "193400000", "investmentIncomeNet": "None", "netInterestIncome": "-39200000", "interestIncome": "28000000", "interestExpense": "39200000", "nonInterestIncome": "None", "otherNonOperatingIncome": "73600000", "depreciation": "None", "depreciationAndAmortization": "310500000", "incomeBeforeTax": "594600000", "incomeTaxExpense": "99900000", "interestAndDebtExpense": "None", "netIncomeFromContinuingOperations": "494700000", "comprehensiveIncomeNetOfTax": "None", "ebit": "574600000", "ebitda": "885100000", "netIncome": "486800000"}, {"fiscalDateEnding": "2020-06-30", "reportedCurrency": "USD", "grossProfit": "720300000", "totalRevenue": "2065200000", "costOfRevenue": "1344900000", "costofGoodsAndServicesSold": "1344900000", "operatingIncome": "539200000", "sellingGeneralAndAdministrative": "176900000", "researchAndDevelopment": "19900000", "operatingExpenses": "181100000", "investmentIncomeNet": "None", "netInterestIncome": "-32100000", "interestIncome": "19100000", "interestExpense": "32100000", "nonInterestIncome": "None", "otherNonOperatingIncome": "59300000", "depreciation": "None", "depreciationAndAmortization": "290600000", "incomeBeforeTax": "566400000", "incomeTaxExpense": "109300000", "interestAndDebtExpense": "None", "netIncomeFromContinuingOperations": "457100000", "comprehensiveIncomeNetOfTax": "None", "ebit": "549400000", "ebitda": "840000000", "netIncome": "446500000"}, {"fiscalDateEnding": "2020-03-31", "reportedCurrency": "USD", "grossProfit": "756200000", "totalRevenue": "2216300000", "costOfRevenue": "1460100000", "costofGoodsAndServicesSold": "1460100000", "operatingIncome": "577200000", "sellingGeneralAndAdministrative": "167900000", "researchAndDevelopment": "19200000", "operatingExpenses": "179000000", "investmentIncomeNet": "None", "netInterestIncome": "-19300000", "interestIncome": "70100000", "interestExpense": "19300000", "nonInterestIncome": "None", "otherNonOperatingIncome": "95300000", "depreciation": "None", "depreciationAndAmortization": "294700000", "incomeBeforeTax": "653200000", "incomeTaxExpense": "148500000", "interestAndDebtExpense": "None", "netIncomeFromContinuingOperations": "504700000", "comprehensiveIncomeNetOfTax": "None", "ebit": "550700000", "ebitda": "845400000", "netIncome": "477800000"}, {"fiscalDateEnding": "2019-12-31", "reportedCurrency": "USD", "grossProfit": "768100000", "totalRevenue": "2254700000", "costOfRevenue": "1486600000", "costofGoodsAndServicesSold": "1486600000", "operatingIncome": "561000000", "sellingGeneralAndAdministrative": "201700000", "researchAndDevelopment": "17700000", "operatingExpenses": "207100000", "investmentIncomeNet": "None", "netInterestIncome": "-18700000", "interestIncome": "39700000", "interestExpense": "18700000", "nonInterestIncome": "None", "otherNonOperatingIncome": "67300000", "depreciation": "None", "depreciationAndAmortization": "289200000", "incomeBeforeTax": "609600000", "incomeTaxExpense": "120700000", "interestAndDebtExpense": "None", "netIncomeFromContinuingOperations": "488900000", "comprehensiveIncomeNetOfTax": "None", "ebit": "572500000", "ebitda": "861700000", "netIncome": "475600000"}, {"fiscalDateEnding": "2019-09-30", "reportedCurrency": "USD", "grossProfit": "792400000", "totalRevenue": "2283200000", "costOfRevenue": "1490800000", "costofGoodsAndServicesSold": "1490800000", "operatingIncome": "603200000", "sellingGeneralAndAdministrative": "181900000", "researchAndDevelopment": "22900000", "operatingExpenses": "189200000", "investmentIncomeNet": "None", "netInterestIncome": "-30100000", "interestIncome": "29800000", "interestExpense": "30100000", "nonInterestIncome": "None", "otherNonOperatingIncome": "None", "depreciation": "None", "depreciationAndAmortization": "293600000", "incomeBeforeTax": "649900000", "incomeTaxExpense": "131200000", "interestAndDebtExpense": "None", "netIncomeFromContinuingOperations": "518700000", "comprehensiveIncomeNetOfTax": "None", "ebit": "641600000", "ebitda": "935200000", "netIncome": "503200000"}, {"fiscalDateEnding": "2019-06-30", "reportedCurrency": "USD", "grossProfit": "758000000", "totalRevenue": "2224000000", "costOfRevenue": "1466000000", "costofGoodsAndServicesSold": "1466000000", "operatingIncome": "569700000", "sellingGeneralAndAdministrative": "188500000", "researchAndDevelopment": "18100000", "operatingExpenses": "191900000", "investmentIncomeNet": "None", "netInterestIncome": "-34200000", "interestIncome": "22200000", "interestExpense": "34200000", "nonInterestIncome": "None", "otherNonOperatingIncome": "74000000", "depreciation": "None", "depreciationAndAmortization": "269100000", "incomeBeforeTax": "609500000", "incomeTaxExpense": "109300000", "interestAndDebtExpense": "None", "netIncomeFromContinuingOperations": "500200000", "comprehensiveIncomeNetOfTax": "None", "ebit": "572000000", "ebitda": "841100000", "netIncome": "488000000"}, {"fiscalDateEnding": "2019-03-31", "reportedCurrency": "USD", "grossProfit": "713000000", "totalRevenue": "2187700000", "costOfRevenue": "1474700000", "costofGoodsAndServicesSold": "1474700000", "operatingIncome": "516500000", "sellingGeneralAndAdministrative": "190000000", "researchAndDevelopment": "16900000", "operatingExpenses": "196500000", "investmentIncomeNet": "None", "netInterestIncome": "-35400000", "interestIncome": "None", "interestExpense": "35400000", "nonInterestIncome": "None", "otherNonOperatingIncome": "59900000", "depreciation": "None", "depreciationAndAmortization": "262100000", "incomeBeforeTax": "541000000", "incomeTaxExpense": "107500000", "interestAndDebtExpense": "None", "netIncomeFromContinuingOperations": "433500000", "comprehensiveIncomeNetOfTax": "None", "ebit": "543600000", "ebitda": "805700000", "netIncome": "421300000"}, {"fiscalDateEnding": "2018-12-31", "reportedCurrency": "USD", "grossProfit": "680000000", "totalRevenue": "2224000000", "costOfRevenue": "1544000000", "costofGoodsAndServicesSold": "1544000000", "operatingIncome": "455000000", "sellingGeneralAndAdministrative": "189600000", "researchAndDevelopment": "15000000", "operatingExpenses": "196000000", "investmentIncomeNet": "None", "netInterestIncome": "None", "interestIncome": "None", "interestExpense": "37300000", "nonInterestIncome": "None", "otherNonOperatingIncome": "71400000", "depreciation": "None", "depreciationAndAmortization": "258000000", "incomeBeforeTax": "489100000", "incomeTaxExpense": "132100000", "interestAndDebtExpense": "None", "netIncomeFromContinuingOperations": "357000000", "comprehensiveIncomeNetOfTax": "None", "ebit": "476300000", "ebitda": "734300000", "netIncome": "347500000"}, {"fiscalDateEnding": "2018-09-30", "reportedCurrency": "USD", "grossProfit": "733100000", "totalRevenue": "2298900000", "costOfRevenue": "1565800000", "costofGoodsAndServicesSold": "1565800000", "operatingIncome": "533700000", "sellingGeneralAndAdministrative": "186000000", "researchAndDevelopment": "20400000", "operatingExpenses": "199400000", "investmentIncomeNet": "None", "netInterestIncome": "None", "interestIncome": "None", "interestExpense": "35400000", "nonInterestIncome": "None", "otherNonOperatingIncome": "30600000", "depreciation": "None", "depreciationAndAmortization": "257200000", "incomeBeforeTax": "528900000", "incomeTaxExpense": "69200000", "interestAndDebtExpense": "None", "netIncomeFromContinuingOperations": "459700000", "comprehensiveIncomeNetOfTax": "None", "ebit": "537200000", "ebitda": "794400000", "netIncome": "452900000"}, {"fiscalDateEnding": "2018-06-30", "reportedCurrency": "USD", "grossProfit": "713600000", "totalRevenue": "2259000000", "costOfRevenue": "1545400000", "costofGoodsAndServicesSold": "1545400000", "operatingIncome": "515800000", "sellingGeneralAndAdministrative": "188600000", "researchAndDevelopment": "15000000", "operatingExpenses": "197800000", "investmentIncomeNet": "None", "netInterestIncome": "None", "interestIncome": "None", "interestExpense": "34900000", "nonInterestIncome": "None", "otherNonOperatingIncome": "70900000", "depreciation": "None", "depreciationAndAmortization": "245600000", "incomeBeforeTax": "551800000", "incomeTaxExpense": "107100000", "interestAndDebtExpense": "None", "netIncomeFromContinuingOperations": "444700000", "comprehensiveIncomeNetOfTax": "None", "ebit": "516700000", "ebitda": "762300000", "netIncome": "473900000"}, {"fiscalDateEnding": "2018-03-31", "reportedCurrency": "USD", "grossProfit": "649200000", "totalRevenue": "2155700000", "costOfRevenue": "1506500000", "costofGoodsAndServicesSold": "1506500000", "operatingIncome": "455400000", "sellingGeneralAndAdministrative": "194600000", "researchAndDevelopment": "14500000", "operatingExpenses": "193800000", "investmentIncomeNet": "None", "netInterestIncome": "None", "interestIncome": "None", "interestExpense": "30400000", "nonInterestIncome": "None", "otherNonOperatingIncome": "54800000", "depreciation": "None", "depreciationAndAmortization": "240000000", "incomeBeforeTax": "479800000", "incomeTaxExpense": "56200000", "interestAndDebtExpense": "None", "netIncomeFromContinuingOperations": "423600000", "comprehensiveIncomeNetOfTax": "None", "ebit": "454000000", "ebitda": "694000000", "netIncome": "416400000"}, {"fiscalDateEnding": "2017-12-31", "reportedCurrency": "USD", "grossProfit": "644800000", "totalRevenue": "2216600000", "costOfRevenue": "1571800000", "costofGoodsAndServicesSold": "1571800000", "operatingIncome": "460700000", "sellingGeneralAndAdministrative": "191600000", "researchAndDevelopment": "14600000", "operatingExpenses": "184100000", "investmentIncomeNet": "None", "netInterestIncome": "None", "interestIncome": "None", "interestExpense": "29800000", "nonInterestIncome": "None", "otherNonOperatingIncome": "23600000", "depreciation": "None", "depreciationAndAmortization": "227900000", "incomeBeforeTax": "454500000", "incomeTaxExpense": "291800000", "interestAndDebtExpense": "None", "netIncomeFromContinuingOperations": "162700000", "comprehensiveIncomeNetOfTax": "None", "ebit": "462500000", "ebitda": "690400000", "netIncome": "154600000"}, {"fiscalDateEnding": "2017-09-30", "reportedCurrency": "USD", "grossProfit": "657800000", "totalRevenue": "2203100000", "costOfRevenue": "1545300000", "costofGoodsAndServicesSold": "1545300000", "operatingIncome": "455700000", "sellingGeneralAndAdministrative": "188400000", "researchAndDevelopment": "13300000", "operatingExpenses": "153700000", "investmentIncomeNet": "None", "netInterestIncome": "None", "interestIncome": "None", "interestExpense": "30800000", "nonInterestIncome": "None", "otherNonOperatingIncome": "54300000", "depreciation": "None", "depreciationAndAmortization": "231000000", "incomeBeforeTax": "479200000", "incomeTaxExpense": "-1300000", "interestAndDebtExpense": "None", "netIncomeFromContinuingOperations": "480500000", "comprehensiveIncomeNetOfTax": "None", "ebit": "438700000", "ebitda": "669700000", "netIncome": "468700000"}, {"fiscalDateEnding": "2017-06-30", "reportedCurrency": "USD", "grossProfit": "635700000", "totalRevenue": "2121900000", "costOfRevenue": "1486200000", "costofGoodsAndServicesSold": "1486200000", "operatingIncome": "252600000", "sellingGeneralAndAdministrative": "190000000", "researchAndDevelopment": "14600000", "operatingExpenses": "178300000", "investmentIncomeNet": "None", "netInterestIncome": "None", "interestIncome": "None", "interestExpense": "29800000", "nonInterestIncome": "None", "otherNonOperatingIncome": "-27100000", "depreciation": "None", "depreciationAndAmortization": "216900000", "incomeBeforeTax": "195700000", "incomeTaxExpense": "89300000", "interestAndDebtExpense": "None", "netIncomeFromContinuingOperations": "106400000", "comprehensiveIncomeNetOfTax": "None", "ebit": "459800000", "ebitda": "676700000", "netIncome": "101900000"}, {"fiscalDateEnding": "2017-03-31", "reportedCurrency": "USD", "grossProfit": "576300000", "totalRevenue": "1980100000", "costOfRevenue": "1403800000", "costofGoodsAndServicesSold": "1403800000", "operatingIncome": "391200000", "sellingGeneralAndAdministrative": "182000000", "researchAndDevelopment": "14800000", "operatingExpenses": "174800000", "investmentIncomeNet": "None", "netInterestIncome": "None", "interestIncome": "None", "interestExpense": "30500000", "nonInterestIncome": "None", "otherNonOperatingIncome": "43900000", "depreciation": "None", "depreciationAndAmortization": "211800000", "incomeBeforeTax": "404600000", "incomeTaxExpense": "94500000", "interestAndDebtExpense": "None", "netIncomeFromContinuingOperations": "310100000", "comprehensiveIncomeNetOfTax": "None", "ebit": "408400000", "ebitda": "620200000", "netIncome": "2130000000"}, {"fiscalDateEnding": "2016-12-31", "reportedCurrency": "USD", "grossProfit": "564400000", "totalRevenue": "1882500000", "costOfRevenue": "1318100000", "costofGoodsAndServicesSold": "1318100000", "operatingIncome": "328100000", "sellingGeneralAndAdministrative": "165700000", "researchAndDevelopment": "15100000", "operatingExpenses": "156100000", "investmentIncomeNet": "None", "netInterestIncome": "None", "interestIncome": "None", "interestExpense": "29500000", "nonInterestIncome": "None", "otherNonOperatingIncome": "38000000", "depreciation": "None", "depreciationAndAmortization": "206100000", "incomeBeforeTax": "336600000", "incomeTaxExpense": "78400000", "interestAndDebtExpense": "None", "netIncomeFromContinuingOperations": "258200000", "comprehensiveIncomeNetOfTax": "None", "ebit": "403700000", "ebitda": "609800000", "netIncome": "299800000"}, {"fiscalDateEnding": "2016-09-30", "reportedCurrency": "USD", "grossProfit": "814300000", "totalRevenue": "2463000000", "costOfRevenue": "1648700000", "costofGoodsAndServicesSold": "1648700000", "operatingIncome": "547000000", "sellingGeneralAndAdministrative": "221600000", "researchAndDevelopment": "33200000", "operatingExpenses": "232900000", "investmentIncomeNet": "None", "netInterestIncome": "None", "interestIncome": "None", "interestExpense": "32600000", "nonInterestIncome": "None", "otherNonOperatingIncome": "33100000", "depreciation": "None", "depreciationAndAmortization": "159200000", "incomeBeforeTax": "547500000", "incomeTaxExpense": "138600000", "interestAndDebtExpense": "None", "netIncomeFromContinuingOperations": "423100000", "comprehensiveIncomeNetOfTax": "None", "ebit": "642300000", "ebitda": "801500000", "netIncome": "394000000"}, {"fiscalDateEnding": "2016-06-30", "reportedCurrency": "USD", "grossProfit": "795100000", "totalRevenue": "2434400000", "costOfRevenue": "1639300000", "costofGoodsAndServicesSold": "1639300000", "operatingIncome": "535100000", "sellingGeneralAndAdministrative": "213000000", "researchAndDevelopment": "34100000", "operatingExpenses": "236300000", "investmentIncomeNet": "None", "netInterestIncome": "None", "interestIncome": "None", "interestExpense": "35100000", "nonInterestIncome": "None", "otherNonOperatingIncome": "42400000", "depreciation": "None", "depreciationAndAmortization": "230600000", "incomeBeforeTax": "542500000", "incomeTaxExpense": "179500000", "interestAndDebtExpense": "None", "netIncomeFromContinuingOperations": "363000000", "comprehensiveIncomeNetOfTax": "None", "ebit": "403600000", "ebitda": "634200000", "netIncome": "346800000"}, {"fiscalDateEnding": "2016-03-31", "reportedCurrency": "USD", "grossProfit": "752200000", "totalRevenue": "2271200000", "costOfRevenue": "1519000000", "costofGoodsAndServicesSold": "1519000000", "operatingIncome": "513300000", "sellingGeneralAndAdministrative": "209700000", "researchAndDevelopment": "32700000", "operatingExpenses": "222900000", "investmentIncomeNet": "None", "netInterestIncome": "None", "interestIncome": "None", "interestExpense": "25700000", "nonInterestIncome": "None", "otherNonOperatingIncome": "32500000", "depreciation": "None", "depreciationAndAmortization": "232100000", "incomeBeforeTax": "520100000", "incomeTaxExpense": "132500000", "interestAndDebtExpense": "None", "netIncomeFromContinuingOperations": "387600000", "comprehensiveIncomeNetOfTax": "None", "ebit": "373900000", "ebitda": "606000000", "netIncome": "-473300000"}, {"fiscalDateEnding": "2015-12-31", "reportedCurrency": "USD", "grossProfit": "757800000", "totalRevenue": "2355800000", "costOfRevenue": "1598000000", "costofGoodsAndServicesSold": "1598000000", "operatingIncome": "493000000", "sellingGeneralAndAdministrative": "212000000", "researchAndDevelopment": "32400000", "operatingExpenses": "252800000", "investmentIncomeNet": "None", "netInterestIncome": "None", "interestIncome": "None", "interestExpense": "22200000", "nonInterestIncome": "None", "otherNonOperatingIncome": "33700000", "depreciation": "None", "depreciationAndAmortization": "232700000", "incomeBeforeTax": "504500000", "incomeTaxExpense": "132500000", "interestAndDebtExpense": "None", "netIncomeFromContinuingOperations": "372000000", "comprehensiveIncomeNetOfTax": "None", "ebit": "366900000", "ebitda": "599600000", "netIncome": "363600000"}, {"fiscalDateEnding": "2015-09-30", "reportedCurrency": "USD", "grossProfit": "752300000", "totalRevenue": "2449400000", "costOfRevenue": "1697100000", "costofGoodsAndServicesSold": "1697100000", "operatingIncome": "472200000", "sellingGeneralAndAdministrative": "207400000", "researchAndDevelopment": "33300000", "operatingExpenses": "210900000", "investmentIncomeNet": "None", "netInterestIncome": "None", "interestIncome": "None", "interestExpense": "22800000", "nonInterestIncome": "None", "otherNonOperatingIncome": "19400000", "depreciation": "None", "depreciationAndAmortization": "234600000", "incomeBeforeTax": "468800000", "incomeTaxExpense": "118800000", "interestAndDebtExpense": "None", "netIncomeFromContinuingOperations": "350000000", "comprehensiveIncomeNetOfTax": "None", "ebit": "519600000", "ebitda": "754200000", "netIncome": "344500000"}, {"fiscalDateEnding": "2015-06-30", "reportedCurrency": "USD", "grossProfit": "753800000", "totalRevenue": "2470200000", "costOfRevenue": "1716400000", "costofGoodsAndServicesSold": "1716400000", "operatingIncome": "422500000", "sellingGeneralAndAdministrative": "243800000", "researchAndDevelopment": "33800000", "operatingExpenses": "273100000", "investmentIncomeNet": "None", "netInterestIncome": "None", "interestIncome": "None", "interestExpense": "28200000", "nonInterestIncome": "None", "otherNonOperatingIncome": "42400000", "depreciation": "None", "depreciationAndAmortization": "233000000", "incomeBeforeTax": "436700000", "incomeTaxExpense": "103500000", "interestAndDebtExpense": "None", "netIncomeFromContinuingOperations": "333200000", "comprehensiveIncomeNetOfTax": "None", "ebit": "488900000", "ebitda": "721900000", "netIncome": "318800000"}, {"fiscalDateEnding": "2015-03-31", "reportedCurrency": "USD", "grossProfit": "714900000", "totalRevenue": "2414500000", "costOfRevenue": "1699600000", "costofGoodsAndServicesSold": "1699600000", "operatingIncome": "374400000", "sellingGeneralAndAdministrative": "253500000", "researchAndDevelopment": "36300000", "operatingExpenses": "285100000", "investmentIncomeNet": "None", "netInterestIncome": "None", "interestIncome": "None", "interestExpense": "23400000", "nonInterestIncome": "None", "otherNonOperatingIncome": "33000000", "depreciation": "None", "depreciationAndAmortization": "233300000", "incomeBeforeTax": "384000000", "incomeTaxExpense": "87100000", "interestAndDebtExpense": "None", "netIncomeFromContinuingOperations": "296900000", "comprehensiveIncomeNetOfTax": "None", "ebit": "452300000", "ebitda": "685600000", "netIncome": "290000000"}, {"fiscalDateEnding": "2014-12-31", "reportedCurrency": "USD", "grossProfit": "729800000", "totalRevenue": "2560800000", "costOfRevenue": "1831000000", "costofGoodsAndServicesSold": "1831000000", "operatingIncome": "430000000", "sellingGeneralAndAdministrative": "258200000", "researchAndDevelopment": "35400000", "operatingExpenses": "285300000", "investmentIncomeNet": "None", "netInterestIncome": "None", "interestIncome": "None", "interestExpense": "29100000", "nonInterestIncome": "None", "otherNonOperatingIncome": "43100000", "depreciation": "None", "depreciationAndAmortization": "235500000", "incomeBeforeTax": "444000000", "incomeTaxExpense": "106500000", "interestAndDebtExpense": "None", "netIncomeFromContinuingOperations": "337500000", "comprehensiveIncomeNetOfTax": "None", "ebit": "444300000", "ebitda": "679800000", "netIncome": "324600000"}, {"fiscalDateEnding": "2014-09-30", "reportedCurrency": "USD", "grossProfit": "744600000", "totalRevenue": "2677000000", "costOfRevenue": "1932400000", "costofGoodsAndServicesSold": "1932400000", "operatingIncome": "144100000", "sellingGeneralAndAdministrative": "248500000", "researchAndDevelopment": "40900000", "operatingExpenses": "277700000", "investmentIncomeNet": "None", "netInterestIncome": "None", "interestIncome": "None", "interestExpense": "29000000", "nonInterestIncome": "None", "otherNonOperatingIncome": "39700000", "depreciation": "None", "depreciationAndAmortization": "254600000", "incomeBeforeTax": "154800000", "incomeTaxExpense": "77300000", "interestAndDebtExpense": "None", "netIncomeFromContinuingOperations": "77500000", "comprehensiveIncomeNetOfTax": "None", "ebit": "183800000", "ebitda": "438400000", "netIncome": "104000000"}, {"fiscalDateEnding": "2014-06-30", "reportedCurrency": "USD", "grossProfit": "715900000", "totalRevenue": "2634600000", "costOfRevenue": "1918700000", "costofGoodsAndServicesSold": "1918700000", "operatingIncome": "413800000", "sellingGeneralAndAdministrative": "272000000", "researchAndDevelopment": "33800000", "operatingExpenses": "302100000", "investmentIncomeNet": "None", "netInterestIncome": "None", "interestIncome": "None", "interestExpense": "31300000", "nonInterestIncome": "None", "otherNonOperatingIncome": "43100000", "depreciation": "None", "depreciationAndAmortization": "239000000", "incomeBeforeTax": "425600000", "incomeTaxExpense": "102100000", "interestAndDebtExpense": "None", "netIncomeFromContinuingOperations": "323500000", "comprehensiveIncomeNetOfTax": "None", "ebit": "418500000", "ebitda": "657500000", "netIncome": "314000000"}, {"fiscalDateEnding": "2014-03-31", "reportedCurrency": "USD", "grossProfit": "664300000", "totalRevenue": "2581900000", "costOfRevenue": "1917600000", "costofGoodsAndServicesSold": "1917600000", "operatingIncome": "384700000", "sellingGeneralAndAdministrative": "263400000", "researchAndDevelopment": "33200000", "operatingExpenses": "279600000", "investmentIncomeNet": "None", "netInterestIncome": "None", "interestIncome": "None", "interestExpense": "31500000", "nonInterestIncome": "None", "otherNonOperatingIncome": "30400000", "depreciation": "None", "depreciationAndAmortization": "229100000", "incomeBeforeTax": "383600000", "incomeTaxExpense": "92100000", "interestAndDebtExpense": "None", "netIncomeFromContinuingOperations": "291500000", "comprehensiveIncomeNetOfTax": "None", "ebit": "385000000", "ebitda": "614100000", "netIncome": "283500000"}, {"fiscalDateEnding": "2013-12-31", "reportedCurrency": "USD", "grossProfit": "679600000", "totalRevenue": "2545500000", "costOfRevenue": "1865900000", "costofGoodsAndServicesSold": "1865900000", "operatingIncome": "385600000", "sellingGeneralAndAdministrative": "280900000", "researchAndDevelopment": "33500000", "operatingExpenses": "294000000", "investmentIncomeNet": "None", "netInterestIncome": "None", "interestIncome": "None", "interestExpense": "33300000", "nonInterestIncome": "None", "otherNonOperatingIncome": "38200000", "depreciation": "None", "depreciationAndAmortization": "234200000", "incomeBeforeTax": "390500000", "incomeTaxExpense": "94500000", "interestAndDebtExpense": "None", "netIncomeFromContinuingOperations": "296000000", "comprehensiveIncomeNetOfTax": "None", "ebit": "385500000", "ebitda": "619700000", "netIncome": "290200000"}, {"fiscalDateEnding": "2013-09-30", "reportedCurrency": "USD", "grossProfit": "703600000", "totalRevenue": "2586500000", "costOfRevenue": "1882900000", "costofGoodsAndServicesSold": "1882900000", "operatingIncome": "179200000", "sellingGeneralAndAdministrative": "278200000", "researchAndDevelopment": "34600000", "operatingExpenses": "292800000", "investmentIncomeNet": "None", "netInterestIncome": "None", "interestIncome": "None", "interestExpense": "35400000", "nonInterestIncome": "None", "otherNonOperatingIncome": "None", "depreciation": "None", "depreciationAndAmortization": "232600000", "incomeBeforeTax": "186200000", "incomeTaxExpense": "25800000", "interestAndDebtExpense": "None", "netIncomeFromContinuingOperations": "0", "comprehensiveIncomeNetOfTax": "None", "ebit": "402100000", "ebitda": "634700000", "netIncome": "137100000"}, {"fiscalDateEnding": "2013-06-30", "reportedCurrency": "USD", "grossProfit": "671800000", "totalRevenue": "2547300000", "costOfRevenue": "1875500000", "costofGoodsAndServicesSold": "1875500000", "operatingIncome": "383100000", "sellingGeneralAndAdministrative": "271300000", "researchAndDevelopment": "33500000", "operatingExpenses": "288700000", "investmentIncomeNet": "None", "netInterestIncome": "None", "interestIncome": "None", "interestExpense": "35400000", "nonInterestIncome": "None", "otherNonOperatingIncome": "None", "depreciation": "None", "depreciationAndAmortization": "229700000", "incomeBeforeTax": "391900000", "incomeTaxExpense": "94100000", "interestAndDebtExpense": "None", "netIncomeFromContinuingOperations": "0", "comprehensiveIncomeNetOfTax": "None", "ebit": "427300000", "ebitda": "657000000", "netIncome": "288400000"}, {"fiscalDateEnding": "2013-03-31", "reportedCurrency": "USD", "grossProfit": "670600000", "totalRevenue": "2484200000", "costOfRevenue": "1813600000", "costofGoodsAndServicesSold": "1813600000", "operatingIncome": "389700000", "sellingGeneralAndAdministrative": "266600000", "researchAndDevelopment": "32300000", "operatingExpenses": "280900000", "investmentIncomeNet": "None", "netInterestIncome": "None", "interestIncome": "None", "interestExpense": "35200000", "nonInterestIncome": "None", "otherNonOperatingIncome": "None", "depreciation": "None", "depreciationAndAmortization": "226200000", "incomeBeforeTax": "394300000", "incomeTaxExpense": "95800000", "interestAndDebtExpense": "None", "netIncomeFromContinuingOperations": "0", "comprehensiveIncomeNetOfTax": "None", "ebit": "429500000", "ebitda": "655700000", "netIncome": "290400000"}, {"fiscalDateEnding": "2012-12-31", "reportedCurrency": "USD", "grossProfit": "662300000", "totalRevenue": "2562400000", "costOfRevenue": "1900100000", "costofGoodsAndServicesSold": "1900100000", "operatingIncome": "372400000", "sellingGeneralAndAdministrative": "268200000", "researchAndDevelopment": "33300000", "operatingExpenses": "289900000", "investmentIncomeNet": "None", "netInterestIncome": "None", "interestIncome": "None", "interestExpense": "35800000", "nonInterestIncome": "None", "otherNonOperatingIncome": "41400000", "depreciation": "None", "depreciationAndAmortization": "218500000", "incomeBeforeTax": "378000000", "incomeTaxExpense": "92200000", "interestAndDebtExpense": "None", "netIncomeFromContinuingOperations": "285800000", "comprehensiveIncomeNetOfTax": "None", "ebit": "413800000", "ebitda": "632300000", "netIncome": "278300000"}, {"fiscalDateEnding": "2012-09-30", "reportedCurrency": "USD", "grossProfit": "682800000", "totalRevenue": "2605800000", "costOfRevenue": "1923000000", "costofGoodsAndServicesSold": "1923000000", "operatingIncome": "157900000", "sellingGeneralAndAdministrative": "248000000", "researchAndDevelopment": "36100000", "operatingExpenses": "274500000", "investmentIncomeNet": "None", "netInterestIncome": "None", "interestIncome": "None", "interestExpense": "38900000", "nonInterestIncome": "None", "otherNonOperatingIncome": "None", "depreciation": "None", "depreciationAndAmortization": "220300000", "incomeBeforeTax": "158500000", "incomeTaxExpense": "17800000", "interestAndDebtExpense": "None", "netIncomeFromContinuingOperations": "0", "comprehensiveIncomeNetOfTax": "None", "ebit": "197400000", "ebitda": "417700000", "netIncome": "138700000"}, {"fiscalDateEnding": "2012-06-30", "reportedCurrency": "USD", "grossProfit": "649300000", "totalRevenue": "2340100000", "costOfRevenue": "1690800000", "costofGoodsAndServicesSold": "1690800000", "operatingIncome": "482800000", "sellingGeneralAndAdministrative": "230400000", "researchAndDevelopment": "32500000", "operatingExpenses": "348800000", "investmentIncomeNet": "None", "netInterestIncome": "None", "interestIncome": "None", "interestExpense": "26000000", "nonInterestIncome": "None", "otherNonOperatingIncome": "None", "depreciation": "None", "depreciationAndAmortization": "212200000", "incomeBeforeTax": "498500000", "incomeTaxExpense": "133300000", "interestAndDebtExpense": "None", "netIncomeFromContinuingOperations": "0", "comprehensiveIncomeNetOfTax": "None", "ebit": "524500000", "ebitda": "736700000", "netIncome": "484500000"}, {"fiscalDateEnding": "2012-03-31", "reportedCurrency": "USD", "grossProfit": "628500000", "totalRevenue": "2344300000", "costOfRevenue": "1715800000", "costofGoodsAndServicesSold": "1715800000", "operatingIncome": "287900000", "sellingGeneralAndAdministrative": "324100000", "researchAndDevelopment": "29800000", "operatingExpenses": "353900000", "investmentIncomeNet": "None", "netInterestIncome": "None", "interestIncome": "None", "interestExpense": "29400000", "nonInterestIncome": "None", "otherNonOperatingIncome": "None", "depreciation": "None", "depreciationAndAmortization": "195800000", "incomeBeforeTax": "294000000", "incomeTaxExpense": "8800000", "interestAndDebtExpense": "None", "netIncomeFromContinuingOperations": "0", "comprehensiveIncomeNetOfTax": "None", "ebit": "332900000", "ebitda": "528700000", "netIncome": "296000000"}, {"fiscalDateEnding": "2011-12-31", "reportedCurrency": "USD", "grossProfit": "648800000", "totalRevenue": "2423100000", "costOfRevenue": "1774300000", "costofGoodsAndServicesSold": "1774300000", "operatingIncome": "384700000", "sellingGeneralAndAdministrative": "248900000", "researchAndDevelopment": "28100000", "operatingExpenses": "289900000", "investmentIncomeNet": "None", "netInterestIncome": "None", "interestIncome": "None", "interestExpense": "29400000", "nonInterestIncome": "None", "otherNonOperatingIncome": "None", "depreciation": "None", "depreciationAndAmortization": "212500000", "incomeBeforeTax": "392400000", "incomeTaxExpense": "136100000", "interestAndDebtExpense": "None", "netIncomeFromContinuingOperations": "0", "comprehensiveIncomeNetOfTax": "None", "ebit": "381400000", "ebitda": "593900000", "netIncome": "248100000"}, {"fiscalDateEnding": "2011-09-30", "reportedCurrency": "USD", "grossProfit": "701000000", "totalRevenue": "2611200000", "costOfRevenue": "1910200000", "costofGoodsAndServicesSold": "1910200000", "operatingIncome": "425300000", "sellingGeneralAndAdministrative": "257500000", "researchAndDevelopment": "32400000", "operatingExpenses": "304100000", "investmentIncomeNet": "None", "netInterestIncome": "None", "interestIncome": "None", "interestExpense": "28600000", "nonInterestIncome": "None", "otherNonOperatingIncome": "55100000", "depreciation": "None", "depreciationAndAmortization": "216600000", "incomeBeforeTax": "451800000", "incomeTaxExpense": "112700000", "interestAndDebtExpense": "None", "netIncomeFromContinuingOperations": "339100000", "comprehensiveIncomeNetOfTax": "None", "ebit": "480400000", "ebitda": "697000000", "netIncome": "324800000"}, {"fiscalDateEnding": "2011-06-30", "reportedCurrency": "USD", "grossProfit": "695700000", "totalRevenue": "2577800000", "costOfRevenue": "1882100000", "costofGoodsAndServicesSold": "1882100000", "operatingIncome": "416800000", "sellingGeneralAndAdministrative": "252900000", "researchAndDevelopment": "29300000", "operatingExpenses": "285500000", "investmentIncomeNet": "None", "netInterestIncome": "None", "interestIncome": "None", "interestExpense": "26500000", "nonInterestIncome": "None", "otherNonOperatingIncome": "39700000", "depreciation": "None", "depreciationAndAmortization": "222200000", "incomeBeforeTax": "430000000", "incomeTaxExpense": "103900000", "interestAndDebtExpense": "None", "netIncomeFromContinuingOperations": "326100000", "comprehensiveIncomeNetOfTax": "None", "ebit": "417500000", "ebitda": "639700000", "netIncome": "326500000"}, {"fiscalDateEnding": "2011-03-31", "reportedCurrency": "USD", "grossProfit": "698800000", "totalRevenue": "2501300000", "costOfRevenue": "1802500000", "costofGoodsAndServicesSold": "1802500000", "operatingIncome": "419500000", "sellingGeneralAndAdministrative": "259400000", "researchAndDevelopment": "27900000", "operatingExpenses": "305300000", "investmentIncomeNet": "None", "netInterestIncome": "None", "interestIncome": "None", "interestExpense": "29400000", "nonInterestIncome": "None", "otherNonOperatingIncome": "31700000", "depreciation": "None", "depreciationAndAmortization": "217500000", "incomeBeforeTax": "421800000", "incomeTaxExpense": "110300000", "interestAndDebtExpense": "None", "netIncomeFromContinuingOperations": "311500000", "comprehensiveIncomeNetOfTax": "None", "ebit": "405700000", "ebitda": "623200000", "netIncome": "304300000"}, {"fiscalDateEnding": "2010-12-31", "reportedCurrency": "USD", "grossProfit": "671200000", "totalRevenue": "2391700000", "costOfRevenue": "1720500000", "costofGoodsAndServicesSold": "1720500000", "operatingIncome": "360600000", "sellingGeneralAndAdministrative": "244600000", "researchAndDevelopment": "29200000", "operatingExpenses": "267100000", "investmentIncomeNet": "None", "netInterestIncome": "None", "interestIncome": "None", "interestExpense": "31000000", "nonInterestIncome": "None", "otherNonOperatingIncome": "27800000", "depreciation": "None", "depreciationAndAmortization": "217600000", "incomeBeforeTax": "357400000", "incomeTaxExpense": "81500000", "interestAndDebtExpense": "None", "netIncomeFromContinuingOperations": "275900000", "comprehensiveIncomeNetOfTax": "None", "ebit": "388400000", "ebitda": "606000000", "netIncome": "268600000"}, {"fiscalDateEnding": "2010-09-30", "reportedCurrency": "USD", "grossProfit": "656500000", "totalRevenue": "2351200000", "costOfRevenue": "1694700000", "costofGoodsAndServicesSold": "1694700000", "operatingIncome": "367000000", "sellingGeneralAndAdministrative": "236400000", "researchAndDevelopment": "31900000", "operatingExpenses": "254800000", "investmentIncomeNet": "None", "netInterestIncome": "None", "interestIncome": "None", "interestExpense": "30800000", "nonInterestIncome": "None", "otherNonOperatingIncome": "None", "depreciation": "None", "depreciationAndAmortization": "214600000", "incomeBeforeTax": "371500000", "incomeTaxExpense": "93500000", "interestAndDebtExpense": "None", "netIncomeFromContinuingOperations": "0", "comprehensiveIncomeNetOfTax": "None", "ebit": "402300000", "ebitda": "616900000", "netIncome": "272100000"}, {"fiscalDateEnding": "2010-06-30", "reportedCurrency": "USD", "grossProfit": "641300000", "totalRevenue": "2252300000", "costOfRevenue": "1611000000", "costofGoodsAndServicesSold": "1611000000", "operatingIncome": "336400000", "sellingGeneralAndAdministrative": "245700000", "researchAndDevelopment": "29300000", "operatingExpenses": "267000000", "investmentIncomeNet": "None", "netInterestIncome": "None", "interestIncome": "None", "interestExpense": "30000000", "nonInterestIncome": "None", "otherNonOperatingIncome": "None", "depreciation": "None", "depreciationAndAmortization": "214400000", "incomeBeforeTax": "338900000", "incomeTaxExpense": "77600000", "interestAndDebtExpense": "None", "netIncomeFromContinuingOperations": "0", "comprehensiveIncomeNetOfTax": "None", "ebit": "368900000", "ebitda": "583300000", "netIncome": "253200000"}, {"fiscalDateEnding": "2010-03-31", "reportedCurrency": "USD", "grossProfit": "620300000", "totalRevenue": "2249000000", "costOfRevenue": "1628700000", "costofGoodsAndServicesSold": "1628700000", "operatingIncome": "340600000", "sellingGeneralAndAdministrative": "240400000", "researchAndDevelopment": "26300000", "operatingExpenses": "279700000", "investmentIncomeNet": "None", "netInterestIncome": "None", "interestIncome": "None", "interestExpense": "29500000", "nonInterestIncome": "None", "otherNonOperatingIncome": "None", "depreciation": "None", "depreciationAndAmortization": "217300000", "incomeBeforeTax": "343300000", "incomeTaxExpense": "84900000", "interestAndDebtExpense": "None", "netIncomeFromContinuingOperations": "0", "comprehensiveIncomeNetOfTax": "None", "ebit": "372800000", "ebitda": "590100000", "netIncome": "252000000"}, {"fiscalDateEnding": "2009-12-31", "reportedCurrency": "USD", "grossProfit": "604900000", "totalRevenue": "2173500000", "costOfRevenue": "1568600000", "costofGoodsAndServicesSold": "1568600000", "operatingIncome": "345000000", "sellingGeneralAndAdministrative": "244100000", "researchAndDevelopment": "27200000", "operatingExpenses": "282700000", "investmentIncomeNet": "None", "netInterestIncome": "None", "interestIncome": "None", "interestExpense": "31600000", "nonInterestIncome": "None", "otherNonOperatingIncome": "None", "depreciation": "None", "depreciationAndAmortization": "217100000", "incomeBeforeTax": "340300000", "incomeTaxExpense": "83500000", "interestAndDebtExpense": "None", "netIncomeFromContinuingOperations": "0", "comprehensiveIncomeNetOfTax": "None", "ebit": "371900000", "ebitda": "589000000", "netIncome": "251800000"}, {"fiscalDateEnding": "2009-09-30", "reportedCurrency": "USD", "grossProfit": "584300000", "totalRevenue": "2129300000", "costOfRevenue": "1545000000", "costofGoodsAndServicesSold": "1545000000", "operatingIncome": "328000000", "sellingGeneralAndAdministrative": "258400000", "researchAndDevelopment": "29400000", "operatingExpenses": "228900000", "investmentIncomeNet": "None", "netInterestIncome": "None", "interestIncome": "None", "interestExpense": "27900000", "nonInterestIncome": "None", "otherNonOperatingIncome": "None", "depreciation": "None", "depreciationAndAmortization": "225500000", "incomeBeforeTax": "332300000", "incomeTaxExpense": "86300000", "interestAndDebtExpense": "None", "netIncomeFromContinuingOperations": "0", "comprehensiveIncomeNetOfTax": "None", "ebit": "360200000", "ebitda": "585700000", "netIncome": "243900000"}, {"fiscalDateEnding": "2009-06-30", "reportedCurrency": "USD", "grossProfit": "548700000", "totalRevenue": "1976200000", "costOfRevenue": "1427500000", "costofGoodsAndServicesSold": "1427500000", "operatingIncome": "143800000", "sellingGeneralAndAdministrative": "364300000", "researchAndDevelopment": "24100000", "operatingExpenses": "416300000", "investmentIncomeNet": "None", "netInterestIncome": "None", "interestIncome": "None", "interestExpense": "27500000", "nonInterestIncome": "None", "otherNonOperatingIncome": "None", "depreciation": "None", "depreciationAndAmortization": "217100000", "incomeBeforeTax": "144800000", "incomeTaxExpense": "25400000", "interestAndDebtExpense": "None", "netIncomeFromContinuingOperations": "0", "comprehensiveIncomeNetOfTax": "None", "ebit": "172300000", "ebitda": "389400000", "netIncome": "113200000"}, {"fiscalDateEnding": "2009-03-31", "reportedCurrency": "USD", "grossProfit": "515500000", "totalRevenue": "1955400000", "costOfRevenue": "1439900000", "costofGoodsAndServicesSold": "1439900000", "operatingIncome": "260400000", "sellingGeneralAndAdministrative": "230600000", "researchAndDevelopment": "29600000", "operatingExpenses": "265300000", "investmentIncomeNet": "None", "netInterestIncome": "None", "interestIncome": "None", "interestExpense": "30000000", "nonInterestIncome": "None", "otherNonOperatingIncome": "None", "depreciation": "None", "depreciationAndAmortization": "197100000", "incomeBeforeTax": "257400000", "incomeTaxExpense": "66500000", "interestAndDebtExpense": "None", "netIncomeFromContinuingOperations": "0", "comprehensiveIncomeNetOfTax": "None", "ebit": "287400000", "ebitda": "484500000", "netIncome": "205600000"}, {"fiscalDateEnding": "2008-12-31", "reportedCurrency": "USD", "grossProfit": "565600000", "totalRevenue": "2195300000", "costOfRevenue": "1629700000", "costofGoodsAndServicesSold": "1629700000", "operatingIncome": "114100000", "sellingGeneralAndAdministrative": "421200000", "researchAndDevelopment": "33200000", "operatingExpenses": "451500000", "investmentIncomeNet": "None", "netInterestIncome": "None", "interestIncome": "None", "interestExpense": "36500000", "nonInterestIncome": "None", "otherNonOperatingIncome": "None", "depreciation": "None", "depreciationAndAmortization": "200600000", "incomeBeforeTax": "102100000", "incomeTaxExpense": "7100000", "interestAndDebtExpense": "None", "netIncomeFromContinuingOperations": "0", "comprehensiveIncomeNetOfTax": "None", "ebit": "138600000", "ebitda": "339200000", "netIncome": "68600000"}, {"fiscalDateEnding": "2008-09-30", "reportedCurrency": "USD", "grossProfit": "599800000", "totalRevenue": "2527600000", "costOfRevenue": "1927800000", "costofGoodsAndServicesSold": "1927800000", "operatingIncome": "718000000", "sellingGeneralAndAdministrative": "132400000", "researchAndDevelopment": "33000000", "operatingExpenses": "-118200000", "investmentIncomeNet": "None", "netInterestIncome": "None", "interestIncome": "None", "interestExpense": "47400000", "nonInterestIncome": "None", "otherNonOperatingIncome": "None", "depreciation": "None", "depreciationAndAmortization": "200300000", "incomeBeforeTax": "706500000", "incomeTaxExpense": "172100000", "interestAndDebtExpense": "None", "netIncomeFromContinuingOperations": "0", "comprehensiveIncomeNetOfTax": "None", "ebit": "718000000", "ebitda": "918300000", "netIncome": "261600000"}, {"fiscalDateEnding": "2008-06-30", "reportedCurrency": "USD", "grossProfit": "735000000", "totalRevenue": "2808000000", "costOfRevenue": "2073000000", "costofGoodsAndServicesSold": "2073000000", "operatingIncome": "67600000", "sellingGeneralAndAdministrative": "321700000", "researchAndDevelopment": "33100000", "operatingExpenses": "667400000", "investmentIncomeNet": "None", "netInterestIncome": "None", "interestIncome": "None", "interestExpense": "44200000", "nonInterestIncome": "None", "otherNonOperatingIncome": "None", "depreciation": "None", "depreciationAndAmortization": "226600000", "incomeBeforeTax": "74500000", "incomeTaxExpense": "16100000", "interestAndDebtExpense": "None", "netIncomeFromContinuingOperations": "0", "comprehensiveIncomeNetOfTax": "None", "ebit": "-159000000", "ebitda": "67600000", "netIncome": "70100000"}, {"fiscalDateEnding": "2008-03-31", "reportedCurrency": "USD", "grossProfit": "701500000", "totalRevenue": "2605300000", "costOfRevenue": "1903800000", "costofGoodsAndServicesSold": "1903800000", "operatingIncome": "338200000", "sellingGeneralAndAdministrative": "311800000", "researchAndDevelopment": "34300000", "operatingExpenses": "363300000", "investmentIncomeNet": "None", "netInterestIncome": "None", "interestIncome": "None", "interestExpense": "39100000", "nonInterestIncome": "None", "otherNonOperatingIncome": "None", "depreciation": "None", "depreciationAndAmortization": "224100000", "incomeBeforeTax": "341500000", "incomeTaxExpense": "83900000", "interestAndDebtExpense": "None", "netIncomeFromContinuingOperations": "0", "comprehensiveIncomeNetOfTax": "None", "ebit": "114100000", "ebitda": "338200000", "netIncome": "314300000"}, {"fiscalDateEnding": "2007-12-31", "reportedCurrency": "USD", "grossProfit": "685100000", "totalRevenue": "2473600000", "costOfRevenue": "1788500000", "costofGoodsAndServicesSold": "1788500000", "operatingIncome": "372000000", "sellingGeneralAndAdministrative": "298200000", "researchAndDevelopment": "30300000", "operatingExpenses": "313100000", "investmentIncomeNet": "None", "netInterestIncome": "None", "interestIncome": "None", "interestExpense": "41000000", "nonInterestIncome": "None", "otherNonOperatingIncome": "None", "depreciation": "None", "depreciationAndAmortization": "218000000", "incomeBeforeTax": "356300000", "incomeTaxExpense": "93200000", "interestAndDebtExpense": "None", "netIncomeFromContinuingOperations": "0", "comprehensiveIncomeNetOfTax": "None", "ebit": "154000000", "ebitda": "372000000", "netIncome": "263700000"}, {"fiscalDateEnding": "2007-09-30", "reportedCurrency": "USD", "grossProfit": "691900000", "totalRevenue": "2537000000", "costOfRevenue": "1845100000", "costofGoodsAndServicesSold": "1845100000", "operatingIncome": "386100000", "sellingGeneralAndAdministrative": "298400000", "researchAndDevelopment": "34600000", "operatingExpenses": "305800000", "investmentIncomeNet": "None", "netInterestIncome": "None", "interestIncome": "None", "interestExpense": "47100000", "nonInterestIncome": "None", "otherNonOperatingIncome": "None", "depreciation": "None", "depreciationAndAmortization": "224900000", "incomeBeforeTax": "377800000", "incomeTaxExpense": "69100000", "interestAndDebtExpense": "None", "netIncomeFromContinuingOperations": "0", "comprehensiveIncomeNetOfTax": "None", "ebit": "386100000", "ebitda": "611000000", "netIncome": "292800000"}, {"fiscalDateEnding": "2007-06-30", "reportedCurrency": "USD", "grossProfit": "691400000", "totalRevenue": "2595000000", "costOfRevenue": "1903600000", "costofGoodsAndServicesSold": "1903600000", "operatingIncome": "364600000", "sellingGeneralAndAdministrative": "304700000", "researchAndDevelopment": "35700000", "operatingExpenses": "326800000", "investmentIncomeNet": "None", "netInterestIncome": "None", "interestIncome": "None", "interestExpense": "47700000", "nonInterestIncome": "None", "otherNonOperatingIncome": "None", "depreciation": "None", "depreciationAndAmortization": "212900000", "incomeBeforeTax": "355900000", "incomeTaxExpense": "62700000", "interestAndDebtExpense": "None", "netIncomeFromContinuingOperations": "0", "comprehensiveIncomeNetOfTax": "None", "ebit": "319400000", "ebitda": "532300000", "netIncome": "284900000"}, {"fiscalDateEnding": "2007-03-31", "reportedCurrency": "USD", "grossProfit": "648900000", "totalRevenue": "2473300000", "costOfRevenue": "1824400000", "costofGoodsAndServicesSold": "1824400000", "operatingIncome": "324700000", "sellingGeneralAndAdministrative": "293100000", "researchAndDevelopment": "35100000", "operatingExpenses": "324200000", "investmentIncomeNet": "None", "netInterestIncome": "None", "interestIncome": "None", "interestExpense": "37800000", "nonInterestIncome": "None", "otherNonOperatingIncome": "None", "depreciation": "None", "depreciationAndAmortization": "200500000", "incomeBeforeTax": "319300000", "incomeTaxExpense": "84300000", "interestAndDebtExpense": "None", "netIncomeFromContinuingOperations": "0", "comprehensiveIncomeNetOfTax": "None", "ebit": "124200000", "ebitda": "324700000", "netIncome": "227600000"}, {"fiscalDateEnding": "2006-12-31", "reportedCurrency": "USD", "grossProfit": "644000000", "totalRevenue": "2432500000", "costOfRevenue": "1788500000", "costofGoodsAndServicesSold": "1788500000", "operatingIncome": "332300000", "sellingGeneralAndAdministrative": "284400000", "researchAndDevelopment": "34800000", "operatingExpenses": "311700000", "investmentIncomeNet": "None", "netInterestIncome": "None", "interestIncome": "None", "interestExpense": "39100000", "nonInterestIncome": "None", "otherNonOperatingIncome": "None", "depreciation": "None", "depreciationAndAmortization": "201700000", "incomeBeforeTax": "323300000", "incomeTaxExpense": "85100000", "interestAndDebtExpense": "None", "netIncomeFromContinuingOperations": "0", "comprehensiveIncomeNetOfTax": "None", "ebit": "307800000", "ebitda": "509500000", "netIncome": "230300000"}, {"fiscalDateEnding": "2006-09-30", "reportedCurrency": "USD", "grossProfit": "581100000", "totalRevenue": "2115000000", "costOfRevenue": "1533900000", "costofGoodsAndServicesSold": "1533900000", "operatingIncome": "216000000", "sellingGeneralAndAdministrative": "266600000", "researchAndDevelopment": "36800000", "operatingExpenses": "365100000", "investmentIncomeNet": "None", "netInterestIncome": "None", "interestIncome": "None", "interestExpense": "41200000", "nonInterestIncome": "None", "otherNonOperatingIncome": "None", "depreciation": "None", "depreciationAndAmortization": "188900000", "incomeBeforeTax": "207500000", "incomeTaxExpense": "47200000", "interestAndDebtExpense": "None", "netIncomeFromContinuingOperations": "0", "comprehensiveIncomeNetOfTax": "None", "ebit": "216000000", "ebitda": "404900000", "netIncome": "128400000"}, {"fiscalDateEnding": "2006-06-30", "reportedCurrency": "USD", "grossProfit": "610100000", "totalRevenue": "2319600000", "costOfRevenue": "1709500000", "costofGoodsAndServicesSold": "1709500000", "operatingIncome": "298100000", "sellingGeneralAndAdministrative": "284000000", "researchAndDevelopment": "39100000", "operatingExpenses": "312000000", "investmentIncomeNet": "None", "netInterestIncome": "None", "interestIncome": "None", "interestExpense": "33500000", "nonInterestIncome": "None", "otherNonOperatingIncome": "None", "depreciation": "None", "depreciationAndAmortization": "198800000", "incomeBeforeTax": "294500000", "incomeTaxExpense": "77800000", "interestAndDebtExpense": "None", "netIncomeFromContinuingOperations": "0", "comprehensiveIncomeNetOfTax": "None", "ebit": "288200000", "ebitda": "487000000", "netIncome": "210300000"}, {"fiscalDateEnding": "2006-03-31", "reportedCurrency": "USD", "grossProfit": "573600000", "totalRevenue": "2317200000", "costOfRevenue": "1743600000", "costofGoodsAndServicesSold": "1743600000", "operatingIncome": "294600000", "sellingGeneralAndAdministrative": "275500000", "researchAndDevelopment": "37700000", "operatingExpenses": "279000000", "investmentIncomeNet": "None", "netInterestIncome": "None", "interestIncome": "None", "interestExpense": "25300000", "nonInterestIncome": "None", "otherNonOperatingIncome": "None", "depreciation": "None", "depreciationAndAmortization": "189000000", "incomeBeforeTax": "293600000", "incomeTaxExpense": "79400000", "interestAndDebtExpense": "None", "netIncomeFromContinuingOperations": "0", "comprehensiveIncomeNetOfTax": "None", "ebit": "278700000", "ebitda": "467700000", "netIncome": "204000000"}, {"fiscalDateEnding": "2005-12-31", "reportedCurrency": "USD", "grossProfit": "527300000", "totalRevenue": "2098600000", "costOfRevenue": "1571300000", "costofGoodsAndServicesSold": "1571300000", "operatingIncome": "252200000", "sellingGeneralAndAdministrative": "254600000", "researchAndDevelopment": "37800000", "operatingExpenses": "275100000", "investmentIncomeNet": "None", "netInterestIncome": "None", "interestIncome": "None", "interestExpense": "26300000", "nonInterestIncome": "None", "otherNonOperatingIncome": "None", "depreciation": "None", "depreciationAndAmortization": "186300000", "incomeBeforeTax": "253700000", "incomeTaxExpense": "66800000", "interestAndDebtExpense": "None", "netIncomeFromContinuingOperations": "0", "comprehensiveIncomeNetOfTax": "None", "ebit": "249700000", "ebitda": "436000000", "netIncome": "180700000"}, {"fiscalDateEnding": "2005-09-30", "reportedCurrency": "USD", "grossProfit": "535600000", "totalRevenue": "2070800000", "costOfRevenue": "1535200000", "costofGoodsAndServicesSold": "1535200000", "operatingIncome": "249200000", "sellingGeneralAndAdministrative": "257100000", "researchAndDevelopment": "33200000", "operatingExpenses": "286400000", "investmentIncomeNet": "None", "netInterestIncome": "None", "interestIncome": "None", "interestExpense": "30000000", "nonInterestIncome": "None", "otherNonOperatingIncome": "None", "depreciation": "None", "depreciationAndAmortization": "196500000", "incomeBeforeTax": "250900000", "incomeTaxExpense": "66300000", "interestAndDebtExpense": "None", "netIncomeFromContinuingOperations": "0", "comprehensiveIncomeNetOfTax": "None", "ebit": "249200000", "ebitda": "445700000", "netIncome": "179000000"}, {"fiscalDateEnding": "2005-06-30", "reportedCurrency": "USD", "grossProfit": "546700000", "totalRevenue": "2078400000", "costOfRevenue": "1531700000", "costofGoodsAndServicesSold": "1531700000", "operatingIncome": "262800000", "sellingGeneralAndAdministrative": "261100000", "researchAndDevelopment": "33300000", "operatingExpenses": "283900000", "investmentIncomeNet": "None", "netInterestIncome": "None", "interestIncome": "None", "interestExpense": "29600000", "nonInterestIncome": "None", "otherNonOperatingIncome": "None", "depreciation": "None", "depreciationAndAmortization": "175300000", "incomeBeforeTax": "263200000", "incomeTaxExpense": "64300000", "interestAndDebtExpense": "None", "netIncomeFromContinuingOperations": "0", "comprehensiveIncomeNetOfTax": "None", "ebit": "87500000", "ebitda": "262800000", "netIncome": "190600000"}, {"fiscalDateEnding": "2005-03-31", "reportedCurrency": "USD", "grossProfit": "534400000", "totalRevenue": "2003300000", "costOfRevenue": "1468900000", "costofGoodsAndServicesSold": "1468900000", "operatingIncome": "252200000", "sellingGeneralAndAdministrative": "257200000", "researchAndDevelopment": "33100000", "operatingExpenses": "282200000", "investmentIncomeNet": "None", "netInterestIncome": "None", "interestIncome": "None", "interestExpense": "29800000", "nonInterestIncome": "None", "otherNonOperatingIncome": "None", "depreciation": "None", "depreciationAndAmortization": "177100000", "incomeBeforeTax": "247600000", "incomeTaxExpense": "67800000", "interestAndDebtExpense": "None", "netIncomeFromContinuingOperations": "0", "comprehensiveIncomeNetOfTax": "None", "ebit": "75100000", "ebitda": "252200000", "netIncome": "175300000"}, {"fiscalDateEnding": "2004-12-31", "reportedCurrency": "USD", "grossProfit": "515500000", "totalRevenue": "1991000000", "costOfRevenue": "1475500000", "costofGoodsAndServicesSold": "1475500000", "operatingIncome": "238300000", "sellingGeneralAndAdministrative": "252800000", "researchAndDevelopment": "33100000", "operatingExpenses": "277200000", "investmentIncomeNet": "None", "netInterestIncome": "None", "interestIncome": "None", "interestExpense": "27800000", "nonInterestIncome": "None", "otherNonOperatingIncome": "None", "depreciation": "None", "depreciationAndAmortization": "179400000", "incomeBeforeTax": "236000000", "incomeTaxExpense": "64900000", "interestAndDebtExpense": "None", "netIncomeFromContinuingOperations": "0", "comprehensiveIncomeNetOfTax": "None", "ebit": "58900000", "ebitda": "238300000", "netIncome": "166800000"}]}