{"symbol": "USB", "annualReports": [{"fiscalDateEnding": "2024-12-31", "reportedCurrency": "USD", "grossProfit": "27335000000", "totalRevenue": "27335000000", "costOfRevenue": "2238000000", "costofGoodsAndServicesSold": "2238000000", "operatingIncome": "7909000000", "sellingGeneralAndAdministrative": "10554000000", "researchAndDevelopment": "None", "operatingExpenses": "14984000000", "investmentIncomeNet": "None", "netInterestIncome": "16289000000", "interestIncome": "31666000000", "interestExpense": "15377000000", "nonInterestIncome": "None", "otherNonOperatingIncome": "None", "depreciation": "None", "depreciationAndAmortization": "939000000", "incomeBeforeTax": "7909000000", "incomeTaxExpense": "1580000000", "interestAndDebtExpense": "None", "netIncomeFromContinuingOperations": "6329000000", "comprehensiveIncomeNetOfTax": "None", "ebit": "7080000000", "ebitda": "8019000000", "netIncome": "6299000000"}, {"fiscalDateEnding": "2023-12-31", "reportedCurrency": "USD", "grossProfit": "28013000000", "totalRevenue": "28013000000", "costOfRevenue": "-2275000000", "costofGoodsAndServicesSold": "-2275000000", "operatingIncome": "7846000000", "sellingGeneralAndAdministrative": "10416000000", "researchAndDevelopment": "None", "operatingExpenses": "28013000000", "investmentIncomeNet": "None", "netInterestIncome": "17396000000", "interestIncome": "30007000000", "interestExpense": "12611000000", "nonInterestIncome": "None", "otherNonOperatingIncome": "None", "depreciation": "None", "depreciationAndAmortization": "1018000000", "incomeBeforeTax": "6865000000", "incomeTaxExpense": "1407000000", "interestAndDebtExpense": "None", "netIncomeFromContinuingOperations": "5458000000", "comprehensiveIncomeNetOfTax": "None", "ebit": "6837000000", "ebitda": "7855000000", "netIncome": "5429000000"}, {"fiscalDateEnding": "2022-12-31", "reportedCurrency": "USD", "grossProfit": "24184000000", "totalRevenue": "24184000000", "costOfRevenue": "None", "costofGoodsAndServicesSold": "None", "operatingIncome": "9243000000", "sellingGeneralAndAdministrative": "9157000000", "researchAndDevelopment": "None", "operatingExpenses": "-13679000000", "investmentIncomeNet": "None", "netInterestIncome": "14728000000", "interestIncome": "17945000000", "interestExpense": "3217000000", "nonInterestIncome": "None", "otherNonOperatingIncome": "None", "depreciation": "None", "depreciationAndAmortization": "560000000", "incomeBeforeTax": "7301000000", "incomeTaxExpense": "1463000000", "interestAndDebtExpense": "None", "netIncomeFromContinuingOperations": "5838000000", "comprehensiveIncomeNetOfTax": "None", "ebit": "6787000000", "ebitda": "7347000000", "netIncome": "5825000000"}, {"fiscalDateEnding": "2021-12-31", "reportedCurrency": "USD", "grossProfit": "23894000000", "totalRevenue": "22721000000", "costOfRevenue": "-1173000000", "costofGoodsAndServicesSold": "-1173000000", "operatingIncome": "11532000000", "sellingGeneralAndAdministrative": "7299000000", "researchAndDevelopment": "None", "operatingExpenses": "12362000000", "investmentIncomeNet": "None", "netInterestIncome": "12494000000", "interestIncome": "13487000000", "interestExpense": "993000000", "nonInterestIncome": "None", "otherNonOperatingIncome": "None", "depreciation": "None", "depreciationAndAmortization": "497000000", "incomeBeforeTax": "10166000000", "incomeTaxExpense": "2181000000", "interestAndDebtExpense": "None", "netIncomeFromContinuingOperations": "7985000000", "comprehensiveIncomeNetOfTax": "None", "ebit": "9278000000", "ebitda": "9775000000", "netIncome": "7963000000"}, {"fiscalDateEnding": "2020-12-31", "reportedCurrency": "USD", "grossProfit": "23226000000", "totalRevenue": "23226000000", "costOfRevenue": "None", "costofGoodsAndServicesSold": "None", "operatingIncome": "6025000000", "sellingGeneralAndAdministrative": "7938000000", "researchAndDevelopment": "None", "operatingExpenses": "-17201000000", "investmentIncomeNet": "None", "netInterestIncome": "12825000000", "interestIncome": "14840000000", "interestExpense": "2015000000", "nonInterestIncome": "None", "otherNonOperatingIncome": "None", "depreciation": "None", "depreciationAndAmortization": "527000000", "incomeBeforeTax": "6051000000", "incomeTaxExpense": "1066000000", "interestAndDebtExpense": "None", "netIncomeFromContinuingOperations": "4985000000", "comprehensiveIncomeNetOfTax": "None", "ebit": "5789000000", "ebitda": "6316000000", "netIncome": "4959000000"}, {"fiscalDateEnding": "2019-12-31", "reportedCurrency": "USD", "grossProfit": "22883000000", "totalRevenue": "22883000000", "costOfRevenue": "None", "costofGoodsAndServicesSold": "None", "operatingIncome": "8562000000", "sellingGeneralAndAdministrative": "7611000000", "researchAndDevelopment": "None", "operatingExpenses": "-14321000000", "investmentIncomeNet": "None", "netInterestIncome": "13052000000", "interestIncome": "17494000000", "interestExpense": "4442000000", "nonInterestIncome": "None", "otherNonOperatingIncome": "None", "depreciation": "None", "depreciationAndAmortization": "502000000", "incomeBeforeTax": "8594000000", "incomeTaxExpense": "1648000000", "interestAndDebtExpense": "None", "netIncomeFromContinuingOperations": "6946000000", "comprehensiveIncomeNetOfTax": "None", "ebit": "8962000000", "ebitda": "9464000000", "netIncome": "6914000000"}, {"fiscalDateEnding": "2018-12-31", "reportedCurrency": "USD", "grossProfit": "22181000000", "totalRevenue": "22521000000", "costOfRevenue": "340000000", "costofGoodsAndServicesSold": "340000000", "operatingIncome": "11904000000", "sellingGeneralAndAdministrative": "7393000000", "researchAndDevelopment": "0", "operatingExpenses": "-10277000000", "investmentIncomeNet": "None", "netInterestIncome": "12919000000", "interestIncome": "16173000000", "interestExpense": "3254000000", "nonInterestIncome": "None", "otherNonOperatingIncome": "None", "depreciation": "None", "depreciationAndAmortization": "467000000", "incomeBeforeTax": "8678000000", "incomeTaxExpense": "1554000000", "interestAndDebtExpense": "None", "netIncomeFromContinuingOperations": "7124000000", "comprehensiveIncomeNetOfTax": "None", "ebit": "8879000000", "ebitda": "9346000000", "netIncome": "7096000000"}, {"fiscalDateEnding": "2017-12-31", "reportedCurrency": "USD", "grossProfit": "21852000000", "totalRevenue": "21852000000", "costOfRevenue": "3534000000", "costofGoodsAndServicesSold": "3534000000", "operatingIncome": "9919000000", "sellingGeneralAndAdministrative": "6932000000", "researchAndDevelopment": "0", "operatingExpenses": "-11933000000", "investmentIncomeNet": "None", "netInterestIncome": "12241000000", "interestIncome": "14385000000", "interestExpense": "2144000000", "nonInterestIncome": "None", "otherNonOperatingIncome": "None", "depreciation": "None", "depreciationAndAmortization": "468000000", "incomeBeforeTax": "7517000000", "incomeTaxExpense": "1264000000", "interestAndDebtExpense": "None", "netIncomeFromContinuingOperations": "6253000000", "comprehensiveIncomeNetOfTax": "None", "ebit": "7701000000", "ebitda": "8169000000", "netIncome": "6218000000"}, {"fiscalDateEnding": "2016-12-31", "reportedCurrency": "USD", "grossProfit": "21105000000", "totalRevenue": "21105000000", "costOfRevenue": "2963000000", "costofGoodsAndServicesSold": "2963000000", "operatingIncome": "9979000000", "sellingGeneralAndAdministrative": "6331000000", "researchAndDevelopment": "0", "operatingExpenses": "-11126000000", "investmentIncomeNet": "None", "netInterestIncome": "11528000000", "interestIncome": "13167000000", "interestExpense": "1639000000", "nonInterestIncome": "None", "otherNonOperatingIncome": "None", "depreciation": "None", "depreciationAndAmortization": "470000000", "incomeBeforeTax": "8105000000", "incomeTaxExpense": "2161000000", "interestAndDebtExpense": "None", "netIncomeFromContinuingOperations": "5944000000", "comprehensiveIncomeNetOfTax": "None", "ebit": "8348000000", "ebitda": "8818000000", "netIncome": "5888000000"}, {"fiscalDateEnding": "2015-12-31", "reportedCurrency": "USD", "grossProfit": "20093000000", "totalRevenue": "20093000000", "costOfRevenue": "2533000000", "costofGoodsAndServicesSold": "2533000000", "operatingIncome": "9684000000", "sellingGeneralAndAdministrative": "5979000000", "researchAndDevelopment": "0", "operatingExpenses": "-10409000000", "investmentIncomeNet": "None", "netInterestIncome": "11001000000", "interestIncome": "12402000000", "interestExpense": "1401000000", "nonInterestIncome": "None", "otherNonOperatingIncome": "None", "depreciation": "None", "depreciationAndAmortization": "174000000", "incomeBeforeTax": "8030000000", "incomeTaxExpense": "2097000000", "interestAndDebtExpense": "None", "netIncomeFromContinuingOperations": "5933000000", "comprehensiveIncomeNetOfTax": "None", "ebit": "8600000000", "ebitda": "8774000000", "netIncome": "5879000000"}, {"fiscalDateEnding": "2014-12-31", "reportedCurrency": "USD", "grossProfit": "19939000000", "totalRevenue": "19939000000", "costOfRevenue": "2682000000", "costofGoodsAndServicesSold": "2682000000", "operatingIncome": "9693000000", "sellingGeneralAndAdministrative": "5564000000", "researchAndDevelopment": "0", "operatingExpenses": "-10246000000", "investmentIncomeNet": "None", "netInterestIncome": "None", "interestIncome": "None", "interestExpense": "1453000000", "nonInterestIncome": "None", "otherNonOperatingIncome": "None", "depreciation": "None", "depreciationAndAmortization": "199000000", "incomeBeforeTax": "7995000000", "incomeTaxExpense": "2087000000", "interestAndDebtExpense": "None", "netIncomeFromContinuingOperations": "5908000000", "comprehensiveIncomeNetOfTax": "None", "ebit": "8666000000", "ebitda": "8865000000", "netIncome": "5851000000"}, {"fiscalDateEnding": "2013-12-31", "reportedCurrency": "USD", "grossProfit": "19378000000", "totalRevenue": "19378000000", "costOfRevenue": "3021000000", "costofGoodsAndServicesSold": "3021000000", "operatingIncome": "9846000000", "sellingGeneralAndAdministrative": "5511000000", "researchAndDevelopment": "0", "operatingExpenses": "-9532000000", "investmentIncomeNet": "None", "netInterestIncome": "None", "interestIncome": "None", "interestExpense": "1681000000", "nonInterestIncome": "None", "otherNonOperatingIncome": "None", "depreciation": "None", "depreciationAndAmortization": "223000000", "incomeBeforeTax": "7764000000", "incomeTaxExpense": "2032000000", "interestAndDebtExpense": "None", "netIncomeFromContinuingOperations": "5732000000", "comprehensiveIncomeNetOfTax": "None", "ebit": "8664000000", "ebitda": "8887000000", "netIncome": "5836000000"}, {"fiscalDateEnding": "2012-12-31", "reportedCurrency": "USD", "grossProfit": "20064000000", "totalRevenue": "20064000000", "costOfRevenue": "4020000000", "costofGoodsAndServicesSold": "4020000000", "operatingIncome": "10308000000", "sellingGeneralAndAdministrative": "5265000000", "researchAndDevelopment": "0", "operatingExpenses": "-9756000000", "investmentIncomeNet": "None", "netInterestIncome": "None", "interestIncome": "None", "interestExpense": "2138000000", "nonInterestIncome": "None", "otherNonOperatingIncome": "None", "depreciation": "None", "depreciationAndAmortization": "274000000", "incomeBeforeTax": "7726000000", "incomeTaxExpense": "2236000000", "interestAndDebtExpense": "None", "netIncomeFromContinuingOperations": "5490000000", "comprehensiveIncomeNetOfTax": "None", "ebit": "10105000000", "ebitda": "10379000000", "netIncome": "5647000000"}, {"fiscalDateEnding": "2011-12-31", "reportedCurrency": "USD", "grossProfit": "18574000000", "totalRevenue": "18883000000", "costOfRevenue": "309000000", "costofGoodsAndServicesSold": "309000000", "operatingIncome": "9495000000", "sellingGeneralAndAdministrative": "4886000000", "researchAndDevelopment": "0", "operatingExpenses": "5290000000", "investmentIncomeNet": "None", "netInterestIncome": "None", "interestIncome": "None", "interestExpense": "2516000000", "nonInterestIncome": "None", "otherNonOperatingIncome": "None", "depreciation": "None", "depreciationAndAmortization": "299000000", "incomeBeforeTax": "6629000000", "incomeTaxExpense": "1841000000", "interestAndDebtExpense": "None", "netIncomeFromContinuingOperations": "None", "comprehensiveIncomeNetOfTax": "None", "ebit": "7409000000", "ebitda": "7708000000", "netIncome": "4872000000"}, {"fiscalDateEnding": "2010-12-31", "reportedCurrency": "USD", "grossProfit": "17939000000", "totalRevenue": "17939000000", "costOfRevenue": "6935000000", "costofGoodsAndServicesSold": "6935000000", "operatingIncome": "7060000000", "sellingGeneralAndAdministrative": "4473000000", "researchAndDevelopment": "0", "operatingExpenses": "3352000000", "investmentIncomeNet": "None", "netInterestIncome": "None", "interestIncome": "None", "interestExpense": "2579000000", "nonInterestIncome": "None", "otherNonOperatingIncome": "None", "depreciation": "None", "depreciationAndAmortization": "367000000", "incomeBeforeTax": "4200000000", "incomeTaxExpense": "935000000", "interestAndDebtExpense": "None", "netIncomeFromContinuingOperations": "3265000000", "comprehensiveIncomeNetOfTax": "None", "ebit": "5749000000", "ebitda": "6116000000", "netIncome": "3317000000"}, {"fiscalDateEnding": "2009-12-31", "reportedCurrency": "USD", "grossProfit": "16470000000", "totalRevenue": "16470000000", "costOfRevenue": "8577000000", "costofGoodsAndServicesSold": "8577000000", "operatingIncome": "5840000000", "sellingGeneralAndAdministrative": "3709000000", "researchAndDevelopment": "0", "operatingExpenses": "2803000000", "investmentIncomeNet": "None", "netInterestIncome": "None", "interestIncome": "None", "interestExpense": "3020000000", "nonInterestIncome": "None", "otherNonOperatingIncome": "None", "depreciation": "None", "depreciationAndAmortization": "387000000", "incomeBeforeTax": "2632000000", "incomeTaxExpense": "395000000", "interestAndDebtExpense": "None", "netIncomeFromContinuingOperations": "None", "comprehensiveIncomeNetOfTax": "None", "ebit": "2852000000", "ebitda": "3239000000", "netIncome": "2205000000"}, {"fiscalDateEnding": "2008-12-31", "reportedCurrency": "USD", "grossProfit": "14543000000", "totalRevenue": "14543000000", "costOfRevenue": "7782000000", "costofGoodsAndServicesSold": "7782000000", "operatingIncome": "8937000000", "sellingGeneralAndAdministrative": "3554000000", "researchAndDevelopment": "None", "operatingExpenses": "-5606000000", "investmentIncomeNet": "None", "netInterestIncome": "None", "interestIncome": "None", "interestExpense": "4686000000", "nonInterestIncome": "None", "otherNonOperatingIncome": "None", "depreciation": "None", "depreciationAndAmortization": "355000000", "incomeBeforeTax": "4033000000", "incomeTaxExpense": "1087000000", "interestAndDebtExpense": "None", "netIncomeFromContinuingOperations": "None", "comprehensiveIncomeNetOfTax": "None", "ebit": "4251000000", "ebitda": "4606000000", "netIncome": "2946000000"}, {"fiscalDateEnding": "2007-12-31", "reportedCurrency": "USD", "grossProfit": "13861000000", "totalRevenue": "13861000000", "costOfRevenue": "7239000000", "costofGoodsAndServicesSold": "7239000000", "operatingIncome": "12654000000", "sellingGeneralAndAdministrative": "3134000000", "researchAndDevelopment": "None", "operatingExpenses": "-1207000000", "investmentIncomeNet": "None", "netInterestIncome": "None", "interestIncome": "None", "interestExpense": "6447000000", "nonInterestIncome": "None", "otherNonOperatingIncome": "None", "depreciation": "None", "depreciationAndAmortization": "619000000", "incomeBeforeTax": "6207000000", "incomeTaxExpense": "1883000000", "interestAndDebtExpense": "None", "netIncomeFromContinuingOperations": "None", "comprehensiveIncomeNetOfTax": "None", "ebit": "6207000000", "ebitda": "6826000000", "netIncome": "4324000000"}, {"fiscalDateEnding": "2006-12-31", "reportedCurrency": "USD", "grossProfit": "13587000000", "totalRevenue": "13587000000", "costOfRevenue": "6066000000", "costofGoodsAndServicesSold": "6066000000", "operatingIncome": "12385000000", "sellingGeneralAndAdministrative": "2994000000", "researchAndDevelopment": "None", "operatingExpenses": "-1202000000", "investmentIncomeNet": "None", "netInterestIncome": "None", "interestIncome": "None", "interestExpense": "5522000000", "nonInterestIncome": "None", "otherNonOperatingIncome": "None", "depreciation": "None", "depreciationAndAmortization": "588000000", "incomeBeforeTax": "6863000000", "incomeTaxExpense": "2112000000", "interestAndDebtExpense": "None", "netIncomeFromContinuingOperations": "None", "comprehensiveIncomeNetOfTax": "None", "ebit": "6863000000", "ebitda": "7451000000", "netIncome": "4751000000"}, {"fiscalDateEnding": "2005-12-31", "reportedCurrency": "USD", "grossProfit": "13100000000", "totalRevenue": "13100000000", "costOfRevenue": "4162000000", "costofGoodsAndServicesSold": "4162000000", "operatingIncome": "10067000000", "sellingGeneralAndAdministrative": "2814000000", "researchAndDevelopment": "None", "operatingExpenses": "-3033000000", "investmentIncomeNet": "None", "netInterestIncome": "None", "interestIncome": "None", "interestExpense": "3496000000", "nonInterestIncome": "None", "otherNonOperatingIncome": "None", "depreciation": "None", "depreciationAndAmortization": "689000000", "incomeBeforeTax": "6571000000", "incomeTaxExpense": "2082000000", "interestAndDebtExpense": "None", "netIncomeFromContinuingOperations": "None", "comprehensiveIncomeNetOfTax": "None", "ebit": "6571000000", "ebitda": "7260000000", "netIncome": "4489000000"}], "quarterlyReports": [{"fiscalDateEnding": "2024-12-31", "reportedCurrency": "USD", "grossProfit": "6979000000", "totalRevenue": "6979000000", "costOfRevenue": "560000000", "costofGoodsAndServicesSold": "560000000", "operatingIncome": "2108000000", "sellingGeneralAndAdministrative": "2607000000", "researchAndDevelopment": "None", "operatingExpenses": "3753000000", "investmentIncomeNet": "None", "netInterestIncome": "4146000000", "interestIncome": "7831000000", "interestExpense": "3685000000", "nonInterestIncome": "None", "otherNonOperatingIncome": "None", "depreciation": "None", "depreciationAndAmortization": "238000000", "incomeBeforeTax": "2108000000", "incomeTaxExpense": "438000000", "interestAndDebtExpense": "None", "netIncomeFromContinuingOperations": "1670000000", "comprehensiveIncomeNetOfTax": "None", "ebit": "1856000000", "ebitda": "2094000000", "netIncome": "1663000000"}, {"fiscalDateEnding": "2024-09-30", "reportedCurrency": "USD", "grossProfit": "6276000000", "totalRevenue": "6276000000", "costOfRevenue": "129000000", "costofGoodsAndServicesSold": "129000000", "operatingIncome": "2048000000", "sellingGeneralAndAdministrative": "2637000000", "researchAndDevelopment": "None", "operatingExpenses": "3773000000", "investmentIncomeNet": "None", "netInterestIncome": "4135000000", "interestIncome": "8086000000", "interestExpense": "3951000000", "nonInterestIncome": "None", "otherNonOperatingIncome": "None", "depreciation": "None", "depreciationAndAmortization": "231000000", "incomeBeforeTax": "2072000000", "incomeTaxExpense": "350000000", "interestAndDebtExpense": "None", "netIncomeFromContinuingOperations": "1722000000", "comprehensiveIncomeNetOfTax": "None", "ebit": "2048000000", "ebitda": "2279000000", "netIncome": "1714000000"}, {"fiscalDateEnding": "2024-06-30", "reportedCurrency": "USD", "grossProfit": "10800000000", "totalRevenue": "6838000000", "costOfRevenue": "-3962000000", "costofGoodsAndServicesSold": "-3962000000", "operatingIncome": "2552000000", "sellingGeneralAndAdministrative": "2619000000", "researchAndDevelopment": "None", "operatingExpenses": "1279000000", "investmentIncomeNet": "None", "netInterestIncome": "4023000000", "interestIncome": "7985000000", "interestExpense": "3962000000", "nonInterestIncome": "None", "otherNonOperatingIncome": "None", "depreciation": "None", "depreciationAndAmortization": "234000000", "incomeBeforeTax": "2056000000", "incomeTaxExpense": "445000000", "interestAndDebtExpense": "None", "netIncomeFromContinuingOperations": "1611000000", "comprehensiveIncomeNetOfTax": "None", "ebit": "2053000000", "ebitda": "2287000000", "netIncome": "1603000000"}, {"fiscalDateEnding": "2024-03-31", "reportedCurrency": "USD", "grossProfit": "6685000000", "totalRevenue": "6685000000", "costOfRevenue": "None", "costofGoodsAndServicesSold": "None", "operatingIncome": "2392000000", "sellingGeneralAndAdministrative": "2691000000", "researchAndDevelopment": "None", "operatingExpenses": "3740000000", "investmentIncomeNet": "None", "netInterestIncome": "3985000000", "interestIncome": "7764000000", "interestExpense": "3779000000", "nonInterestIncome": "None", "otherNonOperatingIncome": "None", "depreciation": "None", "depreciationAndAmortization": "236000000", "incomeBeforeTax": "1673000000", "incomeTaxExpense": "347000000", "interestAndDebtExpense": "None", "netIncomeFromContinuingOperations": "1326000000", "comprehensiveIncomeNetOfTax": "None", "ebit": "1584000000", "ebitda": "1820000000", "netIncome": "1319000000"}, {"fiscalDateEnding": "2023-12-31", "reportedCurrency": "USD", "grossProfit": "6731000000", "totalRevenue": "6731000000", "costOfRevenue": "None", "costofGoodsAndServicesSold": "None", "operatingIncome": "986000000", "sellingGeneralAndAdministrative": "2509000000", "researchAndDevelopment": "None", "operatingExpenses": "-5745000000", "investmentIncomeNet": "None", "netInterestIncome": "4111000000", "interestIncome": "7763000000", "interestExpense": "3652000000", "nonInterestIncome": "None", "otherNonOperatingIncome": "None", "depreciation": "None", "depreciationAndAmortization": "250000000", "incomeBeforeTax": "1000000000", "incomeTaxExpense": "139000000", "interestAndDebtExpense": "None", "netIncomeFromContinuingOperations": "861000000", "comprehensiveIncomeNetOfTax": "None", "ebit": "988000000", "ebitda": "1238000000", "netIncome": "847000000"}, {"fiscalDateEnding": "2023-09-30", "reportedCurrency": "USD", "grossProfit": "7000000000", "totalRevenue": "7000000000", "costOfRevenue": "None", "costofGoodsAndServicesSold": "None", "operatingIncome": "1954000000", "sellingGeneralAndAdministrative": "2615000000", "researchAndDevelopment": "None", "operatingExpenses": "-5046000000", "investmentIncomeNet": "None", "netInterestIncome": "4236000000", "interestIncome": "7754000000", "interestExpense": "3518000000", "nonInterestIncome": "None", "otherNonOperatingIncome": "None", "depreciation": "None", "depreciationAndAmortization": "256000000", "incomeBeforeTax": "1955000000", "incomeTaxExpense": "431000000", "interestAndDebtExpense": "None", "netIncomeFromContinuingOperations": "1524000000", "comprehensiveIncomeNetOfTax": "None", "ebit": "1969000000", "ebitda": "2225000000", "netIncome": "1523000000"}, {"fiscalDateEnding": "2023-06-30", "reportedCurrency": "USD", "grossProfit": "7141000000", "totalRevenue": "7141000000", "costOfRevenue": "None", "costofGoodsAndServicesSold": "None", "operatingIncome": "4854000000", "sellingGeneralAndAdministrative": "2646000000", "researchAndDevelopment": "None", "operatingExpenses": "-2287000000", "investmentIncomeNet": "None", "netInterestIncome": "4415000000", "interestIncome": "7526000000", "interestExpense": "3111000000", "nonInterestIncome": "None", "otherNonOperatingIncome": "None", "depreciation": "None", "depreciationAndAmortization": "255000000", "incomeBeforeTax": "1751000000", "incomeTaxExpense": "382000000", "interestAndDebtExpense": "None", "netIncomeFromContinuingOperations": "1369000000", "comprehensiveIncomeNetOfTax": "None", "ebit": "5012877915", "ebitda": "5013000000", "netIncome": "1361000000"}, {"fiscalDateEnding": "2023-03-31", "reportedCurrency": "USD", "grossProfit": "7141000000", "totalRevenue": "7141000000", "costOfRevenue": "None", "costofGoodsAndServicesSold": "None", "operatingIncome": "2159000000", "sellingGeneralAndAdministrative": "2646000000", "researchAndDevelopment": "None", "operatingExpenses": "4982000000", "investmentIncomeNet": "None", "netInterestIncome": "4634000000", "interestIncome": "6964000000", "interestExpense": "2330000000", "nonInterestIncome": "None", "otherNonOperatingIncome": "None", "depreciation": "None", "depreciationAndAmortization": "257000000", "incomeBeforeTax": "2159000000", "incomeTaxExpense": "455000000", "interestAndDebtExpense": "None", "netIncomeFromContinuingOperations": "1704000000", "comprehensiveIncomeNetOfTax": "None", "ebit": "2159000000", "ebitda": "2416000000", "netIncome": "1698000000"}, {"fiscalDateEnding": "2022-12-31", "reportedCurrency": "USD", "grossProfit": "6336000000", "totalRevenue": "6336000000", "costOfRevenue": "None", "costofGoodsAndServicesSold": "None", "operatingIncome": "2777000000", "sellingGeneralAndAdministrative": "2402000000", "researchAndDevelopment": "None", "operatingExpenses": "-3559000000", "investmentIncomeNet": "None", "netInterestIncome": "4293000000", "interestIncome": "5974000000", "interestExpense": "1681000000", "nonInterestIncome": "None", "otherNonOperatingIncome": "None", "depreciation": "None", "depreciationAndAmortization": "175000000", "incomeBeforeTax": "1101000000", "incomeTaxExpense": "171000000", "interestAndDebtExpense": "None", "netIncomeFromContinuingOperations": "930000000", "comprehensiveIncomeNetOfTax": "None", "ebit": "2861945120", "ebitda": "2862000000", "netIncome": "925000000"}, {"fiscalDateEnding": "2022-09-30", "reportedCurrency": "USD", "grossProfit": "1568000000", "totalRevenue": "1568000000", "costOfRevenue": "None", "costofGoodsAndServicesSold": "None", "operatingIncome": "3279000000", "sellingGeneralAndAdministrative": "2260000000", "researchAndDevelopment": "None", "operatingExpenses": "2386000000", "investmentIncomeNet": "None", "netInterestIncome": "3827000000", "interestIncome": "4728000000", "interestExpense": "901000000", "nonInterestIncome": "None", "otherNonOperatingIncome": "None", "depreciation": "None", "depreciationAndAmortization": "128000000", "incomeBeforeTax": "2297000000", "incomeTaxExpense": "481000000", "interestAndDebtExpense": "None", "netIncomeFromContinuingOperations": "1816000000", "comprehensiveIncomeNetOfTax": "None", "ebit": "2429000000", "ebitda": "2557000000", "netIncome": "1812000000"}, {"fiscalDateEnding": "2022-06-30", "reportedCurrency": "USD", "grossProfit": "5983000000", "totalRevenue": "5983000000", "costOfRevenue": "None", "costofGoodsAndServicesSold": "None", "operatingIncome": "2420000000", "sellingGeneralAndAdministrative": "2246000000", "researchAndDevelopment": "None", "operatingExpenses": "2352000000", "investmentIncomeNet": "None", "netInterestIncome": "3435000000", "interestIncome": "3825000000", "interestExpense": "390000000", "nonInterestIncome": "None", "otherNonOperatingIncome": "None", "depreciation": "None", "depreciationAndAmortization": "125000000", "incomeBeforeTax": "1948000000", "incomeTaxExpense": "414000000", "interestAndDebtExpense": "None", "netIncomeFromContinuingOperations": "1534000000", "comprehensiveIncomeNetOfTax": "None", "ebit": "1857000000", "ebitda": "1982000000", "netIncome": "1531000000"}, {"fiscalDateEnding": "2022-03-31", "reportedCurrency": "USD", "grossProfit": "5569000000", "totalRevenue": "5569000000", "costOfRevenue": "None", "costofGoodsAndServicesSold": "None", "operatingIncome": "2284000000", "sellingGeneralAndAdministrative": "2249000000", "researchAndDevelopment": "None", "operatingExpenses": "-3285000000", "investmentIncomeNet": "None", "netInterestIncome": "3173000000", "interestIncome": "3418000000", "interestExpense": "245000000", "nonInterestIncome": "None", "otherNonOperatingIncome": "None", "depreciation": "None", "depreciationAndAmortization": "132000000", "incomeBeforeTax": "1955000000", "incomeTaxExpense": "397000000", "interestAndDebtExpense": "None", "netIncomeFromContinuingOperations": "1558000000", "comprehensiveIncomeNetOfTax": "None", "ebit": "1693000000", "ebitda": "1825000000", "netIncome": "1557000000"}, {"fiscalDateEnding": "2021-12-31", "reportedCurrency": "USD", "grossProfit": "5657000000", "totalRevenue": "5657000000", "costOfRevenue": "None", "costofGoodsAndServicesSold": "None", "operatingIncome": "2364000000", "sellingGeneralAndAdministrative": "2223000000", "researchAndDevelopment": "None", "operatingExpenses": "-3293000000", "investmentIncomeNet": "None", "netInterestIncome": "3123000000", "interestIncome": "3355000000", "interestExpense": "232000000", "nonInterestIncome": "None", "otherNonOperatingIncome": "None", "depreciation": "None", "depreciationAndAmortization": "125000000", "incomeBeforeTax": "2137000000", "incomeTaxExpense": "459000000", "interestAndDebtExpense": "None", "netIncomeFromContinuingOperations": "1678000000", "comprehensiveIncomeNetOfTax": "None", "ebit": "2137000000", "ebitda": "2262000000", "netIncome": "1673000000"}, {"fiscalDateEnding": "2021-09-30", "reportedCurrency": "USD", "grossProfit": "5864000000", "totalRevenue": "5864000000", "costOfRevenue": "None", "costofGoodsAndServicesSold": "None", "operatingIncome": "2915000000", "sellingGeneralAndAdministrative": "2183000000", "researchAndDevelopment": "None", "operatingExpenses": "-2949000000", "investmentIncomeNet": "None", "netInterestIncome": "3171000000", "interestIncome": "3409000000", "interestExpense": "238000000", "nonInterestIncome": "None", "otherNonOperatingIncome": "None", "depreciation": "None", "depreciationAndAmortization": "126000000", "incomeBeforeTax": "2598000000", "incomeTaxExpense": "564000000", "interestAndDebtExpense": "None", "netIncomeFromContinuingOperations": "2034000000", "comprehensiveIncomeNetOfTax": "None", "ebit": "2496000000", "ebitda": "2622000000", "netIncome": "2028000000"}, {"fiscalDateEnding": "2021-06-30", "reportedCurrency": "USD", "grossProfit": "5756000000", "totalRevenue": "5756000000", "costOfRevenue": "None", "costofGoodsAndServicesSold": "None", "operatingIncome": "2862000000", "sellingGeneralAndAdministrative": "2135000000", "researchAndDevelopment": "None", "operatingExpenses": "-2894000000", "investmentIncomeNet": "None", "netInterestIncome": "3137000000", "interestIncome": "3382000000", "interestExpense": "245000000", "nonInterestIncome": "None", "otherNonOperatingIncome": "None", "depreciation": "None", "depreciationAndAmortization": "124000000", "incomeBeforeTax": "2539000000", "incomeTaxExpense": "551000000", "interestAndDebtExpense": "None", "netIncomeFromContinuingOperations": "1988000000", "comprehensiveIncomeNetOfTax": "None", "ebit": "2536000000", "ebitda": "2660000000", "netIncome": "1982000000"}, {"fiscalDateEnding": "2021-03-31", "reportedCurrency": "USD", "grossProfit": "5444000000", "totalRevenue": "5444000000", "costOfRevenue": "None", "costofGoodsAndServicesSold": "None", "operatingIncome": "3249000000", "sellingGeneralAndAdministrative": "2187000000", "researchAndDevelopment": "None", "operatingExpenses": "-2195000000", "investmentIncomeNet": "None", "netInterestIncome": "3063000000", "interestIncome": "3341000000", "interestExpense": "278000000", "nonInterestIncome": "None", "otherNonOperatingIncome": "None", "depreciation": "None", "depreciationAndAmortization": "38000000", "incomeBeforeTax": "2892000000", "incomeTaxExpense": "607000000", "interestAndDebtExpense": "None", "netIncomeFromContinuingOperations": "2285000000", "comprehensiveIncomeNetOfTax": "None", "ebit": "2501000000", "ebitda": "2539000000", "netIncome": "2280000000"}, {"fiscalDateEnding": "2020-12-31", "reportedCurrency": "USD", "grossProfit": "5725000000", "totalRevenue": "5725000000", "costOfRevenue": "None", "costofGoodsAndServicesSold": "None", "operatingIncome": "2305000000", "sellingGeneralAndAdministrative": "1945000000", "researchAndDevelopment": "None", "operatingExpenses": "-3420000000", "investmentIncomeNet": "None", "netInterestIncome": "3175000000", "interestIncome": "3479000000", "interestExpense": "304000000", "nonInterestIncome": "None", "otherNonOperatingIncome": "None", "depreciation": "None", "depreciationAndAmortization": "47000000", "incomeBeforeTax": "1920000000", "incomeTaxExpense": "395000000", "interestAndDebtExpense": "None", "netIncomeFromContinuingOperations": "1525000000", "comprehensiveIncomeNetOfTax": "None", "ebit": "1935000000", "ebitda": "1982000000", "netIncome": "1519000000"}, {"fiscalDateEnding": "2020-09-30", "reportedCurrency": "USD", "grossProfit": "5939000000", "totalRevenue": "5939000000", "costOfRevenue": "None", "costofGoodsAndServicesSold": "None", "operatingIncome": "2362000000", "sellingGeneralAndAdministrative": "2022000000", "researchAndDevelopment": "None", "operatingExpenses": "-3577000000", "investmentIncomeNet": "None", "netInterestIncome": "3227000000", "interestIncome": "3573000000", "interestExpense": "346000000", "nonInterestIncome": "None", "otherNonOperatingIncome": "None", "depreciation": "None", "depreciationAndAmortization": "44000000", "incomeBeforeTax": "1933000000", "incomeTaxExpense": "347000000", "interestAndDebtExpense": "None", "netIncomeFromContinuingOperations": "1586000000", "comprehensiveIncomeNetOfTax": "None", "ebit": "1928000000", "ebitda": "1972000000", "netIncome": "1580000000"}, {"fiscalDateEnding": "2020-06-30", "reportedCurrency": "USD", "grossProfit": "5814000000", "totalRevenue": "5814000000", "costOfRevenue": "None", "costofGoodsAndServicesSold": "None", "operatingIncome": "1313000000", "sellingGeneralAndAdministrative": "1999000000", "researchAndDevelopment": "None", "operatingExpenses": "-4501000000", "investmentIncomeNet": "None", "netInterestIncome": "3200000000", "interestIncome": "3672000000", "interestExpense": "472000000", "nonInterestIncome": "None", "otherNonOperatingIncome": "None", "depreciation": "None", "depreciationAndAmortization": "43000000", "incomeBeforeTax": "759000000", "incomeTaxExpense": "64000000", "interestAndDebtExpense": "None", "netIncomeFromContinuingOperations": "695000000", "comprehensiveIncomeNetOfTax": "None", "ebit": "1355948884", "ebitda": "1356000000", "netIncome": "689000000"}, {"fiscalDateEnding": "2020-03-31", "reportedCurrency": "USD", "grossProfit": "5748000000", "totalRevenue": "5748000000", "costOfRevenue": "None", "costofGoodsAndServicesSold": "None", "operatingIncome": "2411000000", "sellingGeneralAndAdministrative": "1972000000", "researchAndDevelopment": "None", "operatingExpenses": "-3337000000", "investmentIncomeNet": "None", "netInterestIncome": "3223000000", "interestIncome": "4116000000", "interestExpense": "893000000", "nonInterestIncome": "None", "otherNonOperatingIncome": "None", "depreciation": "None", "depreciationAndAmortization": "42000000", "incomeBeforeTax": "1439000000", "incomeTaxExpense": "260000000", "interestAndDebtExpense": "None", "netIncomeFromContinuingOperations": "1179000000", "comprehensiveIncomeNetOfTax": "None", "ebit": "1553000000", "ebitda": "1595000000", "netIncome": "1171000000"}, {"fiscalDateEnding": "2019-12-31", "reportedCurrency": "USD", "grossProfit": "5643000000", "totalRevenue": "5643000000", "costOfRevenue": "None", "costofGoodsAndServicesSold": "None", "operatingIncome": "2974000000", "sellingGeneralAndAdministrative": "1912000000", "researchAndDevelopment": "None", "operatingExpenses": "-2669000000", "investmentIncomeNet": "None", "netInterestIncome": "3207000000", "interestIncome": "4255000000", "interestExpense": "1048000000", "nonInterestIncome": "None", "otherNonOperatingIncome": "None", "depreciation": "None", "depreciationAndAmortization": "44000000", "incomeBeforeTax": "1847000000", "incomeTaxExpense": "354000000", "interestAndDebtExpense": "None", "netIncomeFromContinuingOperations": "1493000000", "comprehensiveIncomeNetOfTax": "None", "ebit": "2015000000", "ebitda": "2059000000", "netIncome": "1486000000"}, {"fiscalDateEnding": "2019-09-30", "reportedCurrency": "USD", "grossProfit": "5895000000", "totalRevenue": "5895000000", "costOfRevenue": "None", "costofGoodsAndServicesSold": "None", "operatingIncome": "3616000000", "sellingGeneralAndAdministrative": "1919000000", "researchAndDevelopment": "None", "operatingExpenses": "-2279000000", "investmentIncomeNet": "None", "netInterestIncome": "3281000000", "interestIncome": "4437000000", "interestExpense": "1156000000", "nonInterestIncome": "None", "otherNonOperatingIncome": "None", "depreciation": "None", "depreciationAndAmortization": "42000000", "incomeBeforeTax": "2384000000", "incomeTaxExpense": "467000000", "interestAndDebtExpense": "None", "netIncomeFromContinuingOperations": "1917000000", "comprehensiveIncomeNetOfTax": "None", "ebit": "2588000000", "ebitda": "2630000000", "netIncome": "1908000000"}, {"fiscalDateEnding": "2019-06-30", "reportedCurrency": "USD", "grossProfit": "5795000000", "totalRevenue": "5795000000", "costOfRevenue": "None", "costofGoodsAndServicesSold": "None", "operatingIncome": "3499000000", "sellingGeneralAndAdministrative": "1888000000", "researchAndDevelopment": "None", "operatingExpenses": "-2296000000", "investmentIncomeNet": "None", "netInterestIncome": "3305000000", "interestIncome": "4451000000", "interestExpense": "1146000000", "nonInterestIncome": "None", "otherNonOperatingIncome": "None", "depreciation": "None", "depreciationAndAmortization": "42000000", "incomeBeforeTax": "2277000000", "incomeTaxExpense": "449000000", "interestAndDebtExpense": "None", "netIncomeFromContinuingOperations": "1828000000", "comprehensiveIncomeNetOfTax": "None", "ebit": "2471000000", "ebitda": "2513000000", "netIncome": "1821000000"}, {"fiscalDateEnding": "2019-03-31", "reportedCurrency": "USD", "grossProfit": "5550000000", "totalRevenue": "5550000000", "costOfRevenue": "0", "costofGoodsAndServicesSold": "0", "operatingIncome": "3249000000", "sellingGeneralAndAdministrative": "1892000000", "researchAndDevelopment": "None", "operatingExpenses": "-2301000000", "investmentIncomeNet": "None", "netInterestIncome": "3259000000", "interestIncome": "4351000000", "interestExpense": "1092000000", "nonInterestIncome": "None", "otherNonOperatingIncome": "None", "depreciation": "None", "depreciationAndAmortization": "40000000", "incomeBeforeTax": "2086000000", "incomeTaxExpense": "378000000", "interestAndDebtExpense": "None", "netIncomeFromContinuingOperations": "1708000000", "comprehensiveIncomeNetOfTax": "None", "ebit": "2224000000", "ebitda": "2264000000", "netIncome": "1699000000"}, {"fiscalDateEnding": "2018-12-31", "reportedCurrency": "USD", "grossProfit": "5461000000", "totalRevenue": "5461000000", "costOfRevenue": "1376000000", "costofGoodsAndServicesSold": "1376000000", "operatingIncome": "3235000000", "sellingGeneralAndAdministrative": "1876000000", "researchAndDevelopment": "0", "operatingExpenses": "-2226000000", "investmentIncomeNet": "None", "netInterestIncome": "None", "interestIncome": "None", "interestExpense": "1008000000", "nonInterestIncome": "None", "otherNonOperatingIncome": "None", "depreciation": "None", "depreciationAndAmortization": "41000000", "incomeBeforeTax": "2153000000", "incomeTaxExpense": "291000000", "interestAndDebtExpense": "None", "netIncomeFromContinuingOperations": "1862000000", "comprehensiveIncomeNetOfTax": "None", "ebit": "2263000000", "ebitda": "2304000000", "netIncome": "1856000000"}, {"fiscalDateEnding": "2018-09-30", "reportedCurrency": "USD", "grossProfit": "5669000000", "totalRevenue": "5669000000", "costOfRevenue": "1215000000", "costofGoodsAndServicesSold": "1215000000", "operatingIncome": "3224000000", "sellingGeneralAndAdministrative": "1823000000", "researchAndDevelopment": "0", "operatingExpenses": "-2445000000", "investmentIncomeNet": "None", "netInterestIncome": "None", "interestIncome": "None", "interestExpense": "872000000", "nonInterestIncome": "None", "otherNonOperatingIncome": "None", "depreciation": "None", "depreciationAndAmortization": "41000000", "incomeBeforeTax": "2282000000", "incomeTaxExpense": "460000000", "interestAndDebtExpense": "None", "netIncomeFromContinuingOperations": "1822000000", "comprehensiveIncomeNetOfTax": "None", "ebit": "2390000000", "ebitda": "2431000000", "netIncome": "1815000000"}, {"fiscalDateEnding": "2018-06-30", "reportedCurrency": "USD", "grossProfit": "5611000000", "totalRevenue": "5611000000", "costOfRevenue": "1078000000", "costofGoodsAndServicesSold": "1078000000", "operatingIncome": "3017000000", "sellingGeneralAndAdministrative": "1841000000", "researchAndDevelopment": "0", "operatingExpenses": "-2594000000", "investmentIncomeNet": "None", "netInterestIncome": "None", "interestIncome": "None", "interestExpense": "751000000", "nonInterestIncome": "None", "otherNonOperatingIncome": "None", "depreciation": "None", "depreciationAndAmortization": "40000000", "incomeBeforeTax": "2199000000", "incomeTaxExpense": "441000000", "interestAndDebtExpense": "None", "netIncomeFromContinuingOperations": "1758000000", "comprehensiveIncomeNetOfTax": "None", "ebit": "2302000000", "ebitda": "2342000000", "netIncome": "1750000000"}, {"fiscalDateEnding": "2018-03-31", "reportedCurrency": "USD", "grossProfit": "5440000000", "totalRevenue": "5440000000", "costOfRevenue": "964000000", "costofGoodsAndServicesSold": "964000000", "operatingIncome": "2734000000", "sellingGeneralAndAdministrative": "1853000000", "researchAndDevelopment": "0", "operatingExpenses": "1620000000", "investmentIncomeNet": "None", "netInterestIncome": "None", "interestIncome": "None", "interestExpense": "623000000", "nonInterestIncome": "None", "otherNonOperatingIncome": "None", "depreciation": "None", "depreciationAndAmortization": "39000000", "incomeBeforeTax": "2044000000", "incomeTaxExpense": "362000000", "interestAndDebtExpense": "None", "netIncomeFromContinuingOperations": "1682000000", "comprehensiveIncomeNetOfTax": "None", "ebit": "2116000000", "ebitda": "2155000000", "netIncome": "1675000000"}, {"fiscalDateEnding": "2017-12-31", "reportedCurrency": "USD", "grossProfit": "5585000000", "totalRevenue": "5585000000", "costOfRevenue": "931000000", "costofGoodsAndServicesSold": "931000000", "operatingIncome": "1977000000", "sellingGeneralAndAdministrative": "1803000000", "researchAndDevelopment": "0", "operatingExpenses": "-3608000000", "investmentIncomeNet": "None", "netInterestIncome": "None", "interestIncome": "None", "interestExpense": "596000000", "nonInterestIncome": "None", "otherNonOperatingIncome": "None", "depreciation": "None", "depreciationAndAmortization": "44000000", "incomeBeforeTax": "1311000000", "incomeTaxExpense": "-375000000", "interestAndDebtExpense": "None", "netIncomeFromContinuingOperations": "1686000000", "comprehensiveIncomeNetOfTax": "None", "ebit": "1415000000", "ebitda": "1459000000", "netIncome": "1682000000"}, {"fiscalDateEnding": "2017-09-30", "reportedCurrency": "USD", "grossProfit": "5557000000", "totalRevenue": "5557000000", "costOfRevenue": "888000000", "costofGoodsAndServicesSold": "888000000", "operatingIncome": "2804000000", "sellingGeneralAndAdministrative": "1721000000", "researchAndDevelopment": "0", "operatingExpenses": "1532000000", "investmentIncomeNet": "None", "netInterestIncome": "None", "interestIncome": "None", "interestExpense": "579000000", "nonInterestIncome": "None", "otherNonOperatingIncome": "None", "depreciation": "None", "depreciationAndAmortization": "44000000", "incomeBeforeTax": "2158000000", "incomeTaxExpense": "589000000", "interestAndDebtExpense": "None", "netIncomeFromContinuingOperations": "1569000000", "comprehensiveIncomeNetOfTax": "None", "ebit": "2294000000", "ebitda": "2338000000", "netIncome": "1563000000"}, {"fiscalDateEnding": "2017-06-30", "reportedCurrency": "USD", "grossProfit": "5436000000", "totalRevenue": "5436000000", "costOfRevenue": "820000000", "costofGoodsAndServicesSold": "820000000", "operatingIncome": "2638000000", "sellingGeneralAndAdministrative": "1703000000", "researchAndDevelopment": "0", "operatingExpenses": "1525000000", "investmentIncomeNet": "None", "netInterestIncome": "None", "interestIncome": "None", "interestExpense": "514000000", "nonInterestIncome": "None", "otherNonOperatingIncome": "None", "depreciation": "None", "depreciationAndAmortization": "43000000", "incomeBeforeTax": "2063000000", "incomeTaxExpense": "551000000", "interestAndDebtExpense": "None", "netIncomeFromContinuingOperations": "1512000000", "comprehensiveIncomeNetOfTax": "None", "ebit": "2192000000", "ebitda": "2235000000", "netIncome": "1500000000"}, {"fiscalDateEnding": "2017-03-31", "reportedCurrency": "USD", "grossProfit": "5274000000", "totalRevenue": "5274000000", "costOfRevenue": "758000000", "costofGoodsAndServicesSold": "758000000", "operatingIncome": "2500000000", "sellingGeneralAndAdministrative": "1705000000", "researchAndDevelopment": "0", "operatingExpenses": "1481000000", "investmentIncomeNet": "None", "netInterestIncome": "None", "interestIncome": "None", "interestExpense": "455000000", "nonInterestIncome": "None", "otherNonOperatingIncome": "None", "depreciation": "None", "depreciationAndAmortization": "44000000", "incomeBeforeTax": "1985000000", "incomeTaxExpense": "499000000", "interestAndDebtExpense": "None", "netIncomeFromContinuingOperations": "1486000000", "comprehensiveIncomeNetOfTax": "None", "ebit": "2093000000", "ebitda": "2137000000", "netIncome": "1473000000"}, {"fiscalDateEnding": "2016-12-31", "reportedCurrency": "USD", "grossProfit": "5386000000", "totalRevenue": "5386000000", "costOfRevenue": "761000000", "costofGoodsAndServicesSold": "761000000", "operatingIncome": "2518000000", "sellingGeneralAndAdministrative": "1618000000", "researchAndDevelopment": "0", "operatingExpenses": "-2868000000", "investmentIncomeNet": "None", "netInterestIncome": "None", "interestIncome": "None", "interestExpense": "419000000", "nonInterestIncome": "None", "otherNonOperatingIncome": "None", "depreciation": "None", "depreciationAndAmortization": "45000000", "incomeBeforeTax": "2040000000", "incomeTaxExpense": "549000000", "interestAndDebtExpense": "None", "netIncomeFromContinuingOperations": "1491000000", "comprehensiveIncomeNetOfTax": "None", "ebit": "2015000000", "ebitda": "2060000000", "netIncome": "1478000000"}, {"fiscalDateEnding": "2016-09-30", "reportedCurrency": "USD", "grossProfit": "5338000000", "totalRevenue": "5338000000", "costOfRevenue": "752000000", "costofGoodsAndServicesSold": "752000000", "operatingIncome": "2567000000", "sellingGeneralAndAdministrative": "1609000000", "researchAndDevelopment": "0", "operatingExpenses": "1431000000", "investmentIncomeNet": "None", "netInterestIncome": "None", "interestIncome": "None", "interestExpense": "427000000", "nonInterestIncome": "None", "otherNonOperatingIncome": "None", "depreciation": "None", "depreciationAndAmortization": "45000000", "incomeBeforeTax": "2082000000", "incomeTaxExpense": "566000000", "interestAndDebtExpense": "None", "netIncomeFromContinuingOperations": "1516000000", "comprehensiveIncomeNetOfTax": "None", "ebit": "2232000000", "ebitda": "2277000000", "netIncome": "1502000000"}, {"fiscalDateEnding": "2016-06-30", "reportedCurrency": "USD", "grossProfit": "5397000000", "totalRevenue": "5397000000", "costOfRevenue": "734000000", "costofGoodsAndServicesSold": "734000000", "operatingIncome": "2544000000", "sellingGeneralAndAdministrative": "1555000000", "researchAndDevelopment": "0", "operatingExpenses": "1426000000", "investmentIncomeNet": "None", "netInterestIncome": "None", "interestIncome": "None", "interestExpense": "407000000", "nonInterestIncome": "None", "otherNonOperatingIncome": "None", "depreciation": "None", "depreciationAndAmortization": "44000000", "incomeBeforeTax": "2078000000", "incomeTaxExpense": "542000000", "interestAndDebtExpense": "None", "netIncomeFromContinuingOperations": "1536000000", "comprehensiveIncomeNetOfTax": "None", "ebit": "2544000000", "ebitda": "2588000000", "netIncome": "1522000000"}, {"fiscalDateEnding": "2016-03-31", "reportedCurrency": "USD", "grossProfit": "4984000000", "totalRevenue": "4984000000", "costOfRevenue": "716000000", "costofGoodsAndServicesSold": "716000000", "operatingIncome": "2350000000", "sellingGeneralAndAdministrative": "1549000000", "researchAndDevelopment": "0", "operatingExpenses": "1326000000", "investmentIncomeNet": "None", "netInterestIncome": "None", "interestIncome": "None", "interestExpense": "386000000", "nonInterestIncome": "None", "otherNonOperatingIncome": "None", "depreciation": "None", "depreciationAndAmortization": "45000000", "incomeBeforeTax": "1905000000", "incomeTaxExpense": "504000000", "interestAndDebtExpense": "None", "netIncomeFromContinuingOperations": "1401000000", "comprehensiveIncomeNetOfTax": "None", "ebit": "2350000000", "ebitda": "2395000000", "netIncome": "1386000000"}, {"fiscalDateEnding": "2015-12-31", "reportedCurrency": "USD", "grossProfit": "5159000000", "totalRevenue": "5159000000", "costOfRevenue": "642000000", "costofGoodsAndServicesSold": "642000000", "operatingIncome": "2446000000", "sellingGeneralAndAdministrative": "1484000000", "researchAndDevelopment": "0", "operatingExpenses": "-2713000000", "investmentIncomeNet": "None", "netInterestIncome": "None", "interestIncome": "None", "interestExpense": "337000000", "nonInterestIncome": "None", "otherNonOperatingIncome": "None", "depreciation": "None", "depreciationAndAmortization": "46000000", "incomeBeforeTax": "2045000000", "incomeTaxExpense": "556000000", "interestAndDebtExpense": "None", "netIncomeFromContinuingOperations": "1489000000", "comprehensiveIncomeNetOfTax": "None", "ebit": "2446000000", "ebitda": "2492000000", "netIncome": "1476000000"}, {"fiscalDateEnding": "2015-09-30", "reportedCurrency": "USD", "grossProfit": "5094000000", "totalRevenue": "5094000000", "costOfRevenue": "631000000", "costofGoodsAndServicesSold": "631000000", "operatingIncome": "2372000000", "sellingGeneralAndAdministrative": "1510000000", "researchAndDevelopment": "0", "operatingExpenses": "1324000000", "investmentIncomeNet": "None", "netInterestIncome": "None", "interestIncome": "None", "interestExpense": "349000000", "nonInterestIncome": "None", "otherNonOperatingIncome": "None", "depreciation": "None", "depreciationAndAmortization": "118000000", "incomeBeforeTax": "2037000000", "incomeTaxExpense": "534000000", "interestAndDebtExpense": "None", "netIncomeFromContinuingOperations": "1503000000", "comprehensiveIncomeNetOfTax": "None", "ebit": "2372000000", "ebitda": "2490000000", "netIncome": "1489000000"}, {"fiscalDateEnding": "2015-06-30", "reportedCurrency": "USD", "grossProfit": "4988000000", "totalRevenue": "4988000000", "costOfRevenue": "633000000", "costofGoodsAndServicesSold": "633000000", "operatingIncome": "2440000000", "sellingGeneralAndAdministrative": "1489000000", "researchAndDevelopment": "0", "operatingExpenses": "1292000000", "investmentIncomeNet": "None", "netInterestIncome": "None", "interestIncome": "None", "interestExpense": "352000000", "nonInterestIncome": "None", "otherNonOperatingIncome": "None", "depreciation": "None", "depreciationAndAmortization": "43000000", "incomeBeforeTax": "2025000000", "incomeTaxExpense": "528000000", "interestAndDebtExpense": "None", "netIncomeFromContinuingOperations": "1497000000", "comprehensiveIncomeNetOfTax": "None", "ebit": "2440000000", "ebitda": "2483000000", "netIncome": "1483000000"}, {"fiscalDateEnding": "2015-03-31", "reportedCurrency": "USD", "grossProfit": "4852000000", "totalRevenue": "4852000000", "costOfRevenue": "627000000", "costofGoodsAndServicesSold": "627000000", "operatingIncome": "2350000000", "sellingGeneralAndAdministrative": "1496000000", "researchAndDevelopment": "0", "operatingExpenses": "1249000000", "investmentIncomeNet": "None", "netInterestIncome": "None", "interestIncome": "None", "interestExpense": "363000000", "nonInterestIncome": "None", "otherNonOperatingIncome": "None", "depreciation": "None", "depreciationAndAmortization": "43000000", "incomeBeforeTax": "1923000000", "incomeTaxExpense": "479000000", "interestAndDebtExpense": "None", "netIncomeFromContinuingOperations": "1444000000", "comprehensiveIncomeNetOfTax": "None", "ebit": "2350000000", "ebitda": "2393000000", "netIncome": "1431000000"}, {"fiscalDateEnding": "2014-12-31", "reportedCurrency": "USD", "grossProfit": "5114000000", "totalRevenue": "5114000000", "costOfRevenue": "646000000", "costofGoodsAndServicesSold": "646000000", "operatingIncome": "2444000000", "sellingGeneralAndAdministrative": "1396000000", "researchAndDevelopment": "0", "operatingExpenses": "-2670000000", "investmentIncomeNet": "None", "netInterestIncome": "None", "interestIncome": "None", "interestExpense": "358000000", "nonInterestIncome": "None", "otherNonOperatingIncome": "None", "depreciation": "None", "depreciationAndAmortization": "51000000", "incomeBeforeTax": "2022000000", "incomeTaxExpense": "521000000", "interestAndDebtExpense": "None", "netIncomeFromContinuingOperations": "1501000000", "comprehensiveIncomeNetOfTax": "None", "ebit": "2444000000", "ebitda": "2495000000", "netIncome": "1488000000"}, {"fiscalDateEnding": "2014-09-30", "reportedCurrency": "USD", "grossProfit": "4934000000", "totalRevenue": "4934000000", "costOfRevenue": "676000000", "costofGoodsAndServicesSold": "676000000", "operatingIncome": "2435000000", "sellingGeneralAndAdministrative": "1382000000", "researchAndDevelopment": "0", "operatingExpenses": "1210000000", "investmentIncomeNet": "None", "netInterestIncome": "None", "interestIncome": "None", "interestExpense": "365000000", "nonInterestIncome": "None", "otherNonOperatingIncome": "None", "depreciation": "None", "depreciationAndAmortization": "51000000", "incomeBeforeTax": "2009000000", "incomeTaxExpense": "523000000", "interestAndDebtExpense": "None", "netIncomeFromContinuingOperations": "1486000000", "comprehensiveIncomeNetOfTax": "None", "ebit": "2435000000", "ebitda": "2486000000", "netIncome": "1471000000"}, {"fiscalDateEnding": "2014-06-30", "reportedCurrency": "USD", "grossProfit": "5133000000", "totalRevenue": "5133000000", "costOfRevenue": "682000000", "costofGoodsAndServicesSold": "682000000", "operatingIncome": "2475000000", "sellingGeneralAndAdministrative": "1382000000", "researchAndDevelopment": "0", "operatingExpenses": "-2658000000", "investmentIncomeNet": "None", "netInterestIncome": "None", "interestIncome": "None", "interestExpense": "358000000", "nonInterestIncome": "None", "otherNonOperatingIncome": "None", "depreciation": "None", "depreciationAndAmortization": "48000000", "incomeBeforeTax": "2056000000", "incomeTaxExpense": "547000000", "interestAndDebtExpense": "None", "netIncomeFromContinuingOperations": "1509000000", "comprehensiveIncomeNetOfTax": "None", "ebit": "2475000000", "ebitda": "2523000000", "netIncome": "1495000000"}, {"fiscalDateEnding": "2014-03-31", "reportedCurrency": "USD", "grossProfit": "4758000000", "totalRevenue": "4758000000", "costOfRevenue": "678000000", "costofGoodsAndServicesSold": "678000000", "operatingIncome": "2339000000", "sellingGeneralAndAdministrative": "1404000000", "researchAndDevelopment": "0", "operatingExpenses": "1194000000", "investmentIncomeNet": "None", "netInterestIncome": "None", "interestIncome": "None", "interestExpense": "372000000", "nonInterestIncome": "None", "otherNonOperatingIncome": "None", "depreciation": "None", "depreciationAndAmortization": "49000000", "incomeBeforeTax": "1908000000", "incomeTaxExpense": "496000000", "interestAndDebtExpense": "None", "netIncomeFromContinuingOperations": "1412000000", "comprehensiveIncomeNetOfTax": "None", "ebit": "2339000000", "ebitda": "2388000000", "netIncome": "1397000000"}, {"fiscalDateEnding": "2013-12-31", "reportedCurrency": "USD", "grossProfit": "4833000000", "totalRevenue": "4833000000", "costOfRevenue": "668000000", "costofGoodsAndServicesSold": "668000000", "operatingIncome": "2325000000", "sellingGeneralAndAdministrative": "1378000000", "researchAndDevelopment": "0", "operatingExpenses": "-2508000000", "investmentIncomeNet": "None", "netInterestIncome": "None", "interestIncome": "None", "interestExpense": "391000000", "nonInterestIncome": "None", "otherNonOperatingIncome": "None", "depreciation": "None", "depreciationAndAmortization": "56000000", "incomeBeforeTax": "1874000000", "incomeTaxExpense": "403000000", "interestAndDebtExpense": "None", "netIncomeFromContinuingOperations": "1471000000", "comprehensiveIncomeNetOfTax": "None", "ebit": "2325000000", "ebitda": "2381000000", "netIncome": "1456000000"}, {"fiscalDateEnding": "2013-09-30", "reportedCurrency": "USD", "grossProfit": "4835000000", "totalRevenue": "4835000000", "costOfRevenue": "708000000", "costofGoodsAndServicesSold": "708000000", "operatingIncome": "2494000000", "sellingGeneralAndAdministrative": "1366000000", "researchAndDevelopment": "0", "operatingExpenses": "1173000000", "investmentIncomeNet": "None", "netInterestIncome": "None", "interestIncome": "None", "interestExpense": "410000000", "nonInterestIncome": "None", "otherNonOperatingIncome": "None", "depreciation": "None", "depreciationAndAmortization": "55000000", "incomeBeforeTax": "1972000000", "incomeTaxExpense": "542000000", "interestAndDebtExpense": "None", "netIncomeFromContinuingOperations": "1430000000", "comprehensiveIncomeNetOfTax": "None", "ebit": "2494000000", "ebitda": "2549000000", "netIncome": "1468000000"}, {"fiscalDateEnding": "2013-06-30", "reportedCurrency": "USD", "grossProfit": "4892000000", "totalRevenue": "4892000000", "costOfRevenue": "784000000", "costofGoodsAndServicesSold": "784000000", "operatingIncome": "2509000000", "sellingGeneralAndAdministrative": "1375000000", "researchAndDevelopment": "0", "operatingExpenses": "1194000000", "investmentIncomeNet": "None", "netInterestIncome": "None", "interestIncome": "None", "interestExpense": "422000000", "nonInterestIncome": "None", "otherNonOperatingIncome": "None", "depreciation": "None", "depreciationAndAmortization": "55000000", "incomeBeforeTax": "1973000000", "incomeTaxExpense": "529000000", "interestAndDebtExpense": "None", "netIncomeFromContinuingOperations": "1444000000", "comprehensiveIncomeNetOfTax": "None", "ebit": "2509000000", "ebitda": "2564000000", "netIncome": "1484000000"}, {"fiscalDateEnding": "2013-03-31", "reportedCurrency": "USD", "grossProfit": "4818000000", "totalRevenue": "4818000000", "costOfRevenue": "861000000", "costofGoodsAndServicesSold": "861000000", "operatingIncome": "2518000000", "sellingGeneralAndAdministrative": "1392000000", "researchAndDevelopment": "0", "operatingExpenses": "1155000000", "investmentIncomeNet": "None", "netInterestIncome": "None", "interestIncome": "None", "interestExpense": "458000000", "nonInterestIncome": "None", "otherNonOperatingIncome": "None", "depreciation": "None", "depreciationAndAmortization": "57000000", "incomeBeforeTax": "1945000000", "incomeTaxExpense": "558000000", "interestAndDebtExpense": "None", "netIncomeFromContinuingOperations": "1387000000", "comprehensiveIncomeNetOfTax": "None", "ebit": "2518000000", "ebitda": "2575000000", "netIncome": "1428000000"}, {"fiscalDateEnding": "2012-12-31", "reportedCurrency": "USD", "grossProfit": "4992000000", "totalRevenue": "5056000000", "costOfRevenue": "64000000", "costofGoodsAndServicesSold": "64000000", "operatingIncome": "2516000000", "sellingGeneralAndAdministrative": "1314000000", "researchAndDevelopment": "0", "operatingExpenses": "-2476000000", "investmentIncomeNet": "None", "netInterestIncome": "None", "interestIncome": "None", "interestExpense": "469000000", "nonInterestIncome": "None", "otherNonOperatingIncome": "None", "depreciation": "None", "depreciationAndAmortization": "66000000", "incomeBeforeTax": "1927000000", "incomeTaxExpense": "552000000", "interestAndDebtExpense": "None", "netIncomeFromContinuingOperations": "0", "comprehensiveIncomeNetOfTax": "None", "ebit": "2516000000", "ebitda": "2582000000", "netIncome": "1420000000"}, {"fiscalDateEnding": "2012-09-30", "reportedCurrency": "USD", "grossProfit": "5137000000", "totalRevenue": "5122000000", "costOfRevenue": "-15000000", "costofGoodsAndServicesSold": "-15000000", "operatingIncome": "2640000000", "sellingGeneralAndAdministrative": "1409000000", "researchAndDevelopment": "0", "operatingExpenses": "1205000000", "investmentIncomeNet": "None", "netInterestIncome": "None", "interestIncome": "None", "interestExpense": "501000000", "nonInterestIncome": "None", "otherNonOperatingIncome": "None", "depreciation": "None", "depreciationAndAmortization": "67000000", "incomeBeforeTax": "2025000000", "incomeTaxExpense": "593000000", "interestAndDebtExpense": "None", "netIncomeFromContinuingOperations": "0", "comprehensiveIncomeNetOfTax": "None", "ebit": "2640000000", "ebitda": "2707000000", "netIncome": "1474000000"}, {"fiscalDateEnding": "2012-06-30", "reportedCurrency": "USD", "grossProfit": "5013000000", "totalRevenue": "5013000000", "costOfRevenue": "1040000000", "costofGoodsAndServicesSold": "1040000000", "operatingIncome": "2620000000", "sellingGeneralAndAdministrative": "1382000000", "researchAndDevelopment": "0", "operatingExpenses": "1156000000", "investmentIncomeNet": "None", "netInterestIncome": "None", "interestIncome": "None", "interestExpense": "570000000", "nonInterestIncome": "None", "otherNonOperatingIncome": "None", "depreciation": "None", "depreciationAndAmortization": "70000000", "incomeBeforeTax": "1942000000", "incomeTaxExpense": "564000000", "interestAndDebtExpense": "None", "netIncomeFromContinuingOperations": "0", "comprehensiveIncomeNetOfTax": "None", "ebit": "2620000000", "ebitda": "2690000000", "netIncome": "1415000000"}, {"fiscalDateEnding": "2012-03-31", "reportedCurrency": "USD", "grossProfit": "4882000000", "totalRevenue": "4873000000", "costOfRevenue": "-9000000", "costofGoodsAndServicesSold": "-9000000", "operatingIncome": "2532000000", "sellingGeneralAndAdministrative": "1386000000", "researchAndDevelopment": "0", "operatingExpenses": "1504000000", "investmentIncomeNet": "None", "netInterestIncome": "None", "interestIncome": "None", "interestExpense": "598000000", "nonInterestIncome": "None", "otherNonOperatingIncome": "None", "depreciation": "None", "depreciationAndAmortization": "71000000", "incomeBeforeTax": "1832000000", "incomeTaxExpense": "527000000", "interestAndDebtExpense": "None", "netIncomeFromContinuingOperations": "0", "comprehensiveIncomeNetOfTax": "None", "ebit": "2532000000", "ebitda": "2603000000", "netIncome": "1338000000"}, {"fiscalDateEnding": "2011-12-31", "reportedCurrency": "USD", "grossProfit": "4739000000", "totalRevenue": "4785000000", "costOfRevenue": "46000000", "costofGoodsAndServicesSold": "46000000", "operatingIncome": "2550000000", "sellingGeneralAndAdministrative": "1259000000", "researchAndDevelopment": "0", "operatingExpenses": "-2189000000", "investmentIncomeNet": "None", "netInterestIncome": "None", "interestIncome": "None", "interestExpense": "603000000", "nonInterestIncome": "None", "otherNonOperatingIncome": "None", "depreciation": "None", "depreciationAndAmortization": "74000000", "incomeBeforeTax": "1855000000", "incomeTaxExpense": "527000000", "interestAndDebtExpense": "None", "netIncomeFromContinuingOperations": "0", "comprehensiveIncomeNetOfTax": "None", "ebit": "2550000000", "ebitda": "2624000000", "netIncome": "1350000000"}, {"fiscalDateEnding": "2011-09-30", "reportedCurrency": "USD", "grossProfit": "4737000000", "totalRevenue": "4737000000", "costOfRevenue": "1153000000", "costofGoodsAndServicesSold": "1153000000", "operatingIncome": "2397000000", "sellingGeneralAndAdministrative": "1300000000", "researchAndDevelopment": "0", "operatingExpenses": "1123000000", "investmentIncomeNet": "None", "netInterestIncome": "None", "interestIncome": "None", "interestExpense": "634000000", "nonInterestIncome": "None", "otherNonOperatingIncome": "None", "depreciation": "None", "depreciationAndAmortization": "75000000", "incomeBeforeTax": "1742000000", "incomeTaxExpense": "490000000", "interestAndDebtExpense": "None", "netIncomeFromContinuingOperations": "1252000000", "comprehensiveIncomeNetOfTax": "None", "ebit": "2397000000", "ebitda": "2472000000", "netIncome": "1273000000"}, {"fiscalDateEnding": "2011-06-30", "reportedCurrency": "USD", "grossProfit": "4634000000", "totalRevenue": "4634000000", "costOfRevenue": "1203000000", "costofGoodsAndServicesSold": "1203000000", "operatingIncome": "2292000000", "sellingGeneralAndAdministrative": "1290000000", "researchAndDevelopment": "0", "operatingExpenses": "1094000000", "investmentIncomeNet": "None", "netInterestIncome": "None", "interestIncome": "None", "interestExpense": "631000000", "nonInterestIncome": "None", "otherNonOperatingIncome": "None", "depreciation": "None", "depreciationAndAmortization": "75000000", "incomeBeforeTax": "1637000000", "incomeTaxExpense": "458000000", "interestAndDebtExpense": "None", "netIncomeFromContinuingOperations": "1179000000", "comprehensiveIncomeNetOfTax": "None", "ebit": "2292000000", "ebitda": "2367000000", "netIncome": "1203000000"}, {"fiscalDateEnding": "2011-03-31", "reportedCurrency": "USD", "grossProfit": "4464000000", "totalRevenue": "4464000000", "costOfRevenue": "1403000000", "costofGoodsAndServicesSold": "1403000000", "operatingIncome": "2060000000", "sellingGeneralAndAdministrative": "1263000000", "researchAndDevelopment": "0", "operatingExpenses": "1024000000", "investmentIncomeNet": "None", "netInterestIncome": "None", "interestIncome": "None", "interestExpense": "648000000", "nonInterestIncome": "None", "otherNonOperatingIncome": "None", "depreciation": "None", "depreciationAndAmortization": "75000000", "incomeBeforeTax": "1395000000", "incomeTaxExpense": "366000000", "interestAndDebtExpense": "None", "netIncomeFromContinuingOperations": "1029000000", "comprehensiveIncomeNetOfTax": "None", "ebit": "2060000000", "ebitda": "2135000000", "netIncome": "1046000000"}, {"fiscalDateEnding": "2010-12-31", "reportedCurrency": "USD", "grossProfit": "4668000000", "totalRevenue": "4668000000", "costOfRevenue": "1559000000", "costofGoodsAndServicesSold": "1559000000", "operatingIncome": "1936000000", "sellingGeneralAndAdministrative": "1170000000", "researchAndDevelopment": "0", "operatingExpenses": "-3634000000", "investmentIncomeNet": "None", "netInterestIncome": "None", "interestIncome": "None", "interestExpense": "647000000", "nonInterestIncome": "None", "otherNonOperatingIncome": "None", "depreciation": "None", "depreciationAndAmortization": "89000000", "incomeBeforeTax": "1271000000", "incomeTaxExpense": "315000000", "interestAndDebtExpense": "None", "netIncomeFromContinuingOperations": "0", "comprehensiveIncomeNetOfTax": "None", "ebit": "1936000000", "ebitda": "2025000000", "netIncome": "974000000"}, {"fiscalDateEnding": "2010-09-30", "reportedCurrency": "USD", "grossProfit": "4534000000", "totalRevenue": "4146000000", "costOfRevenue": "-388000000", "costofGoodsAndServicesSold": "-388000000", "operatingIncome": "1821000000", "sellingGeneralAndAdministrative": "1218000000", "researchAndDevelopment": "0", "operatingExpenses": "1081000000", "investmentIncomeNet": "None", "netInterestIncome": "None", "interestIncome": "None", "interestExpense": "653000000", "nonInterestIncome": "None", "otherNonOperatingIncome": "None", "depreciation": "None", "depreciationAndAmortization": "90000000", "incomeBeforeTax": "1154000000", "incomeTaxExpense": "260000000", "interestAndDebtExpense": "None", "netIncomeFromContinuingOperations": "0", "comprehensiveIncomeNetOfTax": "None", "ebit": "1821000000", "ebitda": "1911000000", "netIncome": "908000000"}, {"fiscalDateEnding": "2010-06-30", "reportedCurrency": "USD", "grossProfit": "4084000000", "totalRevenue": "4084000000", "costOfRevenue": "1777000000", "costofGoodsAndServicesSold": "1777000000", "operatingIncome": "1795000000", "sellingGeneralAndAdministrative": "1193000000", "researchAndDevelopment": "0", "operatingExpenses": "1032000000", "investmentIncomeNet": "None", "netInterestIncome": "None", "interestIncome": "None", "interestExpense": "638000000", "nonInterestIncome": "None", "otherNonOperatingIncome": "None", "depreciation": "None", "depreciationAndAmortization": "91000000", "incomeBeforeTax": "951000000", "incomeTaxExpense": "199000000", "interestAndDebtExpense": "None", "netIncomeFromContinuingOperations": "0", "comprehensiveIncomeNetOfTax": "None", "ebit": "1795000000", "ebitda": "1886000000", "netIncome": "862000000"}, {"fiscalDateEnding": "2010-03-31", "reportedCurrency": "USD", "grossProfit": "3941000000", "totalRevenue": "3941000000", "costOfRevenue": "1951000000", "costofGoodsAndServicesSold": "1951000000", "operatingIncome": "1471000000", "sellingGeneralAndAdministrative": "1115000000", "researchAndDevelopment": "0", "operatingExpenses": "921000000", "investmentIncomeNet": "None", "netInterestIncome": "None", "interestIncome": "None", "interestExpense": "641000000", "nonInterestIncome": "None", "otherNonOperatingIncome": "None", "depreciation": "None", "depreciationAndAmortization": "97000000", "incomeBeforeTax": "824000000", "incomeTaxExpense": "161000000", "interestAndDebtExpense": "None", "netIncomeFromContinuingOperations": "0", "comprehensiveIncomeNetOfTax": "None", "ebit": "1471000000", "ebitda": "1568000000", "netIncome": "648000000"}, {"fiscalDateEnding": "2009-12-31", "reportedCurrency": "USD", "grossProfit": "5259000000", "totalRevenue": "4326000000", "costOfRevenue": "-933000000", "costofGoodsAndServicesSold": "-933000000", "operatingIncome": "1374000000", "sellingGeneralAndAdministrative": "961000000", "researchAndDevelopment": "0", "operatingExpenses": "-2966000000", "investmentIncomeNet": "None", "netInterestIncome": "None", "interestIncome": "None", "interestExpense": "664000000", "nonInterestIncome": "None", "otherNonOperatingIncome": "None", "depreciation": "None", "depreciationAndAmortization": "107000000", "incomeBeforeTax": "710000000", "incomeTaxExpense": "108000000", "interestAndDebtExpense": "None", "netIncomeFromContinuingOperations": "0", "comprehensiveIncomeNetOfTax": "None", "ebit": "1374000000", "ebitda": "1481000000", "netIncome": "602000000"}, {"fiscalDateEnding": "2009-09-30", "reportedCurrency": "USD", "grossProfit": "3862000000", "totalRevenue": "4043000000", "costOfRevenue": "181000000", "costofGoodsAndServicesSold": "181000000", "operatingIncome": "1439000000", "sellingGeneralAndAdministrative": "975000000", "researchAndDevelopment": "0", "operatingExpenses": "906000000", "investmentIncomeNet": "None", "netInterestIncome": "None", "interestIncome": "None", "interestExpense": "750000000", "nonInterestIncome": "None", "otherNonOperatingIncome": "None", "depreciation": "None", "depreciationAndAmortization": "94000000", "incomeBeforeTax": "691000000", "incomeTaxExpense": "86000000", "interestAndDebtExpense": "None", "netIncomeFromContinuingOperations": "0", "comprehensiveIncomeNetOfTax": "None", "ebit": "1439000000", "ebitda": "1533000000", "netIncome": "583000000"}, {"fiscalDateEnding": "2009-06-30", "reportedCurrency": "USD", "grossProfit": "3797000000", "totalRevenue": "4109000000", "costOfRevenue": "312000000", "costofGoodsAndServicesSold": "312000000", "operatingIncome": "1357000000", "sellingGeneralAndAdministrative": "976000000", "researchAndDevelopment": "0", "operatingExpenses": "844000000", "investmentIncomeNet": "None", "netInterestIncome": "None", "interestIncome": "None", "interestExpense": "786000000", "nonInterestIncome": "None", "otherNonOperatingIncome": "None", "depreciation": "None", "depreciationAndAmortization": "95000000", "incomeBeforeTax": "585000000", "incomeTaxExpense": "100000000", "interestAndDebtExpense": "None", "netIncomeFromContinuingOperations": "0", "comprehensiveIncomeNetOfTax": "None", "ebit": "1357000000", "ebitda": "1452000000", "netIncome": "485000000"}, {"fiscalDateEnding": "2009-03-31", "reportedCurrency": "USD", "grossProfit": "3552000000", "totalRevenue": "3552000000", "costOfRevenue": "2138000000", "costofGoodsAndServicesSold": "2138000000", "operatingIncome": "1450000000", "sellingGeneralAndAdministrative": "1015000000", "researchAndDevelopment": "0", "operatingExpenses": "842000000", "investmentIncomeNet": "None", "netInterestIncome": "None", "interestIncome": "None", "interestExpense": "820000000", "nonInterestIncome": "None", "otherNonOperatingIncome": "None", "depreciation": "None", "depreciationAndAmortization": "91000000", "incomeBeforeTax": "646000000", "incomeTaxExpense": "101000000", "interestAndDebtExpense": "None", "netIncomeFromContinuingOperations": "0", "comprehensiveIncomeNetOfTax": "None", "ebit": "1450000000", "ebitda": "1541000000", "netIncome": "529000000"}, {"fiscalDateEnding": "2008-12-31", "reportedCurrency": "USD", "grossProfit": "3584000000", "totalRevenue": "3584000000", "costOfRevenue": "2287000000", "costofGoodsAndServicesSold": "2287000000", "operatingIncome": "1377000000", "sellingGeneralAndAdministrative": "894000000", "researchAndDevelopment": "0", "operatingExpenses": "-2880000000", "investmentIncomeNet": "None", "netInterestIncome": "None", "interestIncome": "None", "interestExpense": "1020000000", "nonInterestIncome": "None", "otherNonOperatingIncome": "None", "depreciation": "None", "depreciationAndAmortization": "93000000", "incomeBeforeTax": "357000000", "incomeTaxExpense": "27000000", "interestAndDebtExpense": "None", "netIncomeFromContinuingOperations": "0", "comprehensiveIncomeNetOfTax": "None", "ebit": "1377000000", "ebitda": "1470000000", "netIncome": "330000000"}, {"fiscalDateEnding": "2008-09-30", "reportedCurrency": "USD", "grossProfit": "3345000000", "totalRevenue": "3345000000", "costOfRevenue": "1872000000", "costofGoodsAndServicesSold": "1872000000", "operatingIncome": "1898000000", "sellingGeneralAndAdministrative": "888000000", "researchAndDevelopment": "0", "operatingExpenses": "838000000", "investmentIncomeNet": "None", "netInterestIncome": "None", "interestIncome": "None", "interestExpense": "1124000000", "nonInterestIncome": "None", "otherNonOperatingIncome": "None", "depreciation": "None", "depreciationAndAmortization": "88000000", "incomeBeforeTax": "774000000", "incomeTaxExpense": "198000000", "interestAndDebtExpense": "None", "netIncomeFromContinuingOperations": "0", "comprehensiveIncomeNetOfTax": "None", "ebit": "1898000000", "ebitda": "1986000000", "netIncome": "576000000"}, {"fiscalDateEnding": "2008-06-30", "reportedCurrency": "USD", "grossProfit": "3767000000", "totalRevenue": "3767000000", "costOfRevenue": "1736000000", "costofGoodsAndServicesSold": "1736000000", "operatingIncome": "2476000000", "sellingGeneralAndAdministrative": "890000000", "researchAndDevelopment": "0", "operatingExpenses": "827000000", "investmentIncomeNet": "None", "netInterestIncome": "None", "interestIncome": "None", "interestExpense": "1140000000", "nonInterestIncome": "None", "otherNonOperatingIncome": "None", "depreciation": "None", "depreciationAndAmortization": "None", "incomeBeforeTax": "1336000000", "incomeTaxExpense": "386000000", "interestAndDebtExpense": "None", "netIncomeFromContinuingOperations": "0", "comprehensiveIncomeNetOfTax": "None", "ebit": "1336000000", "ebitda": "2476000000", "netIncome": "950000000"}, {"fiscalDateEnding": "2008-03-31", "reportedCurrency": "USD", "grossProfit": "3847000000", "totalRevenue": "3847000000", "costOfRevenue": "1887000000", "costofGoodsAndServicesSold": "1887000000", "operatingIncome": "2968000000", "sellingGeneralAndAdministrative": "882000000", "researchAndDevelopment": "0", "operatingExpenses": "824000000", "investmentIncomeNet": "None", "netInterestIncome": "None", "interestIncome": "None", "interestExpense": "1402000000", "nonInterestIncome": "None", "otherNonOperatingIncome": "None", "depreciation": "None", "depreciationAndAmortization": "None", "incomeBeforeTax": "1566000000", "incomeTaxExpense": "476000000", "interestAndDebtExpense": "None", "netIncomeFromContinuingOperations": "0", "comprehensiveIncomeNetOfTax": "None", "ebit": "1566000000", "ebitda": "2968000000", "netIncome": "1090000000"}, {"fiscalDateEnding": "2007-12-31", "reportedCurrency": "USD", "grossProfit": "3518000000", "totalRevenue": "3518000000", "costOfRevenue": "1863000000", "costofGoodsAndServicesSold": "1863000000", "operatingIncome": "2882000000", "sellingGeneralAndAdministrative": "809000000", "researchAndDevelopment": "0", "operatingExpenses": "-2503000000", "investmentIncomeNet": "None", "netInterestIncome": "None", "interestIncome": "None", "interestExpense": "1638000000", "nonInterestIncome": "None", "otherNonOperatingIncome": "None", "depreciation": "None", "depreciationAndAmortization": "None", "incomeBeforeTax": "1244000000", "incomeTaxExpense": "382000000", "interestAndDebtExpense": "None", "netIncomeFromContinuingOperations": "0", "comprehensiveIncomeNetOfTax": "None", "ebit": "1244000000", "ebitda": "2882000000", "netIncome": "862000000"}, {"fiscalDateEnding": "2007-09-30", "reportedCurrency": "USD", "grossProfit": "3511000000", "totalRevenue": "3511000000", "costOfRevenue": "1866000000", "costofGoodsAndServicesSold": "1866000000", "operatingIncome": "3351000000", "sellingGeneralAndAdministrative": "775000000", "researchAndDevelopment": "0", "operatingExpenses": "722000000", "investmentIncomeNet": "None", "netInterestIncome": "None", "interestIncome": "None", "interestExpense": "1667000000", "nonInterestIncome": "None", "otherNonOperatingIncome": "None", "depreciation": "None", "depreciationAndAmortization": "None", "incomeBeforeTax": "1684000000", "incomeTaxExpense": "508000000", "interestAndDebtExpense": "None", "netIncomeFromContinuingOperations": "0", "comprehensiveIncomeNetOfTax": "None", "ebit": "1684000000", "ebitda": "3351000000", "netIncome": "1176000000"}, {"fiscalDateEnding": "2007-06-30", "reportedCurrency": "USD", "grossProfit": "3487000000", "totalRevenue": "3487000000", "costOfRevenue": "1795000000", "costofGoodsAndServicesSold": "1795000000", "operatingIncome": "3260000000", "sellingGeneralAndAdministrative": "782000000", "researchAndDevelopment": "0", "operatingExpenses": "723000000", "investmentIncomeNet": "None", "netInterestIncome": "None", "interestIncome": "None", "interestExpense": "1604000000", "nonInterestIncome": "None", "otherNonOperatingIncome": "None", "depreciation": "None", "depreciationAndAmortization": "None", "incomeBeforeTax": "1656000000", "incomeTaxExpense": "500000000", "interestAndDebtExpense": "None", "netIncomeFromContinuingOperations": "0", "comprehensiveIncomeNetOfTax": "None", "ebit": "1656000000", "ebitda": "3260000000", "netIncome": "1156000000"}, {"fiscalDateEnding": "2007-03-31", "reportedCurrency": "USD", "grossProfit": "3345000000", "totalRevenue": "3345000000", "costOfRevenue": "1715000000", "costofGoodsAndServicesSold": "1715000000", "operatingIncome": "3161000000", "sellingGeneralAndAdministrative": "768000000", "researchAndDevelopment": "0", "operatingExpenses": "683000000", "investmentIncomeNet": "None", "netInterestIncome": "None", "interestIncome": "None", "interestExpense": "1538000000", "nonInterestIncome": "None", "otherNonOperatingIncome": "None", "depreciation": "None", "depreciationAndAmortization": "None", "incomeBeforeTax": "1623000000", "incomeTaxExpense": "493000000", "interestAndDebtExpense": "None", "netIncomeFromContinuingOperations": "0", "comprehensiveIncomeNetOfTax": "None", "ebit": "1623000000", "ebitda": "3161000000", "netIncome": "1130000000"}, {"fiscalDateEnding": "2006-12-31", "reportedCurrency": "USD", "grossProfit": "3409000000", "totalRevenue": "3409000000", "costOfRevenue": "1694000000", "costofGoodsAndServicesSold": "1694000000", "operatingIncome": "3153000000", "sellingGeneralAndAdministrative": "723000000", "researchAndDevelopment": "0", "operatingExpenses": "-256000000", "investmentIncomeNet": "None", "netInterestIncome": "None", "interestIncome": "None", "interestExpense": "1525000000", "nonInterestIncome": "None", "otherNonOperatingIncome": "None", "depreciation": "None", "depreciationAndAmortization": "None", "incomeBeforeTax": "1628000000", "incomeTaxExpense": "434000000", "interestAndDebtExpense": "None", "netIncomeFromContinuingOperations": "0", "comprehensiveIncomeNetOfTax": "None", "ebit": "1628000000", "ebitda": "3153000000", "netIncome": "1194000000"}, {"fiscalDateEnding": "2006-09-30", "reportedCurrency": "USD", "grossProfit": "3408000000", "totalRevenue": "3408000000", "costOfRevenue": "1624000000", "costofGoodsAndServicesSold": "1624000000", "operatingIncome": "3224000000", "sellingGeneralAndAdministrative": "755000000", "researchAndDevelopment": "0", "operatingExpenses": "690000000", "investmentIncomeNet": "None", "netInterestIncome": "None", "interestIncome": "None", "interestExpense": "1489000000", "nonInterestIncome": "None", "otherNonOperatingIncome": "None", "depreciation": "None", "depreciationAndAmortization": "None", "incomeBeforeTax": "1735000000", "incomeTaxExpense": "532000000", "interestAndDebtExpense": "None", "netIncomeFromContinuingOperations": "0", "comprehensiveIncomeNetOfTax": "None", "ebit": "1735000000", "ebitda": "3224000000", "netIncome": "1203000000"}, {"fiscalDateEnding": "2006-06-30", "reportedCurrency": "USD", "grossProfit": "3441000000", "totalRevenue": "3441000000", "costOfRevenue": "1457000000", "costofGoodsAndServicesSold": "1457000000", "operatingIncome": "3118000000", "sellingGeneralAndAdministrative": "750000000", "researchAndDevelopment": "0", "operatingExpenses": "685000000", "investmentIncomeNet": "None", "netInterestIncome": "None", "interestIncome": "None", "interestExpense": "1332000000", "nonInterestIncome": "None", "otherNonOperatingIncome": "None", "depreciation": "None", "depreciationAndAmortization": "None", "incomeBeforeTax": "1786000000", "incomeTaxExpense": "585000000", "interestAndDebtExpense": "None", "netIncomeFromContinuingOperations": "0", "comprehensiveIncomeNetOfTax": "None", "ebit": "1786000000", "ebitda": "3118000000", "netIncome": "1201000000"}, {"fiscalDateEnding": "2006-03-31", "reportedCurrency": "USD", "grossProfit": "3329000000", "totalRevenue": "3329000000", "costOfRevenue": "1291000000", "costofGoodsAndServicesSold": "1291000000", "operatingIncome": "2890000000", "sellingGeneralAndAdministrative": "766000000", "researchAndDevelopment": "0", "operatingExpenses": "673000000", "investmentIncomeNet": "None", "netInterestIncome": "None", "interestIncome": "None", "interestExpense": "1176000000", "nonInterestIncome": "None", "otherNonOperatingIncome": "None", "depreciation": "None", "depreciationAndAmortization": "None", "incomeBeforeTax": "1714000000", "incomeTaxExpense": "561000000", "interestAndDebtExpense": "None", "netIncomeFromContinuingOperations": "0", "comprehensiveIncomeNetOfTax": "None", "ebit": "1714000000", "ebitda": "2890000000", "netIncome": "1153000000"}, {"fiscalDateEnding": "2005-12-31", "reportedCurrency": "USD", "grossProfit": "3321000000", "totalRevenue": "3321000000", "costOfRevenue": "1263000000", "costofGoodsAndServicesSold": "1263000000", "operatingIncome": "2710000000", "sellingGeneralAndAdministrative": "702000000", "researchAndDevelopment": "0", "operatingExpenses": "-611000000", "investmentIncomeNet": "None", "netInterestIncome": "None", "interestIncome": "None", "interestExpense": "1058000000", "nonInterestIncome": "None", "otherNonOperatingIncome": "None", "depreciation": "None", "depreciationAndAmortization": "None", "incomeBeforeTax": "1652000000", "incomeTaxExpense": "509000000", "interestAndDebtExpense": "None", "netIncomeFromContinuingOperations": "0", "comprehensiveIncomeNetOfTax": "None", "ebit": "1652000000", "ebitda": "2710000000", "netIncome": "1143000000"}, {"fiscalDateEnding": "2005-09-30", "reportedCurrency": "USD", "grossProfit": "3358000000", "totalRevenue": "3358000000", "costOfRevenue": "1081000000", "costofGoodsAndServicesSold": "1081000000", "operatingIncome": "2676000000", "sellingGeneralAndAdministrative": "709000000", "researchAndDevelopment": "0", "operatingExpenses": "664000000", "investmentIncomeNet": "None", "netInterestIncome": "None", "interestIncome": "None", "interestExpense": "936000000", "nonInterestIncome": "None", "otherNonOperatingIncome": "None", "depreciation": "None", "depreciationAndAmortization": "None", "incomeBeforeTax": "1740000000", "incomeTaxExpense": "586000000", "interestAndDebtExpense": "None", "netIncomeFromContinuingOperations": "0", "comprehensiveIncomeNetOfTax": "None", "ebit": "1740000000", "ebitda": "2676000000", "netIncome": "1154000000"}, {"fiscalDateEnding": "2005-06-30", "reportedCurrency": "USD", "grossProfit": "3295000000", "totalRevenue": "3295000000", "costOfRevenue": "955000000", "costofGoodsAndServicesSold": "955000000", "operatingIncome": "2367000000", "sellingGeneralAndAdministrative": "720000000", "researchAndDevelopment": "0", "operatingExpenses": "679000000", "investmentIncomeNet": "None", "netInterestIncome": "None", "interestIncome": "None", "interestExpense": "811000000", "nonInterestIncome": "None", "otherNonOperatingIncome": "None", "depreciation": "None", "depreciationAndAmortization": "None", "incomeBeforeTax": "1556000000", "incomeTaxExpense": "435000000", "interestAndDebtExpense": "None", "netIncomeFromContinuingOperations": "0", "comprehensiveIncomeNetOfTax": "None", "ebit": "1556000000", "ebitda": "2367000000", "netIncome": "1121000000"}, {"fiscalDateEnding": "2005-03-31", "reportedCurrency": "USD", "grossProfit": "3126000000", "totalRevenue": "3126000000", "costOfRevenue": "863000000", "costofGoodsAndServicesSold": "863000000", "operatingIncome": "2314000000", "sellingGeneralAndAdministrative": "683000000", "researchAndDevelopment": "0", "operatingExpenses": "610000000", "investmentIncomeNet": "None", "netInterestIncome": "None", "interestIncome": "None", "interestExpense": "691000000", "nonInterestIncome": "None", "otherNonOperatingIncome": "None", "depreciation": "None", "depreciationAndAmortization": "None", "incomeBeforeTax": "1623000000", "incomeTaxExpense": "552000000", "interestAndDebtExpense": "None", "netIncomeFromContinuingOperations": "0", "comprehensiveIncomeNetOfTax": "None", "ebit": "1623000000", "ebitda": "2314000000", "netIncome": "1071000000"}, {"fiscalDateEnding": "2004-12-31", "reportedCurrency": "USD", "grossProfit": "3227700000", "totalRevenue": "3227700000", "costOfRevenue": "661900000", "costofGoodsAndServicesSold": "661900000", "operatingIncome": "2181600000", "sellingGeneralAndAdministrative": "677200000", "researchAndDevelopment": "0", "operatingExpenses": "-1046100000", "investmentIncomeNet": "None", "netInterestIncome": "None", "interestIncome": "None", "interestExpense": "596900000", "nonInterestIncome": "None", "otherNonOperatingIncome": "None", "depreciation": "None", "depreciationAndAmortization": "None", "incomeBeforeTax": "1584700000", "incomeTaxExpense": "528700000", "interestAndDebtExpense": "None", "netIncomeFromContinuingOperations": "0", "comprehensiveIncomeNetOfTax": "None", "ebit": "1584700000", "ebitda": "2181600000", "netIncome": "1056000000"}]}