{"symbol": "HPE", "annualReports": [{"fiscalDateEnding": "2024-10-31", "reportedCurrency": "USD", "grossProfit": "9844000000", "totalRevenue": "30127000000", "costOfRevenue": "20283000000", "costofGoodsAndServicesSold": "20283000000", "operatingIncome": "2190000000", "sellingGeneralAndAdministrative": "4871000000", "researchAndDevelopment": "2246000000", "operatingExpenses": "7688000000", "investmentIncomeNet": "None", "netInterestIncome": "-117000000", "interestIncome": "None", "interestExpense": "117000000", "nonInterestIncome": "None", "otherNonOperatingIncome": "None", "depreciation": "None", "depreciationAndAmortization": "2564000000", "incomeBeforeTax": "2953000000", "incomeTaxExpense": "374000000", "interestAndDebtExpense": "None", "netIncomeFromContinuingOperations": "2579000000", "comprehensiveIncomeNetOfTax": "None", "ebit": "2460000000", "ebitda": "5024000000", "netIncome": "2554000000"}, {"fiscalDateEnding": "2023-10-31", "reportedCurrency": "USD", "grossProfit": "10239000000", "totalRevenue": "29135000000", "costOfRevenue": "18896000000", "costofGoodsAndServicesSold": "18896000000", "operatingIncome": "2089000000", "sellingGeneralAndAdministrative": "5160000000", "researchAndDevelopment": "2349000000", "operatingExpenses": "8150000000", "investmentIncomeNet": "None", "netInterestIncome": "-156000000", "interestIncome": "None", "interestExpense": "156000000", "nonInterestIncome": "None", "otherNonOperatingIncome": "None", "depreciation": "None", "depreciationAndAmortization": "2616000000", "incomeBeforeTax": "2230000000", "incomeTaxExpense": "205000000", "interestAndDebtExpense": "None", "netIncomeFromContinuingOperations": "2025000000", "comprehensiveIncomeNetOfTax": "None", "ebit": "2442000000", "ebitda": "5058000000", "netIncome": "2025000000"}, {"fiscalDateEnding": "2022-10-31", "reportedCurrency": "USD", "grossProfit": "9506000000", "totalRevenue": "28496000000", "costOfRevenue": "18990000000", "costofGoodsAndServicesSold": "18990000000", "operatingIncome": "3605000000", "sellingGeneralAndAdministrative": "4941000000", "researchAndDevelopment": "2045000000", "operatingExpenses": "7346000000", "investmentIncomeNet": "None", "netInterestIncome": "-188000000", "interestIncome": "27000000", "interestExpense": "188000000", "nonInterestIncome": "None", "otherNonOperatingIncome": "215000000", "depreciation": "None", "depreciationAndAmortization": "2480000000", "incomeBeforeTax": "876000000", "incomeTaxExpense": "8000000", "interestAndDebtExpense": "None", "netIncomeFromContinuingOperations": "868000000", "comprehensiveIncomeNetOfTax": "None", "ebit": "2299000000", "ebitda": "4779000000", "netIncome": "868000000"}, {"fiscalDateEnding": "2021-10-31", "reportedCurrency": "USD", "grossProfit": "9376000000", "totalRevenue": "27784000000", "costOfRevenue": "18408000000", "costofGoodsAndServicesSold": "18408000000", "operatingIncome": "2429000000", "sellingGeneralAndAdministrative": "4929000000", "researchAndDevelopment": "1979000000", "operatingExpenses": "7197000000", "investmentIncomeNet": "None", "netInterestIncome": "-211000000", "interestIncome": "31000000", "interestExpense": "211000000", "nonInterestIncome": "None", "otherNonOperatingIncome": "180000000", "depreciation": "None", "depreciationAndAmortization": "2597000000", "incomeBeforeTax": "3587000000", "incomeTaxExpense": "160000000", "interestAndDebtExpense": "None", "netIncomeFromContinuingOperations": "3427000000", "comprehensiveIncomeNetOfTax": "None", "ebit": "2256000000", "ebitda": "4853000000", "netIncome": "3427000000"}, {"fiscalDateEnding": "2020-10-31", "reportedCurrency": "USD", "grossProfit": "8469000000", "totalRevenue": "26982000000", "costOfRevenue": "18513000000", "costofGoodsAndServicesSold": "18513000000", "operatingIncome": "3412000000", "sellingGeneralAndAdministrative": "4624000000", "researchAndDevelopment": "1874000000", "operatingExpenses": "6978000000", "investmentIncomeNet": "None", "netInterestIncome": "-215000000", "interestIncome": "148000000", "interestExpense": "256000000", "nonInterestIncome": "None", "otherNonOperatingIncome": "67000000", "depreciation": "None", "depreciationAndAmortization": "2625000000", "incomeBeforeTax": "-442000000", "incomeTaxExpense": "-120000000", "interestAndDebtExpense": "None", "netIncomeFromContinuingOperations": "-322000000", "comprehensiveIncomeNetOfTax": "None", "ebit": "1638000000", "ebitda": "4263000000", "netIncome": "-322000000"}, {"fiscalDateEnding": "2019-10-31", "reportedCurrency": "USD", "grossProfit": "9493000000", "totalRevenue": "29135000000", "costOfRevenue": "19642000000", "costofGoodsAndServicesSold": "19642000000", "operatingIncome": "4057000000", "sellingGeneralAndAdministrative": "4907000000", "researchAndDevelopment": "1842000000", "operatingExpenses": "6639000000", "investmentIncomeNet": "None", "netInterestIncome": "-177000000", "interestIncome": "157000000", "interestExpense": "315000000", "nonInterestIncome": "None", "otherNonOperatingIncome": "-157000000", "depreciation": "None", "depreciationAndAmortization": "2535000000", "incomeBeforeTax": "1553000000", "incomeTaxExpense": "504000000", "interestAndDebtExpense": "None", "netIncomeFromContinuingOperations": "1049000000", "comprehensiveIncomeNetOfTax": "None", "ebit": "2924000000", "ebitda": "5459000000", "netIncome": "1049000000"}, {"fiscalDateEnding": "2018-10-31", "reportedCurrency": "USD", "grossProfit": "9292000000", "totalRevenue": "30852000000", "costOfRevenue": "21560000000", "costofGoodsAndServicesSold": "21560000000", "operatingIncome": "1858000000", "sellingGeneralAndAdministrative": "4851000000", "researchAndDevelopment": "1663000000", "operatingExpenses": "8162000000", "investmentIncomeNet": "None", "netInterestIncome": "-274000000", "interestIncome": "236000000", "interestExpense": "1592000000", "nonInterestIncome": "None", "otherNonOperatingIncome": "-236000000", "depreciation": "None", "depreciationAndAmortization": "2576000000", "incomeBeforeTax": "268000000", "incomeTaxExpense": "-1744000000", "interestAndDebtExpense": "None", "netIncomeFromContinuingOperations": "2012000000", "comprehensiveIncomeNetOfTax": "None", "ebit": "1133000000", "ebitda": "3709000000", "netIncome": "1908000000"}, {"fiscalDateEnding": "2017-10-31", "reportedCurrency": "USD", "grossProfit": "8694000000", "totalRevenue": "28871000000", "costOfRevenue": "20177000000", "costofGoodsAndServicesSold": "20177000000", "operatingIncome": "625000000", "sellingGeneralAndAdministrative": "5006000000", "researchAndDevelopment": "1486000000", "operatingExpenses": "6816000000", "investmentIncomeNet": "None", "netInterestIncome": "-327000000", "interestIncome": "350000000", "interestExpense": "2954000000", "nonInterestIncome": "None", "otherNonOperatingIncome": "-350000000", "depreciation": "None", "depreciationAndAmortization": "3051000000", "incomeBeforeTax": "272000000", "incomeTaxExpense": "-164000000", "interestAndDebtExpense": "None", "netIncomeFromContinuingOperations": "436000000", "comprehensiveIncomeNetOfTax": "None", "ebit": "769000000", "ebitda": "3820000000", "netIncome": "344000000"}, {"fiscalDateEnding": "2016-10-31", "reportedCurrency": "USD", "grossProfit": "14616000000", "totalRevenue": "50123000000", "costOfRevenue": "35507000000", "costofGoodsAndServicesSold": "35507000000", "operatingIncome": "4150000000", "sellingGeneralAndAdministrative": "7821000000", "researchAndDevelopment": "2298000000", "operatingExpenses": "10557000000", "investmentIncomeNet": "None", "netInterestIncome": "-312000000", "interestIncome": "360000000", "interestExpense": "298000000", "nonInterestIncome": "None", "otherNonOperatingIncome": "-388000000", "depreciation": "None", "depreciationAndAmortization": "3775000000", "incomeBeforeTax": "4079000000", "incomeTaxExpense": "918000000", "interestAndDebtExpense": "None", "netIncomeFromContinuingOperations": "3161000000", "comprehensiveIncomeNetOfTax": "None", "ebit": "4158000000", "ebitda": "7933000000", "netIncome": "3161000000"}, {"fiscalDateEnding": "2015-10-31", "reportedCurrency": "USD", "grossProfit": "14939000000", "totalRevenue": "52107000000", "costOfRevenue": "37168000000", "costofGoodsAndServicesSold": "37168000000", "operatingIncome": "1523000000", "sellingGeneralAndAdministrative": "8025000000", "researchAndDevelopment": "2338000000", "operatingExpenses": "11215000000", "investmentIncomeNet": "None", "netInterestIncome": "None", "interestIncome": "11000000", "interestExpense": "4455000000", "nonInterestIncome": "None", "otherNonOperatingIncome": "-53000000", "depreciation": "None", "depreciationAndAmortization": "3947000000", "incomeBeforeTax": "1470000000", "incomeTaxExpense": "-991000000", "interestAndDebtExpense": "None", "netIncomeFromContinuingOperations": "2640000000", "comprehensiveIncomeNetOfTax": "None", "ebit": "3017000000", "ebitda": "6964000000", "netIncome": "2461000000"}, {"fiscalDateEnding": "2014-10-31", "reportedCurrency": "USD", "grossProfit": "15637000000", "totalRevenue": "55123000000", "costOfRevenue": "39486000000", "costofGoodsAndServicesSold": "39486000000", "operatingIncome": "2335000000", "sellingGeneralAndAdministrative": "10914000000", "researchAndDevelopment": "2197000000", "operatingExpenses": "11820000000", "investmentIncomeNet": "None", "netInterestIncome": "None", "interestIncome": "None", "interestExpense": "3055000000", "nonInterestIncome": "None", "otherNonOperatingIncome": "None", "depreciation": "None", "depreciationAndAmortization": "4144000000", "incomeBeforeTax": "2244000000", "incomeTaxExpense": "596000000", "interestAndDebtExpense": "None", "netIncomeFromContinuingOperations": "1648000000", "comprehensiveIncomeNetOfTax": "None", "ebit": "3817000000", "ebitda": "7961000000", "netIncome": "1648000000"}, {"fiscalDateEnding": "2013-10-31", "reportedCurrency": "USD", "grossProfit": "15741000000", "totalRevenue": "57371000000", "costOfRevenue": "41630000000", "costofGoodsAndServicesSold": "41630000000", "operatingIncome": "2952000000", "sellingGeneralAndAdministrative": "10557000000", "researchAndDevelopment": "1956000000", "operatingExpenses": "11785000000", "investmentIncomeNet": "None", "netInterestIncome": "None", "interestIncome": "None", "interestExpense": "2089000000", "nonInterestIncome": "None", "otherNonOperatingIncome": "None", "depreciation": "None", "depreciationAndAmortization": "4396000000", "incomeBeforeTax": "2871000000", "incomeTaxExpense": "820000000", "interestAndDebtExpense": "None", "netIncomeFromContinuingOperations": "None", "comprehensiveIncomeNetOfTax": "None", "ebit": "3956000000", "ebitda": "8352000000", "netIncome": "2051000000"}, {"fiscalDateEnding": "2012-10-31", "reportedCurrency": "USD", "grossProfit": "16899000000", "totalRevenue": "61042000000", "costOfRevenue": "44143000000", "costofGoodsAndServicesSold": "44143000000", "operatingIncome": "-14139000000", "sellingGeneralAndAdministrative": "None", "researchAndDevelopment": "2120000000", "operatingExpenses": "12439000000", "investmentIncomeNet": "None", "netInterestIncome": "None", "interestIncome": "None", "interestExpense": "37373000000", "nonInterestIncome": "None", "otherNonOperatingIncome": "None", "depreciation": "None", "depreciationAndAmortization": "4858000000", "incomeBeforeTax": "-14314000000", "incomeTaxExpense": "447000000", "interestAndDebtExpense": "None", "netIncomeFromContinuingOperations": "None", "comprehensiveIncomeNetOfTax": "None", "ebit": "4460000000", "ebitda": "9318000000", "netIncome": "-14761000000"}], "quarterlyReports": [{"fiscalDateEnding": "2025-01-31", "reportedCurrency": "USD", "grossProfit": "2295000000", "totalRevenue": "7854000000", "costOfRevenue": "5559000000", "costofGoodsAndServicesSold": "5559000000", "operatingIncome": "433000000", "sellingGeneralAndAdministrative": "1268000000", "researchAndDevelopment": "475000000", "operatingExpenses": "1862000000", "investmentIncomeNet": "None", "netInterestIncome": "39000000", "interestIncome": "None", "interestExpense": "None", "nonInterestIncome": "None", "otherNonOperatingIncome": "None", "depreciation": "None", "depreciationAndAmortization": "599000000", "incomeBeforeTax": "733000000", "incomeTaxExpense": "135000000", "interestAndDebtExpense": "None", "netIncomeFromContinuingOperations": "627000000", "comprehensiveIncomeNetOfTax": "None", "ebit": "514000000", "ebitda": "1113000000", "netIncome": "598000000"}, {"fiscalDateEnding": "2024-10-31", "reportedCurrency": "USD", "grossProfit": "2602000000", "totalRevenue": "8458000000", "costOfRevenue": "5856000000", "costofGoodsAndServicesSold": "5856000000", "operatingIncome": "693000000", "sellingGeneralAndAdministrative": "1211000000", "researchAndDevelopment": "527000000", "operatingExpenses": "1913000000", "investmentIncomeNet": "None", "netInterestIncome": "5000000", "interestIncome": "None", "interestExpense": "None", "nonInterestIncome": "None", "otherNonOperatingIncome": "None", "depreciation": "None", "depreciationAndAmortization": "640000000", "incomeBeforeTax": "1417000000", "incomeTaxExpense": "51000000", "interestAndDebtExpense": "None", "netIncomeFromContinuingOperations": "1366000000", "comprehensiveIncomeNetOfTax": "None", "ebit": "795000000", "ebitda": "1435000000", "netIncome": "1341000000"}, {"fiscalDateEnding": "2024-07-31", "reportedCurrency": "USD", "grossProfit": "2439000000", "totalRevenue": "7710000000", "costOfRevenue": "5271000000", "costofGoodsAndServicesSold": "5271000000", "operatingIncome": "547000000", "sellingGeneralAndAdministrative": "1229000000", "researchAndDevelopment": "547000000", "operatingExpenses": "1892000000", "investmentIncomeNet": "None", "netInterestIncome": "-12000000", "interestIncome": "None", "interestExpense": "None", "nonInterestIncome": "None", "otherNonOperatingIncome": "None", "depreciation": "None", "depreciationAndAmortization": "625000000", "incomeBeforeTax": "608000000", "incomeTaxExpense": "96000000", "interestAndDebtExpense": "None", "netIncomeFromContinuingOperations": "512000000", "comprehensiveIncomeNetOfTax": "None", "ebit": "602000000", "ebitda": "1227000000", "netIncome": "512000000"}, {"fiscalDateEnding": "2024-04-30", "reportedCurrency": "USD", "grossProfit": "2287000000", "totalRevenue": "7182000000", "costOfRevenue": "4895000000", "costofGoodsAndServicesSold": "4895000000", "operatingIncome": "482000000", "sellingGeneralAndAdministrative": "1215000000", "researchAndDevelopment": "590000000", "operatingExpenses": "1805000000", "investmentIncomeNet": "None", "netInterestIncome": "-22000000", "interestIncome": "None", "interestExpense": "22000000", "nonInterestIncome": "None", "otherNonOperatingIncome": "None", "depreciation": "None", "depreciationAndAmortization": "642000000", "incomeBeforeTax": "445000000", "incomeTaxExpense": "131000000", "interestAndDebtExpense": "None", "netIncomeFromContinuingOperations": "314000000", "comprehensiveIncomeNetOfTax": "None", "ebit": "504000000", "ebitda": "1146000000", "netIncome": "314000000"}, {"fiscalDateEnding": "2024-01-31", "reportedCurrency": "USD", "grossProfit": "2362000000", "totalRevenue": "6731000000", "costOfRevenue": "4369000000", "costofGoodsAndServicesSold": "4369000000", "operatingIncome": "564000000", "sellingGeneralAndAdministrative": "1216000000", "researchAndDevelopment": "582000000", "operatingExpenses": "1798000000", "investmentIncomeNet": "None", "netInterestIncome": "-88000000", "interestIncome": "None", "interestExpense": "88000000", "nonInterestIncome": "None", "otherNonOperatingIncome": "None", "depreciation": "None", "depreciationAndAmortization": "657000000", "incomeBeforeTax": "483000000", "incomeTaxExpense": "96000000", "interestAndDebtExpense": "None", "netIncomeFromContinuingOperations": "387000000", "comprehensiveIncomeNetOfTax": "None", "ebit": "587000000", "ebitda": "1244000000", "netIncome": "387000000"}, {"fiscalDateEnding": "2023-10-31", "reportedCurrency": "USD", "grossProfit": "2559000000", "totalRevenue": "7351000000", "costOfRevenue": "4792000000", "costofGoodsAndServicesSold": "4792000000", "operatingIncome": "507000000", "sellingGeneralAndAdministrative": "1332000000", "researchAndDevelopment": "578000000", "operatingExpenses": "1977000000", "investmentIncomeNet": "None", "netInterestIncome": "-27000000", "interestIncome": "None", "interestExpense": "27000000", "nonInterestIncome": "None", "otherNonOperatingIncome": "None", "depreciation": "None", "depreciationAndAmortization": "655000000", "incomeBeforeTax": "549000000", "incomeTaxExpense": "-93000000", "interestAndDebtExpense": "None", "netIncomeFromContinuingOperations": "642000000", "comprehensiveIncomeNetOfTax": "None", "ebit": "586000000", "ebitda": "1241000000", "netIncome": "642000000"}, {"fiscalDateEnding": "2023-07-31", "reportedCurrency": "USD", "grossProfit": "2510000000", "totalRevenue": "7002000000", "costOfRevenue": "4492000000", "costofGoodsAndServicesSold": "4492000000", "operatingIncome": "471000000", "sellingGeneralAndAdministrative": "1302000000", "researchAndDevelopment": "578000000", "operatingExpenses": "1907000000", "investmentIncomeNet": "None", "netInterestIncome": "-50000000", "interestIncome": "23000000", "interestExpense": "50000000", "nonInterestIncome": "None", "otherNonOperatingIncome": "23000000", "depreciation": "None", "depreciationAndAmortization": "654000000", "incomeBeforeTax": "536000000", "incomeTaxExpense": "72000000", "interestAndDebtExpense": "None", "netIncomeFromContinuingOperations": "464000000", "comprehensiveIncomeNetOfTax": "None", "ebit": "557000000", "ebitda": "1211000000", "netIncome": "464000000"}, {"fiscalDateEnding": "2023-04-30", "reportedCurrency": "USD", "grossProfit": "2512000000", "totalRevenue": "6973000000", "costOfRevenue": "4461000000", "costofGoodsAndServicesSold": "4461000000", "operatingIncome": "520000000", "sellingGeneralAndAdministrative": "1269000000", "researchAndDevelopment": "570000000", "operatingExpenses": "1904000000", "investmentIncomeNet": "None", "netInterestIncome": "-54000000", "interestIncome": "5000000", "interestExpense": "47000000", "nonInterestIncome": "None", "otherNonOperatingIncome": "-5000000", "depreciation": "None", "depreciationAndAmortization": "651000000", "incomeBeforeTax": "522000000", "incomeTaxExpense": "104000000", "interestAndDebtExpense": "None", "netIncomeFromContinuingOperations": "418000000", "comprehensiveIncomeNetOfTax": "None", "ebit": "600000000", "ebitda": "1251000000", "netIncome": "418000000"}, {"fiscalDateEnding": "2023-01-31", "reportedCurrency": "USD", "grossProfit": "2658000000", "totalRevenue": "7809000000", "costOfRevenue": "5151000000", "costofGoodsAndServicesSold": "5151000000", "operatingIncome": "591000000", "sellingGeneralAndAdministrative": "1257000000", "researchAndDevelopment": "623000000", "operatingExpenses": "1954000000", "investmentIncomeNet": "None", "netInterestIncome": "-25000000", "interestIncome": "33000000", "interestExpense": "25000000", "nonInterestIncome": "None", "otherNonOperatingIncome": "33000000", "depreciation": "None", "depreciationAndAmortization": "656000000", "incomeBeforeTax": "623000000", "incomeTaxExpense": "122000000", "interestAndDebtExpense": "None", "netIncomeFromContinuingOperations": "501000000", "comprehensiveIncomeNetOfTax": "None", "ebit": "706000000", "ebitda": "1362000000", "netIncome": "501000000"}, {"fiscalDateEnding": "2022-10-31", "reportedCurrency": "USD", "grossProfit": "2593000000", "totalRevenue": "7871000000", "costOfRevenue": "5278000000", "costofGoodsAndServicesSold": "5278000000", "operatingIncome": "1805000000", "sellingGeneralAndAdministrative": "1262000000", "researchAndDevelopment": "515000000", "operatingExpenses": "1870000000", "investmentIncomeNet": "None", "netInterestIncome": "-109000000", "interestIncome": "26000000", "interestExpense": "109000000", "nonInterestIncome": "None", "otherNonOperatingIncome": "162000000", "depreciation": "None", "depreciationAndAmortization": "618000000", "incomeBeforeTax": "-357000000", "incomeTaxExpense": "-53000000", "interestAndDebtExpense": "None", "netIncomeFromContinuingOperations": "-304000000", "comprehensiveIncomeNetOfTax": "None", "ebit": "742000000", "ebitda": "1360000000", "netIncome": "-304000000"}, {"fiscalDateEnding": "2022-07-31", "reportedCurrency": "USD", "grossProfit": "2396000000", "totalRevenue": "6951000000", "costOfRevenue": "4555000000", "costofGoodsAndServicesSold": "4555000000", "operatingIncome": "466000000", "sellingGeneralAndAdministrative": "1229000000", "researchAndDevelopment": "509000000", "operatingExpenses": "1841000000", "investmentIncomeNet": "None", "netInterestIncome": "-74000000", "interestIncome": "6000000", "interestExpense": "74000000", "nonInterestIncome": "None", "otherNonOperatingIncome": "-6000000", "depreciation": "None", "depreciationAndAmortization": "620000000", "incomeBeforeTax": "464000000", "incomeTaxExpense": "55000000", "interestAndDebtExpense": "None", "netIncomeFromContinuingOperations": "409000000", "comprehensiveIncomeNetOfTax": "None", "ebit": "595000000", "ebitda": "1215000000", "netIncome": "409000000"}, {"fiscalDateEnding": "2022-04-30", "reportedCurrency": "USD", "grossProfit": "2173000000", "totalRevenue": "6713000000", "costOfRevenue": "4540000000", "costofGoodsAndServicesSold": "4540000000", "operatingIncome": "402000000", "sellingGeneralAndAdministrative": "1249000000", "researchAndDevelopment": "517000000", "operatingExpenses": "1840000000", "investmentIncomeNet": "None", "netInterestIncome": "0", "interestIncome": "33000000", "interestExpense": "183000000", "nonInterestIncome": "None", "otherNonOperatingIncome": "33000000", "depreciation": "None", "depreciationAndAmortization": "621000000", "incomeBeforeTax": "276000000", "incomeTaxExpense": "26000000", "interestAndDebtExpense": "None", "netIncomeFromContinuingOperations": "250000000", "comprehensiveIncomeNetOfTax": "None", "ebit": "474000000", "ebitda": "1095000000", "netIncome": "250000000"}, {"fiscalDateEnding": "2022-01-31", "reportedCurrency": "USD", "grossProfit": "2344000000", "totalRevenue": "6961000000", "costOfRevenue": "4617000000", "costofGoodsAndServicesSold": "4617000000", "operatingIncome": "448000000", "sellingGeneralAndAdministrative": "1201000000", "researchAndDevelopment": "504000000", "operatingExpenses": "1795000000", "investmentIncomeNet": "None", "netInterestIncome": "-5000000", "interestIncome": "26000000", "interestExpense": "5000000", "nonInterestIncome": "None", "otherNonOperatingIncome": "26000000", "depreciation": "None", "depreciationAndAmortization": "621000000", "incomeBeforeTax": "493000000", "incomeTaxExpense": "-20000000", "interestAndDebtExpense": "None", "netIncomeFromContinuingOperations": "513000000", "comprehensiveIncomeNetOfTax": "None", "ebit": "585000000", "ebitda": "1206000000", "netIncome": "513000000"}, {"fiscalDateEnding": "2021-10-31", "reportedCurrency": "USD", "grossProfit": "2419000000", "totalRevenue": "7354000000", "costOfRevenue": "4935000000", "costofGoodsAndServicesSold": "4935000000", "operatingIncome": "350000000", "sellingGeneralAndAdministrative": "1159000000", "researchAndDevelopment": "502000000", "operatingExpenses": "1855000000", "investmentIncomeNet": "None", "netInterestIncome": "-106000000", "interestIncome": "35000000", "interestExpense": "106000000", "nonInterestIncome": "None", "otherNonOperatingIncome": "176000000", "depreciation": "None", "depreciationAndAmortization": "641000000", "incomeBeforeTax": "2688000000", "incomeTaxExpense": "135000000", "interestAndDebtExpense": "None", "netIncomeFromContinuingOperations": "2553000000", "comprehensiveIncomeNetOfTax": "None", "ebit": "589000000", "ebitda": "1230000000", "netIncome": "2553000000"}, {"fiscalDateEnding": "2021-07-31", "reportedCurrency": "USD", "grossProfit": "2382000000", "totalRevenue": "6897000000", "costOfRevenue": "4515000000", "costofGoodsAndServicesSold": "4515000000", "operatingIncome": "282000000", "sellingGeneralAndAdministrative": "1291000000", "researchAndDevelopment": "506000000", "operatingExpenses": "1803000000", "investmentIncomeNet": "None", "netInterestIncome": "-50000000", "interestIncome": "29000000", "interestExpense": "50000000", "nonInterestIncome": "None", "otherNonOperatingIncome": "29000000", "depreciation": "None", "depreciationAndAmortization": "643000000", "incomeBeforeTax": "406000000", "incomeTaxExpense": "14000000", "interestAndDebtExpense": "None", "netIncomeFromContinuingOperations": "392000000", "comprehensiveIncomeNetOfTax": "None", "ebit": "599000000", "ebitda": "1242000000", "netIncome": "392000000"}, {"fiscalDateEnding": "2021-04-30", "reportedCurrency": "USD", "grossProfit": "2287000000", "totalRevenue": "6700000000", "costOfRevenue": "4413000000", "costofGoodsAndServicesSold": "4413000000", "operatingIncome": "278000000", "sellingGeneralAndAdministrative": "1199000000", "researchAndDevelopment": "503000000", "operatingExpenses": "1786000000", "investmentIncomeNet": "None", "netInterestIncome": "-11000000", "interestIncome": "7000000", "interestExpense": "11000000", "nonInterestIncome": "None", "otherNonOperatingIncome": "-7000000", "depreciation": "None", "depreciationAndAmortization": "639000000", "incomeBeforeTax": "288000000", "incomeTaxExpense": "29000000", "interestAndDebtExpense": "None", "netIncomeFromContinuingOperations": "259000000", "comprehensiveIncomeNetOfTax": "None", "ebit": "511000000", "ebitda": "1150000000", "netIncome": "259000000"}, {"fiscalDateEnding": "2021-01-31", "reportedCurrency": "USD", "grossProfit": "2288000000", "totalRevenue": "6833000000", "costOfRevenue": "4545000000", "costofGoodsAndServicesSold": "4545000000", "operatingIncome": "222000000", "sellingGeneralAndAdministrative": "1159000000", "researchAndDevelopment": "468000000", "operatingExpenses": "1753000000", "investmentIncomeNet": "None", "netInterestIncome": "-44000000", "interestIncome": "18000000", "interestExpense": "44000000", "nonInterestIncome": "None", "otherNonOperatingIncome": "-18000000", "depreciation": "None", "depreciationAndAmortization": "674000000", "incomeBeforeTax": "205000000", "incomeTaxExpense": "-18000000", "interestAndDebtExpense": "None", "netIncomeFromContinuingOperations": "223000000", "comprehensiveIncomeNetOfTax": "None", "ebit": "549000000", "ebitda": "1223000000", "netIncome": "223000000"}, {"fiscalDateEnding": "2020-10-31", "reportedCurrency": "USD", "grossProfit": "2206000000", "totalRevenue": "7208000000", "costOfRevenue": "5002000000", "costofGoodsAndServicesSold": "5002000000", "operatingIncome": "145000000", "sellingGeneralAndAdministrative": "3458000000", "researchAndDevelopment": "484000000", "operatingExpenses": "1745000000", "investmentIncomeNet": "None", "netInterestIncome": "-57000000", "interestIncome": "40000000", "interestExpense": "83000000", "nonInterestIncome": "None", "otherNonOperatingIncome": "175000000", "depreciation": "None", "depreciationAndAmortization": "652000000", "incomeBeforeTax": "125000000", "incomeTaxExpense": "-32000000", "interestAndDebtExpense": "None", "netIncomeFromContinuingOperations": "157000000", "comprehensiveIncomeNetOfTax": "None", "ebit": "474000000", "ebitda": "1126000000", "netIncome": "157000000"}, {"fiscalDateEnding": "2020-07-31", "reportedCurrency": "USD", "grossProfit": "2067000000", "totalRevenue": "6816000000", "costOfRevenue": "4749000000", "costofGoodsAndServicesSold": "4749000000", "operatingIncome": "12000000", "sellingGeneralAndAdministrative": "1131000000", "researchAndDevelopment": "455000000", "operatingExpenses": "1711000000", "investmentIncomeNet": "None", "netInterestIncome": "-71000000", "interestIncome": "44000000", "interestExpense": "71000000", "nonInterestIncome": "None", "otherNonOperatingIncome": "-44000000", "depreciation": "None", "depreciationAndAmortization": "642000000", "incomeBeforeTax": "-34000000", "incomeTaxExpense": "-43000000", "interestAndDebtExpense": "None", "netIncomeFromContinuingOperations": "9000000", "comprehensiveIncomeNetOfTax": "None", "ebit": "384000000", "ebitda": "1026000000", "netIncome": "9000000"}, {"fiscalDateEnding": "2020-04-30", "reportedCurrency": "USD", "grossProfit": "1914000000", "totalRevenue": "6009000000", "costOfRevenue": "4095000000", "costofGoodsAndServicesSold": "4095000000", "operatingIncome": "-834000000", "sellingGeneralAndAdministrative": "1109000000", "researchAndDevelopment": "450000000", "operatingExpenses": "1678000000", "investmentIncomeNet": "None", "netInterestIncome": "-68000000", "interestIncome": "78000000", "interestExpense": "68000000", "nonInterestIncome": "None", "otherNonOperatingIncome": "-78000000", "depreciation": "None", "depreciationAndAmortization": "641000000", "incomeBeforeTax": "-911000000", "incomeTaxExpense": "-90000000", "interestAndDebtExpense": "None", "netIncomeFromContinuingOperations": "-821000000", "comprehensiveIncomeNetOfTax": "None", "ebit": "279000000", "ebitda": "920000000", "netIncome": "-821000000"}, {"fiscalDateEnding": "2020-01-31", "reportedCurrency": "USD", "grossProfit": "2282000000", "totalRevenue": "6949000000", "costOfRevenue": "4667000000", "costofGoodsAndServicesSold": "4667000000", "operatingIncome": "348000000", "sellingGeneralAndAdministrative": "1218000000", "researchAndDevelopment": "485000000", "operatingExpenses": "1844000000", "investmentIncomeNet": "None", "netInterestIncome": "-19000000", "interestIncome": "14000000", "interestExpense": "19000000", "nonInterestIncome": "None", "otherNonOperatingIncome": "14000000", "depreciation": "None", "depreciationAndAmortization": "690000000", "incomeBeforeTax": "378000000", "incomeTaxExpense": "45000000", "interestAndDebtExpense": "None", "netIncomeFromContinuingOperations": "333000000", "comprehensiveIncomeNetOfTax": "None", "ebit": "495000000", "ebitda": "1185000000", "netIncome": "333000000"}, {"fiscalDateEnding": "2019-10-31", "reportedCurrency": "USD", "grossProfit": "2393000000", "totalRevenue": "7215000000", "costOfRevenue": "4822000000", "costofGoodsAndServicesSold": "4822000000", "operatingIncome": "460000000", "sellingGeneralAndAdministrative": "1229000000", "researchAndDevelopment": "438000000", "operatingExpenses": "1447000000", "investmentIncomeNet": "None", "netInterestIncome": "-38000000", "interestIncome": "39000000", "interestExpense": "421000000", "nonInterestIncome": "None", "otherNonOperatingIncome": "-39000000", "depreciation": "None", "depreciationAndAmortization": "616000000", "incomeBeforeTax": "723000000", "incomeTaxExpense": "243000000", "interestAndDebtExpense": "None", "netIncomeFromContinuingOperations": "480000000", "comprehensiveIncomeNetOfTax": "None", "ebit": "971000000", "ebitda": "1587000000", "netIncome": "480000000"}, {"fiscalDateEnding": "2019-07-31", "reportedCurrency": "USD", "grossProfit": "2449000000", "totalRevenue": "7217000000", "costOfRevenue": "4768000000", "costofGoodsAndServicesSold": "4768000000", "operatingIncome": "-76000000", "sellingGeneralAndAdministrative": "1253000000", "researchAndDevelopment": "481000000", "operatingExpenses": "1926000000", "investmentIncomeNet": "None", "netInterestIncome": "-70000000", "interestIncome": "67000000", "interestExpense": "1521000000", "nonInterestIncome": "None", "otherNonOperatingIncome": "-67000000", "depreciation": "None", "depreciationAndAmortization": "632000000", "incomeBeforeTax": "-265000000", "incomeTaxExpense": "-238000000", "interestAndDebtExpense": "None", "netIncomeFromContinuingOperations": "-27000000", "comprehensiveIncomeNetOfTax": "None", "ebit": "535000000", "ebitda": "1167000000", "netIncome": "-27000000"}, {"fiscalDateEnding": "2019-04-30", "reportedCurrency": "USD", "grossProfit": "2305000000", "totalRevenue": "7150000000", "costOfRevenue": "4845000000", "costofGoodsAndServicesSold": "4845000000", "operatingIncome": "434000000", "sellingGeneralAndAdministrative": "1214000000", "researchAndDevelopment": "457000000", "operatingExpenses": "1736000000", "investmentIncomeNet": "None", "netInterestIncome": "-18000000", "interestIncome": "15000000", "interestExpense": "260000000", "nonInterestIncome": "None", "otherNonOperatingIncome": "-15000000", "depreciation": "None", "depreciationAndAmortization": "648000000", "incomeBeforeTax": "440000000", "incomeTaxExpense": "21000000", "interestAndDebtExpense": "None", "netIncomeFromContinuingOperations": "419000000", "comprehensiveIncomeNetOfTax": "None", "ebit": "588000000", "ebitda": "1236000000", "netIncome": "419000000"}, {"fiscalDateEnding": "2019-01-31", "reportedCurrency": "USD", "grossProfit": "2346000000", "totalRevenue": "7553000000", "costOfRevenue": "5207000000", "costofGoodsAndServicesSold": "5207000000", "operatingIncome": "456000000", "sellingGeneralAndAdministrative": "1211000000", "researchAndDevelopment": "466000000", "operatingExpenses": "1530000000", "investmentIncomeNet": "None", "netInterestIncome": "None", "interestIncome": "None", "interestExpense": "302000000", "nonInterestIncome": "None", "otherNonOperatingIncome": "-36000000", "depreciation": "None", "depreciationAndAmortization": "639000000", "incomeBeforeTax": "655000000", "incomeTaxExpense": "478000000", "interestAndDebtExpense": "None", "netIncomeFromContinuingOperations": "177000000", "comprehensiveIncomeNetOfTax": "None", "ebit": "832000000", "ebitda": "1471000000", "netIncome": "177000000"}, {"fiscalDateEnding": "2018-10-31", "reportedCurrency": "USD", "grossProfit": "2457000000", "totalRevenue": "7946000000", "costOfRevenue": "5489000000", "costofGoodsAndServicesSold": "5489000000", "operatingIncome": "684000000", "sellingGeneralAndAdministrative": "1219000000", "researchAndDevelopment": "439000000", "operatingExpenses": "1742000000", "investmentIncomeNet": "None", "netInterestIncome": "None", "interestIncome": "None", "interestExpense": "167000000", "nonInterestIncome": "None", "otherNonOperatingIncome": "-96000000", "depreciation": "None", "depreciationAndAmortization": "645000000", "incomeBeforeTax": "576000000", "incomeTaxExpense": "1348000000", "interestAndDebtExpense": "None", "netIncomeFromContinuingOperations": "-772000000", "comprehensiveIncomeNetOfTax": "None", "ebit": "720000000", "ebitda": "1365000000", "netIncome": "-757000000"}, {"fiscalDateEnding": "2018-07-31", "reportedCurrency": "USD", "grossProfit": "2380000000", "totalRevenue": "7764000000", "costOfRevenue": "5384000000", "costofGoodsAndServicesSold": "5384000000", "operatingIncome": "516000000", "sellingGeneralAndAdministrative": "1203000000", "researchAndDevelopment": "434000000", "operatingExpenses": "1707000000", "investmentIncomeNet": "None", "netInterestIncome": "None", "interestIncome": "None", "interestExpense": "364000000", "nonInterestIncome": "None", "otherNonOperatingIncome": "-53000000", "depreciation": "None", "depreciationAndAmortization": "641000000", "incomeBeforeTax": "465000000", "incomeTaxExpense": "13000000", "interestAndDebtExpense": "None", "netIncomeFromContinuingOperations": "452000000", "comprehensiveIncomeNetOfTax": "None", "ebit": "665000000", "ebitda": "1306000000", "netIncome": "451000000"}, {"fiscalDateEnding": "2018-04-30", "reportedCurrency": "USD", "grossProfit": "2272000000", "totalRevenue": "7468000000", "costOfRevenue": "5196000000", "costofGoodsAndServicesSold": "5196000000", "operatingIncome": "397000000", "sellingGeneralAndAdministrative": "1227000000", "researchAndDevelopment": "402000000", "operatingExpenses": "2126000000", "investmentIncomeNet": "None", "netInterestIncome": "None", "interestIncome": "None", "interestExpense": "508000000", "nonInterestIncome": "None", "otherNonOperatingIncome": "-88000000", "depreciation": "None", "depreciationAndAmortization": "655000000", "incomeBeforeTax": "-116000000", "incomeTaxExpense": "-966000000", "interestAndDebtExpense": "None", "netIncomeFromContinuingOperations": "850000000", "comprehensiveIncomeNetOfTax": "None", "ebit": "144000000", "ebitda": "799000000", "netIncome": "778000000"}, {"fiscalDateEnding": "2018-01-31", "reportedCurrency": "USD", "grossProfit": "2183000000", "totalRevenue": "7674000000", "costOfRevenue": "5491000000", "costofGoodsAndServicesSold": "5491000000", "operatingIncome": "261000000", "sellingGeneralAndAdministrative": "1202000000", "researchAndDevelopment": "388000000", "operatingExpenses": "2587000000", "investmentIncomeNet": "None", "netInterestIncome": "None", "interestIncome": "None", "interestExpense": "553000000", "nonInterestIncome": "None", "otherNonOperatingIncome": "1000000", "depreciation": "None", "depreciationAndAmortization": "635000000", "incomeBeforeTax": "-657000000", "incomeTaxExpense": "-2139000000", "interestAndDebtExpense": "None", "netIncomeFromContinuingOperations": "1482000000", "comprehensiveIncomeNetOfTax": "None", "ebit": "-402000000", "ebitda": "233000000", "netIncome": "1436000000"}, {"fiscalDateEnding": "2017-10-31", "reportedCurrency": "USD", "grossProfit": "2277000000", "totalRevenue": "7660000000", "costOfRevenue": "5383000000", "costofGoodsAndServicesSold": "5383000000", "operatingIncome": "-224000000", "sellingGeneralAndAdministrative": "648000000", "researchAndDevelopment": "364000000", "operatingExpenses": "1740000000", "investmentIncomeNet": "None", "netInterestIncome": "None", "interestIncome": "None", "interestExpense": "578000000", "nonInterestIncome": "None", "otherNonOperatingIncome": "-66000000", "depreciation": "None", "depreciationAndAmortization": "682000000", "incomeBeforeTax": "-301000000", "incomeTaxExpense": "-679000000", "interestAndDebtExpense": "None", "netIncomeFromContinuingOperations": "408000000", "comprehensiveIncomeNetOfTax": "None", "ebit": "-225000000", "ebitda": "457000000", "netIncome": "524000000"}, {"fiscalDateEnding": "2017-07-31", "reportedCurrency": "USD", "grossProfit": "2713000000", "totalRevenue": "8209000000", "costOfRevenue": "5496000000", "costofGoodsAndServicesSold": "5496000000", "operatingIncome": "147000000", "sellingGeneralAndAdministrative": "1512000000", "researchAndDevelopment": "508000000", "operatingExpenses": "2142000000", "investmentIncomeNet": "None", "netInterestIncome": "None", "interestIncome": "None", "interestExpense": "1007000000", "nonInterestIncome": "None", "otherNonOperatingIncome": "-96000000", "depreciation": "None", "depreciationAndAmortization": "737000000", "incomeBeforeTax": "61000000", "incomeTaxExpense": "-187000000", "interestAndDebtExpense": "None", "netIncomeFromContinuingOperations": "248000000", "comprehensiveIncomeNetOfTax": "None", "ebit": "433000000", "ebitda": "1170000000", "netIncome": "165000000"}, {"fiscalDateEnding": "2017-04-30", "reportedCurrency": "USD", "grossProfit": "2518000000", "totalRevenue": "7445000000", "costOfRevenue": "4927000000", "costofGoodsAndServicesSold": "4927000000", "operatingIncome": "182000000", "sellingGeneralAndAdministrative": "1449000000", "researchAndDevelopment": "486000000", "operatingExpenses": "2035000000", "investmentIncomeNet": "None", "netInterestIncome": "None", "interestIncome": "None", "interestExpense": "801000000", "nonInterestIncome": "None", "otherNonOperatingIncome": "-88000000", "depreciation": "None", "depreciationAndAmortization": "792000000", "incomeBeforeTax": "101000000", "incomeTaxExpense": "588000000", "interestAndDebtExpense": "None", "netIncomeFromContinuingOperations": "-487000000", "comprehensiveIncomeNetOfTax": "None", "ebit": "339000000", "ebitda": "1131000000", "netIncome": "-612000000"}, {"fiscalDateEnding": "2017-01-31", "reportedCurrency": "USD", "grossProfit": "3299000000", "totalRevenue": "11407000000", "costOfRevenue": "8108000000", "costofGoodsAndServicesSold": "8108000000", "operatingIncome": "463000000", "sellingGeneralAndAdministrative": "1759000000", "researchAndDevelopment": "485000000", "operatingExpenses": "2363000000", "investmentIncomeNet": "None", "netInterestIncome": "None", "interestIncome": "None", "interestExpense": "1082000000", "nonInterestIncome": "None", "otherNonOperatingIncome": "-100000000", "depreciation": "None", "depreciationAndAmortization": "840000000", "incomeBeforeTax": "345000000", "incomeTaxExpense": "78000000", "interestAndDebtExpense": "None", "netIncomeFromContinuingOperations": "267000000", "comprehensiveIncomeNetOfTax": "None", "ebit": "569000000", "ebitda": "1409000000", "netIncome": "267000000"}, {"fiscalDateEnding": "2016-10-31", "reportedCurrency": "USD", "grossProfit": "3789000000", "totalRevenue": "12478000000", "costOfRevenue": "8689000000", "costofGoodsAndServicesSold": "8689000000", "operatingIncome": "777000000", "sellingGeneralAndAdministrative": "1864000000", "researchAndDevelopment": "534000000", "operatingExpenses": "2213000000", "investmentIncomeNet": "None", "netInterestIncome": "None", "interestIncome": "None", "interestExpense": "1080000000", "nonInterestIncome": "None", "otherNonOperatingIncome": "-104000000", "depreciation": "None", "depreciationAndAmortization": "872000000", "incomeBeforeTax": "990000000", "incomeTaxExpense": "688000000", "interestAndDebtExpense": "None", "netIncomeFromContinuingOperations": "302000000", "comprehensiveIncomeNetOfTax": "None", "ebit": "1103000000", "ebitda": "1975000000", "netIncome": "302000000"}, {"fiscalDateEnding": "2016-07-31", "reportedCurrency": "USD", "grossProfit": "3572000000", "totalRevenue": "12210000000", "costOfRevenue": "8638000000", "costofGoodsAndServicesSold": "8638000000", "operatingIncome": "2497000000", "sellingGeneralAndAdministrative": "1938000000", "researchAndDevelopment": "555000000", "operatingExpenses": "2703000000", "investmentIncomeNet": "None", "netInterestIncome": "None", "interestIncome": "None", "interestExpense": "3166000000", "nonInterestIncome": "None", "otherNonOperatingIncome": "-90000000", "depreciation": "None", "depreciationAndAmortization": "954000000", "incomeBeforeTax": "2407000000", "incomeTaxExpense": "135000000", "interestAndDebtExpense": "None", "netIncomeFromContinuingOperations": "2272000000", "comprehensiveIncomeNetOfTax": "None", "ebit": "739000000", "ebitda": "1693000000", "netIncome": "2272000000"}, {"fiscalDateEnding": "2016-04-30", "reportedCurrency": "USD", "grossProfit": "3643000000", "totalRevenue": "12711000000", "costOfRevenue": "9068000000", "costofGoodsAndServicesSold": "9068000000", "operatingIncome": "492000000", "sellingGeneralAndAdministrative": "2021000000", "researchAndDevelopment": "624000000", "operatingExpenses": "2846000000", "investmentIncomeNet": "None", "netInterestIncome": "None", "interestIncome": "None", "interestExpense": "739000000", "nonInterestIncome": "None", "otherNonOperatingIncome": "-129000000", "depreciation": "None", "depreciationAndAmortization": "960000000", "incomeBeforeTax": "363000000", "incomeTaxExpense": "43000000", "interestAndDebtExpense": "None", "netIncomeFromContinuingOperations": "320000000", "comprehensiveIncomeNetOfTax": "None", "ebit": "603000000", "ebitda": "1563000000", "netIncome": "320000000"}, {"fiscalDateEnding": "2016-01-31", "reportedCurrency": "USD", "grossProfit": "3612000000", "totalRevenue": "12724000000", "costOfRevenue": "9112000000", "costofGoodsAndServicesSold": "9112000000", "operatingIncome": "384000000", "sellingGeneralAndAdministrative": "1998000000", "researchAndDevelopment": "585000000", "operatingExpenses": "2801000000", "investmentIncomeNet": "None", "netInterestIncome": "None", "interestIncome": "None", "interestExpense": "919000000", "nonInterestIncome": "None", "otherNonOperatingIncome": "-65000000", "depreciation": "None", "depreciationAndAmortization": "989000000", "incomeBeforeTax": "319000000", "incomeTaxExpense": "52000000", "interestAndDebtExpense": "None", "netIncomeFromContinuingOperations": "267000000", "comprehensiveIncomeNetOfTax": "None", "ebit": "769000000", "ebitda": "1758000000", "netIncome": "267000000"}, {"fiscalDateEnding": "2015-10-31", "reportedCurrency": "USD", "grossProfit": "3985000000", "totalRevenue": "13448000000", "costOfRevenue": "9463000000", "costofGoodsAndServicesSold": "9463000000", "operatingIncome": "119000000", "sellingGeneralAndAdministrative": "2038000000", "researchAndDevelopment": "652000000", "operatingExpenses": "2910000000", "investmentIncomeNet": "None", "netInterestIncome": "None", "interestIncome": "None", "interestExpense": "1921000000", "nonInterestIncome": "None", "otherNonOperatingIncome": "None", "depreciation": "None", "depreciationAndAmortization": "988000000", "incomeBeforeTax": "110000000", "incomeTaxExpense": "-1275000000", "interestAndDebtExpense": "None", "netIncomeFromContinuingOperations": "2640000000", "comprehensiveIncomeNetOfTax": "None", "ebit": "1075000000", "ebitda": "2063000000", "netIncome": "1385000000"}, {"fiscalDateEnding": "2015-07-31", "reportedCurrency": "USD", "grossProfit": "3750000000", "totalRevenue": "13057000000", "costOfRevenue": "9307000000", "costofGoodsAndServicesSold": "9307000000", "operatingIncome": "244000000", "sellingGeneralAndAdministrative": "2040000000", "researchAndDevelopment": "602000000", "operatingExpenses": "2867000000", "investmentIncomeNet": "None", "netInterestIncome": "None", "interestIncome": "None", "interestExpense": "1274000000", "nonInterestIncome": "None", "otherNonOperatingIncome": "None", "depreciation": "None", "depreciationAndAmortization": "989000000", "incomeBeforeTax": "248000000", "incomeTaxExpense": "24000000", "interestAndDebtExpense": "None", "netIncomeFromContinuingOperations": "0", "comprehensiveIncomeNetOfTax": "None", "ebit": "883000000", "ebitda": "1872000000", "netIncome": "224000000"}, {"fiscalDateEnding": "2015-04-30", "reportedCurrency": "USD", "grossProfit": "3584000000", "totalRevenue": "12549000000", "costOfRevenue": "8965000000", "costofGoodsAndServicesSold": "8965000000", "operatingIncome": "428000000", "sellingGeneralAndAdministrative": "2526000000", "researchAndDevelopment": "552000000", "operatingExpenses": "2730000000", "investmentIncomeNet": "None", "netInterestIncome": "None", "interestIncome": "None", "interestExpense": "882000000", "nonInterestIncome": "None", "otherNonOperatingIncome": "None", "depreciation": "None", "depreciationAndAmortization": "973000000", "incomeBeforeTax": "398000000", "incomeTaxExpense": "93000000", "interestAndDebtExpense": "None", "netIncomeFromContinuingOperations": "0", "comprehensiveIncomeNetOfTax": "None", "ebit": "854000000", "ebitda": "1827000000", "netIncome": "305000000"}, {"fiscalDateEnding": "2015-01-31", "reportedCurrency": "USD", "grossProfit": "3620000000", "totalRevenue": "13053000000", "costOfRevenue": "9433000000", "costofGoodsAndServicesSold": "9433000000", "operatingIncome": "732000000", "sellingGeneralAndAdministrative": "2505000000", "researchAndDevelopment": "532000000", "operatingExpenses": "2708000000", "investmentIncomeNet": "None", "netInterestIncome": "None", "interestIncome": "None", "interestExpense": "378000000", "nonInterestIncome": "None", "otherNonOperatingIncome": "None", "depreciation": "None", "depreciationAndAmortization": "997000000", "incomeBeforeTax": "714000000", "incomeTaxExpense": "167000000", "interestAndDebtExpense": "None", "netIncomeFromContinuingOperations": "0", "comprehensiveIncomeNetOfTax": "None", "ebit": "912000000", "ebitda": "1909000000", "netIncome": "547000000"}, {"fiscalDateEnding": "2014-10-31", "reportedCurrency": "USD", "grossProfit": "4306000000", "totalRevenue": "14073000000", "costOfRevenue": "9767000000", "costofGoodsAndServicesSold": "9767000000", "operatingIncome": "826000000", "sellingGeneralAndAdministrative": "2724000000", "researchAndDevelopment": "548000000", "operatingExpenses": "2930000000", "investmentIncomeNet": "None", "netInterestIncome": "None", "interestIncome": "None", "interestExpense": "1128000000", "nonInterestIncome": "None", "otherNonOperatingIncome": "None", "depreciation": "None", "depreciationAndAmortization": "1031000000", "incomeBeforeTax": "798000000", "incomeTaxExpense": "282000000", "interestAndDebtExpense": "None", "netIncomeFromContinuingOperations": "1648000000", "comprehensiveIncomeNetOfTax": "None", "ebit": "1376000000", "ebitda": "2407000000", "netIncome": "516000000"}, {"fiscalDateEnding": "2014-07-31", "reportedCurrency": "USD", "grossProfit": "3905000000", "totalRevenue": "13704000000", "costOfRevenue": "9799000000", "costofGoodsAndServicesSold": "9799000000", "operatingIncome": "354000000", "sellingGeneralAndAdministrative": "2777000000", "researchAndDevelopment": "574000000", "operatingExpenses": "2983000000", "investmentIncomeNet": "None", "netInterestIncome": "None", "interestIncome": "None", "interestExpense": "1152000000", "nonInterestIncome": "None", "otherNonOperatingIncome": "None", "depreciation": "None", "depreciationAndAmortization": "1016000000", "incomeBeforeTax": "338000000", "incomeTaxExpense": "72000000", "interestAndDebtExpense": "None", "netIncomeFromContinuingOperations": "0", "comprehensiveIncomeNetOfTax": "None", "ebit": "922000000", "ebitda": "1938000000", "netIncome": "266000000"}, {"fiscalDateEnding": "2014-04-30", "reportedCurrency": "USD", "grossProfit": "3713000000", "totalRevenue": "13673000000", "costOfRevenue": "9960000000", "costofGoodsAndServicesSold": "9960000000", "operatingIncome": "759500000", "sellingGeneralAndAdministrative": "5413000000", "researchAndDevelopment": "537500000", "operatingExpenses": "3147000000", "investmentIncomeNet": "None", "netInterestIncome": "None", "interestIncome": "None", "interestExpense": "24000000", "nonInterestIncome": "None", "otherNonOperatingIncome": "None", "depreciation": "None", "depreciationAndAmortization": "1048500000", "incomeBeforeTax": "554000000", "incomeTaxExpense": "121000000", "interestAndDebtExpense": "None", "netIncomeFromContinuingOperations": "0", "comprehensiveIncomeNetOfTax": "None", "ebit": "759500000", "ebitda": "1808000000", "netIncome": "433000000"}, {"fiscalDateEnding": "2014-01-31", "reportedCurrency": "None", "grossProfit": "3713000000", "totalRevenue": "13673000000", "costOfRevenue": "9960000000", "costofGoodsAndServicesSold": "9960000000", "operatingIncome": "759500000", "sellingGeneralAndAdministrative": "None", "researchAndDevelopment": "537500000", "operatingExpenses": "3147000000", "investmentIncomeNet": "None", "netInterestIncome": "None", "interestIncome": "None", "interestExpense": "None", "nonInterestIncome": "None", "otherNonOperatingIncome": "None", "depreciation": "None", "depreciationAndAmortization": "1048500000", "incomeBeforeTax": "554000000", "incomeTaxExpense": "121000000", "interestAndDebtExpense": "None", "netIncomeFromContinuingOperations": "None", "comprehensiveIncomeNetOfTax": "None", "ebit": "759500000", "ebitda": "1808000000", "netIncome": "433000000"}, {"fiscalDateEnding": "2013-10-31", "reportedCurrency": "USD", "grossProfit": "18909000000", "totalRevenue": "57371000000", "costOfRevenue": "38462000000", "costofGoodsAndServicesSold": "38462000000", "operatingIncome": "3956000000", "sellingGeneralAndAdministrative": "10557000000", "researchAndDevelopment": "1956000000", "operatingExpenses": "0", "investmentIncomeNet": "None", "netInterestIncome": "None", "interestIncome": "None", "interestExpense": "57000000", "nonInterestIncome": "None", "otherNonOperatingIncome": "None", "depreciation": "None", "depreciationAndAmortization": "None", "incomeBeforeTax": "2871000000", "incomeTaxExpense": "820000000", "interestAndDebtExpense": "None", "netIncomeFromContinuingOperations": "0", "comprehensiveIncomeNetOfTax": "None", "ebit": "0", "ebitda": "None", "netIncome": "2051000000"}]}