{"symbol": "ECL", "annualReports": [{"fiscalDateEnding": "2024-12-31", "reportedCurrency": "USD", "grossProfit": "6841700000", "totalRevenue": "15741400000", "costOfRevenue": "8899700000", "costofGoodsAndServicesSold": "8899700000", "operatingIncome": "2802400000", "sellingGeneralAndAdministrative": "4228200000", "researchAndDevelopment": "None", "operatingExpenses": "4042700000", "investmentIncomeNet": "None", "netInterestIncome": "-282500000", "interestIncome": "57800000", "interestExpense": "282500000", "nonInterestIncome": "None", "otherNonOperatingIncome": "None", "depreciation": "None", "depreciationAndAmortization": "933199767", "incomeBeforeTax": "2571200000", "incomeTaxExpense": "439300000", "interestAndDebtExpense": "None", "netIncomeFromContinuingOperations": "2131900000", "comprehensiveIncomeNetOfTax": "None", "ebit": "2668200000", "ebitda": "3601399767", "netIncome": "2112400000"}, {"fiscalDateEnding": "2023-12-31", "reportedCurrency": "USD", "grossProfit": "6187800000", "totalRevenue": "15320200000", "costOfRevenue": "9132400000", "costofGoodsAndServicesSold": "9132400000", "operatingIncome": "1992300000", "sellingGeneralAndAdministrative": "3948900000", "researchAndDevelopment": "192000000", "operatingExpenses": "4195500000", "investmentIncomeNet": "None", "netInterestIncome": "-295800000", "interestIncome": "31300000", "interestExpense": "348900000", "nonInterestIncome": "None", "otherNonOperatingIncome": "None", "depreciation": "None", "depreciationAndAmortization": "923600000", "incomeBeforeTax": "1755500000", "incomeTaxExpense": "362500000", "interestAndDebtExpense": "None", "netIncomeFromContinuingOperations": "1251700000", "comprehensiveIncomeNetOfTax": "None", "ebit": "2110200000", "ebitda": "3033800000", "netIncome": "1372300000"}, {"fiscalDateEnding": "2022-12-31", "reportedCurrency": "USD", "grossProfit": "5356800000", "totalRevenue": "14187800000", "costOfRevenue": "8831000000", "costofGoodsAndServicesSold": "8831000000", "operatingIncome": "788800000", "sellingGeneralAndAdministrative": "3653800000", "researchAndDevelopment": "190000000", "operatingExpenses": "3653800000", "investmentIncomeNet": "None", "netInterestIncome": "-243600000", "interestIncome": "243600000", "interestExpense": "243600000", "nonInterestIncome": "None", "otherNonOperatingIncome": "24500000", "depreciation": "None", "depreciationAndAmortization": "938700000", "incomeBeforeTax": "1343400000", "incomeTaxExpense": "234500000", "interestAndDebtExpense": "None", "netIncomeFromContinuingOperations": "1108900000", "comprehensiveIncomeNetOfTax": "None", "ebit": "1848000000", "ebitda": "2786700000", "netIncome": "1091700000"}, {"fiscalDateEnding": "2021-12-31", "reportedCurrency": "USD", "grossProfit": "5117300000", "totalRevenue": "12733100000", "costOfRevenue": "7615800000", "costofGoodsAndServicesSold": "7615800000", "operatingIncome": "892000000", "sellingGeneralAndAdministrative": "3416100000", "researchAndDevelopment": "186000000", "operatingExpenses": "3416100000", "investmentIncomeNet": "None", "netInterestIncome": "-218300000", "interestIncome": "185200000", "interestExpense": "218300000", "nonInterestIncome": "None", "otherNonOperatingIncome": "33900000", "depreciation": "None", "depreciationAndAmortization": "843100000", "incomeBeforeTax": "1414200000", "incomeTaxExpense": "270200000", "interestAndDebtExpense": "None", "netIncomeFromContinuingOperations": "1144000000", "comprehensiveIncomeNetOfTax": "None", "ebit": "1866200000", "ebitda": "2709300000", "netIncome": "1129900000"}, {"fiscalDateEnding": "2020-12-31", "reportedCurrency": "USD", "grossProfit": "4884400000", "totalRevenue": "11790200000", "costOfRevenue": "6905800000", "costofGoodsAndServicesSold": "6905800000", "operatingIncome": "818500000", "sellingGeneralAndAdministrative": "3309100000", "researchAndDevelopment": "185000000", "operatingExpenses": "3309100000", "investmentIncomeNet": "None", "netInterestIncome": "-290200000", "interestIncome": "290200000", "interestExpense": "290200000", "nonInterestIncome": "None", "otherNonOperatingIncome": "55900000", "depreciation": "None", "depreciationAndAmortization": "812700000", "incomeBeforeTax": "1161400000", "incomeTaxExpense": "176600000", "interestAndDebtExpense": "None", "netIncomeFromContinuingOperations": "984800000", "comprehensiveIncomeNetOfTax": "None", "ebit": "1684100000", "ebitda": "2496800000", "netIncome": "984800000"}, {"fiscalDateEnding": "2019-12-31", "reportedCurrency": "USD", "grossProfit": "5516200000", "totalRevenue": "12562000000", "costOfRevenue": "7045800000", "costofGoodsAndServicesSold": "7045800000", "operatingIncome": "1845200000", "sellingGeneralAndAdministrative": "3957500000", "researchAndDevelopment": "190000000", "operatingExpenses": "3550800000", "investmentIncomeNet": "None", "netInterestIncome": "-191200000", "interestIncome": "24100000", "interestExpense": "214400000", "nonInterestIncome": "None", "otherNonOperatingIncome": "76300000", "depreciation": "None", "depreciationAndAmortization": "775300000", "incomeBeforeTax": "1731500000", "incomeTaxExpense": "288600000", "interestAndDebtExpense": "None", "netIncomeFromContinuingOperations": "1576200000", "comprehensiveIncomeNetOfTax": "None", "ebit": "2088000000", "ebitda": "2863300000", "netIncome": "1558900000"}, {"fiscalDateEnding": "2018-12-31", "reportedCurrency": "USD", "grossProfit": "6042300000", "totalRevenue": "14668200000", "costOfRevenue": "8625900000", "costofGoodsAndServicesSold": "8625900000", "operatingIncome": "1947000000", "sellingGeneralAndAdministrative": "3968600000", "researchAndDevelopment": "216000000", "operatingExpenses": "3968600000", "investmentIncomeNet": "None", "netInterestIncome": "-222300000", "interestIncome": "14900000", "interestExpense": "222300000", "nonInterestIncome": "None", "otherNonOperatingIncome": "79900000", "depreciation": "None", "depreciationAndAmortization": "938300000", "incomeBeforeTax": "1804600000", "incomeTaxExpense": "364300000", "interestAndDebtExpense": "None", "netIncomeFromContinuingOperations": "1440300000", "comprehensiveIncomeNetOfTax": "None", "ebit": "2078700000", "ebitda": "3017000000", "netIncome": "1429100000"}, {"fiscalDateEnding": "2017-12-31", "reportedCurrency": "USD", "grossProfit": "5736100000", "totalRevenue": "13835900000", "costOfRevenue": "8099800000", "costofGoodsAndServicesSold": "8099800000", "operatingIncome": "1950100000", "sellingGeneralAndAdministrative": "4417100000", "researchAndDevelopment": "201000000", "operatingExpenses": "3789700000", "investmentIncomeNet": "None", "netInterestIncome": "-255000000", "interestIncome": "19600000", "interestExpense": "255000000", "nonInterestIncome": "None", "otherNonOperatingIncome": "None", "depreciation": "None", "depreciationAndAmortization": "893300000", "incomeBeforeTax": "1762400000", "incomeTaxExpense": "243800000", "interestAndDebtExpense": "None", "netIncomeFromContinuingOperations": "1522400000", "comprehensiveIncomeNetOfTax": "None", "ebit": "2029400000", "ebitda": "2922700000", "netIncome": "1504600000"}, {"fiscalDateEnding": "2016-12-31", "reportedCurrency": "USD", "grossProfit": "6253900000", "totalRevenue": "13152800000", "costOfRevenue": "6898900000", "costofGoodsAndServicesSold": "6898900000", "operatingIncome": "1915000000", "sellingGeneralAndAdministrative": "4299400000", "researchAndDevelopment": "189000000", "operatingExpenses": "4299400000", "investmentIncomeNet": "None", "netInterestIncome": "-264600000", "interestIncome": "20800000", "interestExpense": "264600000", "nonInterestIncome": "None", "otherNonOperatingIncome": "None", "depreciation": "None", "depreciationAndAmortization": "850700000", "incomeBeforeTax": "1650400000", "incomeTaxExpense": "403300000", "interestAndDebtExpense": "None", "netIncomeFromContinuingOperations": "1247100000", "comprehensiveIncomeNetOfTax": "None", "ebit": "2019500000", "ebitda": "2870200000", "netIncome": "1229600000"}, {"fiscalDateEnding": "2015-12-31", "reportedCurrency": "USD", "grossProfit": "6321600000", "totalRevenue": "13545100000", "costOfRevenue": "7223500000", "costofGoodsAndServicesSold": "7223500000", "operatingIncome": "1561300000", "sellingGeneralAndAdministrative": "4345500000", "researchAndDevelopment": "191000000", "operatingExpenses": "4345500000", "investmentIncomeNet": "None", "netInterestIncome": "None", "interestIncome": "243600000", "interestExpense": "243600000", "nonInterestIncome": "None", "otherNonOperatingIncome": "None", "depreciation": "None", "depreciationAndAmortization": "859500000", "incomeBeforeTax": "1317700000", "incomeTaxExpense": "300500000", "interestAndDebtExpense": "None", "netIncomeFromContinuingOperations": "1017200000", "comprehensiveIncomeNetOfTax": "None", "ebit": "1560200000", "ebitda": "2419700000", "netIncome": "1002100000"}, {"fiscalDateEnding": "2014-12-31", "reportedCurrency": "USD", "grossProfit": "6601400000", "totalRevenue": "14280500000", "costOfRevenue": "7679100000", "costofGoodsAndServicesSold": "7679100000", "operatingIncome": "1955000000", "sellingGeneralAndAdministrative": "4577600000", "researchAndDevelopment": "197000000", "operatingExpenses": "4577600000", "investmentIncomeNet": "None", "netInterestIncome": "None", "interestIncome": "None", "interestExpense": "256600000", "nonInterestIncome": "None", "otherNonOperatingIncome": "None", "depreciation": "None", "depreciationAndAmortization": "872000000", "incomeBeforeTax": "1698400000", "incomeTaxExpense": "476200000", "interestAndDebtExpense": "None", "netIncomeFromContinuingOperations": "1222200000", "comprehensiveIncomeNetOfTax": "None", "ebit": "2038100000", "ebitda": "2910100000", "netIncome": "1202800000"}, {"fiscalDateEnding": "2013-12-31", "reportedCurrency": "USD", "grossProfit": "6013300000", "totalRevenue": "13253400000", "costOfRevenue": "7240100000", "costofGoodsAndServicesSold": "7240100000", "operatingIncome": "1560600000", "sellingGeneralAndAdministrative": "4281400000", "researchAndDevelopment": "188000000", "operatingExpenses": "4281400000", "investmentIncomeNet": "None", "netInterestIncome": "None", "interestIncome": "None", "interestExpense": "262300000", "nonInterestIncome": "None", "otherNonOperatingIncome": "None", "depreciation": "None", "depreciationAndAmortization": "816200000", "incomeBeforeTax": "1298300000", "incomeTaxExpense": "324700000", "interestAndDebtExpense": "None", "netIncomeFromContinuingOperations": "1623000000", "comprehensiveIncomeNetOfTax": "None", "ebit": "1775100000", "ebitda": "2591300000", "netIncome": "967800000"}, {"fiscalDateEnding": "2012-12-31", "reportedCurrency": "USD", "grossProfit": "5355200000", "totalRevenue": "11838700000", "costOfRevenue": "6483500000", "costofGoodsAndServicesSold": "6483500000", "operatingIncome": "1289300000", "sellingGeneralAndAdministrative": "3920200000", "researchAndDevelopment": "183000000", "operatingExpenses": "3920200000", "investmentIncomeNet": "None", "netInterestIncome": "None", "interestIncome": "None", "interestExpense": "276700000", "nonInterestIncome": "None", "otherNonOperatingIncome": "None", "depreciation": "None", "depreciationAndAmortization": "714500000", "incomeBeforeTax": "1012600000", "incomeTaxExpense": "311300000", "interestAndDebtExpense": "None", "netIncomeFromContinuingOperations": "701300000", "comprehensiveIncomeNetOfTax": "None", "ebit": "1269200000", "ebitda": "1983700000", "netIncome": "703600000"}, {"fiscalDateEnding": "2011-12-31", "reportedCurrency": "USD", "grossProfit": "3322900000", "totalRevenue": "6798500000", "costOfRevenue": "3475600000", "costofGoodsAndServicesSold": "3475600000", "operatingIncome": "753800000", "sellingGeneralAndAdministrative": "2438100000", "researchAndDevelopment": "96000000", "operatingExpenses": "2438100000", "investmentIncomeNet": "None", "netInterestIncome": "None", "interestIncome": "None", "interestExpense": "82100000", "nonInterestIncome": "None", "otherNonOperatingIncome": "None", "depreciation": "None", "depreciationAndAmortization": "395700000", "incomeBeforeTax": "679600000", "incomeTaxExpense": "216300000", "interestAndDebtExpense": "None", "netIncomeFromContinuingOperations": "463300000", "comprehensiveIncomeNetOfTax": "None", "ebit": "754000000", "ebitda": "1149700000", "netIncome": "462500000"}, {"fiscalDateEnding": "2010-12-31", "reportedCurrency": "USD", "grossProfit": "3075900000", "totalRevenue": "6089700000", "costOfRevenue": "3013800000", "costofGoodsAndServicesSold": "3013800000", "operatingIncome": "806800000", "sellingGeneralAndAdministrative": "2261600000", "researchAndDevelopment": "88000000", "operatingExpenses": "2261600000", "investmentIncomeNet": "None", "netInterestIncome": "None", "interestIncome": "None", "interestExpense": "59100000", "nonInterestIncome": "None", "otherNonOperatingIncome": "None", "depreciation": "None", "depreciationAndAmortization": "347900000", "incomeBeforeTax": "747700000", "incomeTaxExpense": "216600000", "interestAndDebtExpense": "None", "netIncomeFromContinuingOperations": "531100000", "comprehensiveIncomeNetOfTax": "None", "ebit": "819200000", "ebitda": "1167100000", "netIncome": "530300000"}, {"fiscalDateEnding": "2009-12-31", "reportedCurrency": "USD", "grossProfit": "2922600000", "totalRevenue": "5900600000", "costOfRevenue": "2978000000", "costofGoodsAndServicesSold": "2978000000", "operatingIncome": "681300000", "sellingGeneralAndAdministrative": "2174200000", "researchAndDevelopment": "86000000", "operatingExpenses": "2174200000", "investmentIncomeNet": "None", "netInterestIncome": "None", "interestIncome": "None", "interestExpense": "61200000", "nonInterestIncome": "None", "otherNonOperatingIncome": "None", "depreciation": "None", "depreciationAndAmortization": "334300000", "incomeBeforeTax": "620100000", "incomeTaxExpense": "201400000", "interestAndDebtExpense": "None", "netIncomeFromContinuingOperations": "418700000", "comprehensiveIncomeNetOfTax": "None", "ebit": "678900000", "ebitda": "1013200000", "netIncome": "417300000"}, {"fiscalDateEnding": "2008-12-31", "reportedCurrency": "USD", "grossProfit": "2995900000", "totalRevenue": "6137500000", "costOfRevenue": "3141600000", "costofGoodsAndServicesSold": "3141600000", "operatingIncome": "712500000", "sellingGeneralAndAdministrative": "2257500000", "researchAndDevelopment": "86000000", "operatingExpenses": "2283400000", "investmentIncomeNet": "None", "netInterestIncome": "None", "interestIncome": "None", "interestExpense": "87500000", "nonInterestIncome": "None", "otherNonOperatingIncome": "None", "depreciation": "None", "depreciationAndAmortization": "334700000", "incomeBeforeTax": "650900000", "incomeTaxExpense": "202800000", "interestAndDebtExpense": "None", "netIncomeFromContinuingOperations": "None", "comprehensiveIncomeNetOfTax": "None", "ebit": "721700000", "ebitda": "1056400000", "netIncome": "448100000"}, {"fiscalDateEnding": "2007-12-31", "reportedCurrency": "USD", "grossProfit": "2777900000", "totalRevenue": "5469600000", "costOfRevenue": "2691700000", "costofGoodsAndServicesSold": "2691700000", "operatingIncome": "667300000", "sellingGeneralAndAdministrative": "2090900000", "researchAndDevelopment": "82600000", "operatingExpenses": "2110600000", "investmentIncomeNet": "None", "netInterestIncome": "None", "interestIncome": "None", "interestExpense": "70700000", "nonInterestIncome": "None", "otherNonOperatingIncome": "None", "depreciation": "None", "depreciationAndAmortization": "291900000", "incomeBeforeTax": "616300000", "incomeTaxExpense": "189100000", "interestAndDebtExpense": "None", "netIncomeFromContinuingOperations": "None", "comprehensiveIncomeNetOfTax": "None", "ebit": "687000000", "ebitda": "978900000", "netIncome": "427200000"}, {"fiscalDateEnding": "2006-12-31", "reportedCurrency": "USD", "grossProfit": "2479756000", "totalRevenue": "4895814000", "costOfRevenue": "2416058000", "costofGoodsAndServicesSold": "2416058000", "operatingIncome": "611642000", "sellingGeneralAndAdministrative": "1868114000", "researchAndDevelopment": "73300000", "operatingExpenses": "1868114000", "investmentIncomeNet": "None", "netInterestIncome": "None", "interestIncome": "None", "interestExpense": "44418000", "nonInterestIncome": "None", "otherNonOperatingIncome": "None", "depreciation": "None", "depreciationAndAmortization": "268569000", "incomeBeforeTax": "567224000", "incomeTaxExpense": "198609000", "interestAndDebtExpense": "None", "netIncomeFromContinuingOperations": "None", "comprehensiveIncomeNetOfTax": "None", "ebit": "611642000", "ebitda": "880211000", "netIncome": "368615000"}, {"fiscalDateEnding": "2005-12-31", "reportedCurrency": "USD", "grossProfit": "2286001000", "totalRevenue": "4534832000", "costOfRevenue": "2248831000", "costofGoodsAndServicesSold": "2248831000", "operatingIncome": "542420000", "sellingGeneralAndAdministrative": "1743581000", "researchAndDevelopment": "68372000", "operatingExpenses": "1743581000", "investmentIncomeNet": "None", "netInterestIncome": "None", "interestIncome": "None", "interestExpense": "44238000", "nonInterestIncome": "None", "otherNonOperatingIncome": "None", "depreciation": "None", "depreciationAndAmortization": "256935000", "incomeBeforeTax": "498182000", "incomeTaxExpense": "178701000", "interestAndDebtExpense": "None", "netIncomeFromContinuingOperations": "None", "comprehensiveIncomeNetOfTax": "None", "ebit": "542420000", "ebitda": "799355000", "netIncome": "319481000"}], "quarterlyReports": [{"fiscalDateEnding": "2024-12-31", "reportedCurrency": "USD", "grossProfit": "1738200000", "totalRevenue": "4005200000", "costOfRevenue": "2267000000", "costofGoodsAndServicesSold": "2267000000", "operatingIncome": "582800000", "sellingGeneralAndAdministrative": "1050000000", "researchAndDevelopment": "None", "operatingExpenses": "1155400000", "investmentIncomeNet": "None", "netInterestIncome": "-61700000", "interestIncome": "17500000", "interestExpense": "79200000", "nonInterestIncome": "None", "otherNonOperatingIncome": "None", "depreciation": "None", "depreciationAndAmortization": "230100000", "incomeBeforeTax": "534300000", "incomeTaxExpense": "54800000", "interestAndDebtExpense": "None", "netIncomeFromContinuingOperations": "479500000", "comprehensiveIncomeNetOfTax": "None", "ebit": "688200000", "ebitda": "918300000", "netIncome": "472900000"}, {"fiscalDateEnding": "2024-09-30", "reportedCurrency": "USD", "grossProfit": "1737900000", "totalRevenue": "3998500000", "costOfRevenue": "2260600000", "costofGoodsAndServicesSold": "2260600000", "operatingIncome": "1044800000", "sellingGeneralAndAdministrative": "1024800000", "researchAndDevelopment": "None", "operatingExpenses": "692200000", "investmentIncomeNet": "None", "netInterestIncome": "-70400000", "interestIncome": "16000000", "interestExpense": "70400000", "nonInterestIncome": "None", "otherNonOperatingIncome": "None", "depreciation": "None", "depreciationAndAmortization": "230100000", "incomeBeforeTax": "987300000", "incomeTaxExpense": "246500000", "interestAndDebtExpense": "None", "netIncomeFromContinuingOperations": "740800000", "comprehensiveIncomeNetOfTax": "None", "ebit": "1073200000", "ebitda": "1303300000", "netIncome": "736500000"}, {"fiscalDateEnding": "2024-06-30", "reportedCurrency": "USD", "grossProfit": "1744300000", "totalRevenue": "3985800000", "costOfRevenue": "2241500000", "costofGoodsAndServicesSold": "2241500000", "operatingIncome": "672700000", "sellingGeneralAndAdministrative": "1075700000", "researchAndDevelopment": "None", "operatingExpenses": "1071599999", "investmentIncomeNet": "None", "netInterestIncome": "-78800000", "interestIncome": "1400000", "interestExpense": "80200000", "nonInterestIncome": "None", "otherNonOperatingIncome": "None", "depreciation": "None", "depreciationAndAmortization": "235000000", "incomeBeforeTax": "590700000", "incomeTaxExpense": "95700000", "interestAndDebtExpense": "None", "netIncomeFromContinuingOperations": "495000000", "comprehensiveIncomeNetOfTax": "None", "ebit": "682400000", "ebitda": "917400000", "netIncome": "490900000"}, {"fiscalDateEnding": "2024-03-31", "reportedCurrency": "USD", "grossProfit": "1625400000", "totalRevenue": "3751900000", "costOfRevenue": "2126500000", "costofGoodsAndServicesSold": "2126500000", "operatingIncome": "546600000", "sellingGeneralAndAdministrative": "1077700000", "researchAndDevelopment": "None", "operatingExpenses": "1078800000", "investmentIncomeNet": "None", "netInterestIncome": "-71600000", "interestIncome": "22900000", "interestExpense": "94500000", "nonInterestIncome": "None", "otherNonOperatingIncome": "None", "depreciation": "None", "depreciationAndAmortization": "234800000", "incomeBeforeTax": "458900000", "incomeTaxExpense": "42300000", "interestAndDebtExpense": "None", "netIncomeFromContinuingOperations": "416600000", "comprehensiveIncomeNetOfTax": "None", "ebit": "560700000", "ebitda": "795500000", "netIncome": "412100000"}, {"fiscalDateEnding": "2023-12-31", "reportedCurrency": "USD", "grossProfit": "1659300000", "totalRevenue": "3938400000", "costOfRevenue": "2279100000", "costofGoodsAndServicesSold": "2279100000", "operatingIncome": "617100000", "sellingGeneralAndAdministrative": "1034800000", "researchAndDevelopment": "192000000", "operatingExpenses": "1042200000", "investmentIncomeNet": "None", "netInterestIncome": "-70400000", "interestIncome": "24400000", "interestExpense": "70400000", "nonInterestIncome": "None", "otherNonOperatingIncome": "None", "depreciation": "None", "depreciationAndAmortization": "230500000", "incomeBeforeTax": "537500000", "incomeTaxExpense": "126700000", "interestAndDebtExpense": "None", "netIncomeFromContinuingOperations": "410800000", "comprehensiveIncomeNetOfTax": "None", "ebit": "639100000", "ebitda": "869600000", "netIncome": "405200000"}, {"fiscalDateEnding": "2023-09-30", "reportedCurrency": "USD", "grossProfit": "1627600000", "totalRevenue": "3958100000", "costOfRevenue": "2330500000", "costofGoodsAndServicesSold": "2330500000", "operatingIncome": "566000000", "sellingGeneralAndAdministrative": "1024900000", "researchAndDevelopment": "None", "operatingExpenses": "1024900000", "investmentIncomeNet": "None", "netInterestIncome": "-74300000", "interestIncome": "74300000", "interestExpense": "74300000", "nonInterestIncome": "None", "otherNonOperatingIncome": "None", "depreciation": "None", "depreciationAndAmortization": "229400000", "incomeBeforeTax": "506200000", "incomeTaxExpense": "96800000", "interestAndDebtExpense": "None", "netIncomeFromContinuingOperations": "409400000", "comprehensiveIncomeNetOfTax": "None", "ebit": "623100000", "ebitda": "852500000", "netIncome": "404000000"}, {"fiscalDateEnding": "2023-06-30", "reportedCurrency": "USD", "grossProfit": "1517300000", "totalRevenue": "3852100000", "costOfRevenue": "2334800000", "costofGoodsAndServicesSold": "2334800000", "operatingIncome": "484700000", "sellingGeneralAndAdministrative": "1011600000", "researchAndDevelopment": "None", "operatingExpenses": "1011600000", "investmentIncomeNet": "None", "netInterestIncome": "-77800000", "interestIncome": "77800000", "interestExpense": "77800000", "nonInterestIncome": "None", "otherNonOperatingIncome": "14400000", "depreciation": "None", "depreciationAndAmortization": "229400000", "incomeBeforeTax": "421300000", "incomeTaxExpense": "86600000", "interestAndDebtExpense": "None", "netIncomeFromContinuingOperations": "334700000", "comprehensiveIncomeNetOfTax": "None", "ebit": "528200000", "ebitda": "757600000", "netIncome": "329700000"}, {"fiscalDateEnding": "2023-03-31", "reportedCurrency": "USD", "grossProfit": "1366400000", "totalRevenue": "3571600000", "costOfRevenue": "2205200000", "costofGoodsAndServicesSold": "2205200000", "operatingIncome": "351600000", "sellingGeneralAndAdministrative": "990300000", "researchAndDevelopment": "None", "operatingExpenses": "990300000", "investmentIncomeNet": "None", "netInterestIncome": "-74200000", "interestIncome": "74200000", "interestExpense": "74200000", "nonInterestIncome": "None", "otherNonOperatingIncome": "13100000", "depreciation": "None", "depreciationAndAmortization": "234300000", "incomeBeforeTax": "290500000", "incomeTaxExpense": "52400000", "interestAndDebtExpense": "None", "netIncomeFromContinuingOperations": "238100000", "comprehensiveIncomeNetOfTax": "None", "ebit": "393000000", "ebitda": "627300000", "netIncome": "233400000"}, {"fiscalDateEnding": "2022-12-31", "reportedCurrency": "USD", "grossProfit": "1416300000", "totalRevenue": "3671200000", "costOfRevenue": "2254900000", "costofGoodsAndServicesSold": "2254900000", "operatingIncome": "399200000", "sellingGeneralAndAdministrative": "922100000", "researchAndDevelopment": "190000000", "operatingExpenses": "1017100000", "investmentIncomeNet": "None", "netInterestIncome": "-69500000", "interestIncome": "69500000", "interestExpense": "73000000", "nonInterestIncome": "None", "otherNonOperatingIncome": "-8100000", "depreciation": "None", "depreciationAndAmortization": "236500000", "incomeBeforeTax": "321600000", "incomeTaxExpense": "52100000", "interestAndDebtExpense": "None", "netIncomeFromContinuingOperations": "269500000", "comprehensiveIncomeNetOfTax": "None", "ebit": "394600000", "ebitda": "631100000", "netIncome": "264400000"}, {"fiscalDateEnding": "2022-09-30", "reportedCurrency": "USD", "grossProfit": "1377700000", "totalRevenue": "3669300000", "costOfRevenue": "2291600000", "costofGoodsAndServicesSold": "2291600000", "operatingIncome": "262300000", "sellingGeneralAndAdministrative": "876900000", "researchAndDevelopment": "None", "operatingExpenses": "876900000", "investmentIncomeNet": "None", "netInterestIncome": "-65100000", "interestIncome": "65100000", "interestExpense": "65100000", "nonInterestIncome": "None", "otherNonOperatingIncome": "-5700000", "depreciation": "None", "depreciationAndAmortization": "232800000", "incomeBeforeTax": "412200000", "incomeTaxExpense": "60200000", "interestAndDebtExpense": "None", "netIncomeFromContinuingOperations": "352000000", "comprehensiveIncomeNetOfTax": "None", "ebit": "527000000", "ebitda": "759800000", "netIncome": "347100000"}, {"fiscalDateEnding": "2022-06-30", "reportedCurrency": "USD", "grossProfit": "1369500000", "totalRevenue": "3580600000", "costOfRevenue": "2211100000", "costofGoodsAndServicesSold": "2211100000", "operatingIncome": "214200000", "sellingGeneralAndAdministrative": "940100000", "researchAndDevelopment": "None", "operatingExpenses": "940100000", "investmentIncomeNet": "None", "netInterestIncome": "-56000000", "interestIncome": "1300000", "interestExpense": "56000000", "nonInterestIncome": "None", "otherNonOperatingIncome": "19500000", "depreciation": "None", "depreciationAndAmortization": "234700000", "incomeBeforeTax": "389300000", "incomeTaxExpense": "76600000", "interestAndDebtExpense": "None", "netIncomeFromContinuingOperations": "312700000", "comprehensiveIncomeNetOfTax": "None", "ebit": "450600000", "ebitda": "685300000", "netIncome": "308300000"}, {"fiscalDateEnding": "2022-03-31", "reportedCurrency": "USD", "grossProfit": "1193300000", "totalRevenue": "3266700000", "costOfRevenue": "2073400000", "costofGoodsAndServicesSold": "2073400000", "operatingIncome": "62700000", "sellingGeneralAndAdministrative": "914700000", "researchAndDevelopment": "None", "operatingExpenses": "914700000", "investmentIncomeNet": "None", "netInterestIncome": "-53000000", "interestIncome": "2100000", "interestExpense": "53000000", "nonInterestIncome": "None", "otherNonOperatingIncome": "18800000", "depreciation": "None", "depreciationAndAmortization": "234700000", "incomeBeforeTax": "220300000", "incomeTaxExpense": "45600000", "interestAndDebtExpense": "None", "netIncomeFromContinuingOperations": "174700000", "comprehensiveIncomeNetOfTax": "None", "ebit": "351200000", "ebitda": "585900000", "netIncome": "171900000"}, {"fiscalDateEnding": "2021-12-31", "reportedCurrency": "USD", "grossProfit": "1321500000", "totalRevenue": "3364600000", "costOfRevenue": "2043100000", "costofGoodsAndServicesSold": "2043100000", "operatingIncome": "387700000", "sellingGeneralAndAdministrative": "867900000", "researchAndDevelopment": "186000000", "operatingExpenses": "867900000", "investmentIncomeNet": "None", "netInterestIncome": "-44600000", "interestIncome": "43800000", "interestExpense": "44600000", "nonInterestIncome": "None", "otherNonOperatingIncome": "6400000", "depreciation": "None", "depreciationAndAmortization": "215600000", "incomeBeforeTax": "349500000", "incomeTaxExpense": "44200000", "interestAndDebtExpense": "None", "netIncomeFromContinuingOperations": "305300000", "comprehensiveIncomeNetOfTax": "None", "ebit": "489900000", "ebitda": "705500000", "netIncome": "301000000"}, {"fiscalDateEnding": "2021-09-30", "reportedCurrency": "USD", "grossProfit": "1304100000", "totalRevenue": "3320800000", "costOfRevenue": "2016700000", "costofGoodsAndServicesSold": "2016700000", "operatingIncome": "465800000", "sellingGeneralAndAdministrative": "832000000", "researchAndDevelopment": "None", "operatingExpenses": "832000000", "investmentIncomeNet": "None", "netInterestIncome": "-76400000", "interestIncome": "44100000", "interestExpense": "76400000", "nonInterestIncome": "None", "otherNonOperatingIncome": "13000000", "depreciation": "None", "depreciationAndAmortization": "206900000", "incomeBeforeTax": "402400000", "incomeTaxExpense": "73800000", "interestAndDebtExpense": "None", "netIncomeFromContinuingOperations": "328600000", "comprehensiveIncomeNetOfTax": "None", "ebit": "545000000", "ebitda": "751900000", "netIncome": "324500000"}, {"fiscalDateEnding": "2021-06-30", "reportedCurrency": "USD", "grossProfit": "1318700000", "totalRevenue": "3162700000", "costOfRevenue": "1844000000", "costofGoodsAndServicesSold": "1844000000", "operatingIncome": "447800000", "sellingGeneralAndAdministrative": "853300000", "researchAndDevelopment": "None", "operatingExpenses": "853300000", "investmentIncomeNet": "None", "netInterestIncome": "-45600000", "interestIncome": "45600000", "interestExpense": "45600000", "nonInterestIncome": "None", "otherNonOperatingIncome": "-2500000", "depreciation": "None", "depreciationAndAmortization": "205400000", "incomeBeforeTax": "399700000", "incomeTaxExpense": "86100000", "interestAndDebtExpense": "None", "netIncomeFromContinuingOperations": "313600000", "comprehensiveIncomeNetOfTax": "None", "ebit": "486200000", "ebitda": "691600000", "netIncome": "310800000"}, {"fiscalDateEnding": "2021-03-31", "reportedCurrency": "USD", "grossProfit": "1173000000", "totalRevenue": "2885000000", "costOfRevenue": "1712000000", "costofGoodsAndServicesSold": "1712000000", "operatingIncome": "297300000", "sellingGeneralAndAdministrative": "862900000", "researchAndDevelopment": "None", "operatingExpenses": "862900000", "investmentIncomeNet": "None", "netInterestIncome": "-51700000", "interestIncome": "51700000", "interestExpense": "51700000", "nonInterestIncome": "None", "otherNonOperatingIncome": "17000000", "depreciation": "None", "depreciationAndAmortization": "215200000", "incomeBeforeTax": "262600000", "incomeTaxExpense": "66100000", "interestAndDebtExpense": "None", "netIncomeFromContinuingOperations": "196500000", "comprehensiveIncomeNetOfTax": "None", "ebit": "346700000", "ebitda": "561900000", "netIncome": "193600000"}, {"fiscalDateEnding": "2020-12-31", "reportedCurrency": "USD", "grossProfit": "1285000000", "totalRevenue": "3065300000", "costOfRevenue": "1780300000", "costofGoodsAndServicesSold": "1780300000", "operatingIncome": "416100000", "sellingGeneralAndAdministrative": "809600000", "researchAndDevelopment": "185000000", "operatingExpenses": "809600000", "investmentIncomeNet": "None", "netInterestIncome": "-48400000", "interestIncome": "48400000", "interestExpense": "48400000", "nonInterestIncome": "None", "otherNonOperatingIncome": "10500000", "depreciation": "None", "depreciationAndAmortization": "207500000", "incomeBeforeTax": "378000000", "incomeTaxExpense": "73100000", "interestAndDebtExpense": "None", "netIncomeFromContinuingOperations": "311000000", "comprehensiveIncomeNetOfTax": "None", "ebit": "493000000", "ebitda": "700500000", "netIncome": "300300000"}, {"fiscalDateEnding": "2020-09-30", "reportedCurrency": "USD", "grossProfit": "1249000000", "totalRevenue": "3018600000", "costOfRevenue": "1769600000", "costofGoodsAndServicesSold": "1769600000", "operatingIncome": "411400000", "sellingGeneralAndAdministrative": "802600000", "researchAndDevelopment": "None", "operatingExpenses": "802600000", "investmentIncomeNet": "None", "netInterestIncome": "-134800000", "interestIncome": "51700000", "interestExpense": "134800000", "nonInterestIncome": "None", "otherNonOperatingIncome": "15100000", "depreciation": "None", "depreciationAndAmortization": "209000000", "incomeBeforeTax": "291700000", "incomeTaxExpense": "42400000", "interestAndDebtExpense": "None", "netIncomeFromContinuingOperations": "249300000", "comprehensiveIncomeNetOfTax": "None", "ebit": "471000000", "ebitda": "680000000", "netIncome": "246200000"}, {"fiscalDateEnding": "2020-06-30", "reportedCurrency": "USD", "grossProfit": "1050000000", "totalRevenue": "2685700000", "costOfRevenue": "1635700000", "costofGoodsAndServicesSold": "1635700000", "operatingIncome": "192000000", "sellingGeneralAndAdministrative": "788600000", "researchAndDevelopment": "None", "operatingExpenses": "788600000", "investmentIncomeNet": "None", "netInterestIncome": "-58700000", "interestIncome": "3100000", "interestExpense": "58700000", "nonInterestIncome": "None", "otherNonOperatingIncome": "15100000", "depreciation": "None", "depreciationAndAmortization": "197500000", "incomeBeforeTax": "148400000", "incomeTaxExpense": "14100000", "interestAndDebtExpense": "None", "netIncomeFromContinuingOperations": "134300000", "comprehensiveIncomeNetOfTax": "None", "ebit": "303500000", "ebitda": "501000000", "netIncome": "-2035000000"}, {"fiscalDateEnding": "2020-03-31", "reportedCurrency": "USD", "grossProfit": "1464600000", "totalRevenue": "3581400000", "costOfRevenue": "2116800000", "costofGoodsAndServicesSold": "2116800000", "operatingIncome": "397200000", "sellingGeneralAndAdministrative": "1015000000", "researchAndDevelopment": "None", "operatingExpenses": "1015000000", "investmentIncomeNet": "None", "netInterestIncome": "-48100000", "interestIncome": "4600000", "interestExpense": "48100000", "nonInterestIncome": "None", "otherNonOperatingIncome": "15200000", "depreciation": "None", "depreciationAndAmortization": "198700000", "incomeBeforeTax": "364300000", "incomeTaxExpense": "74100000", "interestAndDebtExpense": "None", "netIncomeFromContinuingOperations": "290200000", "comprehensiveIncomeNetOfTax": "None", "ebit": "416400000", "ebitda": "615100000", "netIncome": "283400000"}, {"fiscalDateEnding": "2019-12-31", "reportedCurrency": "USD", "grossProfit": "1605400000", "totalRevenue": "3823600000", "costOfRevenue": "2218200000", "costofGoodsAndServicesSold": "2218200000", "operatingIncome": "560400000", "sellingGeneralAndAdministrative": "984000000", "researchAndDevelopment": "190000000", "operatingExpenses": "984000000", "investmentIncomeNet": "None", "netInterestIncome": "-46200000", "interestIncome": "5000000", "interestExpense": "46200000", "nonInterestIncome": "None", "otherNonOperatingIncome": "13400000", "depreciation": "None", "depreciationAndAmortization": "244800000", "incomeBeforeTax": "527600000", "incomeTaxExpense": "93300000", "interestAndDebtExpense": "None", "netIncomeFromContinuingOperations": "434300000", "comprehensiveIncomeNetOfTax": "None", "ebit": "590400000", "ebitda": "835200000", "netIncome": "429600000"}, {"fiscalDateEnding": "2019-09-30", "reportedCurrency": "USD", "grossProfit": "1610500000", "totalRevenue": "3817900000", "costOfRevenue": "2207400000", "costofGoodsAndServicesSold": "2207400000", "operatingIncome": "587600000", "sellingGeneralAndAdministrative": "962500000", "researchAndDevelopment": "None", "operatingExpenses": "962500000", "investmentIncomeNet": "None", "netInterestIncome": "-46100000", "interestIncome": "6900000", "interestExpense": "46100000", "nonInterestIncome": "None", "otherNonOperatingIncome": "20800000", "depreciation": "None", "depreciationAndAmortization": "194300000", "incomeBeforeTax": "562300000", "incomeTaxExpense": "93000000", "interestAndDebtExpense": "None", "netIncomeFromContinuingOperations": "469300000", "comprehensiveIncomeNetOfTax": "None", "ebit": "606100000", "ebitda": "800400000", "netIncome": "464200000"}, {"fiscalDateEnding": "2019-06-30", "reportedCurrency": "USD", "grossProfit": "1551200000", "totalRevenue": "3759400000", "costOfRevenue": "2208200000", "costofGoodsAndServicesSold": "2208200000", "operatingIncome": "498600000", "sellingGeneralAndAdministrative": "1002700000", "researchAndDevelopment": "None", "operatingExpenses": "1002700000", "investmentIncomeNet": "None", "netInterestIncome": "-49500000", "interestIncome": "5400000", "interestExpense": "49500000", "nonInterestIncome": "None", "otherNonOperatingIncome": "20900000", "depreciation": "None", "depreciationAndAmortization": "145900000", "incomeBeforeTax": "470000000", "incomeTaxExpense": "97800000", "interestAndDebtExpense": "None", "netIncomeFromContinuingOperations": "372200000", "comprehensiveIncomeNetOfTax": "None", "ebit": "517500000", "ebitda": "663400000", "netIncome": "368600000"}, {"fiscalDateEnding": "2019-03-31", "reportedCurrency": "USD", "grossProfit": "1408700000", "totalRevenue": "3505400000", "costOfRevenue": "2096700000", "costofGoodsAndServicesSold": "2096700000", "operatingIncome": "367200000", "sellingGeneralAndAdministrative": "1001200000", "researchAndDevelopment": "None", "operatingExpenses": "1001200000", "investmentIncomeNet": "None", "netInterestIncome": "-49400000", "interestIncome": "6700000", "interestExpense": "49400000", "nonInterestIncome": "None", "otherNonOperatingIncome": "21200000", "depreciation": "None", "depreciationAndAmortization": "238800000", "incomeBeforeTax": "339000000", "incomeTaxExpense": "38600000", "interestAndDebtExpense": "None", "netIncomeFromContinuingOperations": "300400000", "comprehensiveIncomeNetOfTax": "None", "ebit": "377900000", "ebitda": "616700000", "netIncome": "296500000"}, {"fiscalDateEnding": "2018-12-31", "reportedCurrency": "USD", "grossProfit": "1543700000", "totalRevenue": "3760500000", "costOfRevenue": "2216800000", "costofGoodsAndServicesSold": "2216800000", "operatingIncome": "581900000", "sellingGeneralAndAdministrative": "978100000", "researchAndDevelopment": "216000000", "operatingExpenses": "948800000", "investmentIncomeNet": "None", "netInterestIncome": "None", "interestIncome": "None", "interestExpense": "53900000", "nonInterestIncome": "None", "otherNonOperatingIncome": "19900000", "depreciation": "None", "depreciationAndAmortization": "237900000", "incomeBeforeTax": "547900000", "incomeTaxExpense": "147700000", "interestAndDebtExpense": "None", "netIncomeFromContinuingOperations": "400200000", "comprehensiveIncomeNetOfTax": "None", "ebit": "619100000", "ebitda": "857000000", "netIncome": "395100000"}, {"fiscalDateEnding": "2018-09-30", "reportedCurrency": "USD", "grossProfit": "1547000000", "totalRevenue": "3747200000", "costOfRevenue": "2200200000", "costofGoodsAndServicesSold": "2200200000", "operatingIncome": "516200000", "sellingGeneralAndAdministrative": "955200000", "researchAndDevelopment": "0", "operatingExpenses": "955200000", "investmentIncomeNet": "None", "netInterestIncome": "None", "interestIncome": "None", "interestExpense": "55700000", "nonInterestIncome": "None", "otherNonOperatingIncome": "21000000", "depreciation": "None", "depreciationAndAmortization": "234600000", "incomeBeforeTax": "481500000", "incomeTaxExpense": "43200000", "interestAndDebtExpense": "None", "netIncomeFromContinuingOperations": "438300000", "comprehensiveIncomeNetOfTax": "None", "ebit": "616500000", "ebitda": "851100000", "netIncome": "435400000"}, {"fiscalDateEnding": "2018-06-30", "reportedCurrency": "USD", "grossProfit": "1533500000", "totalRevenue": "3689600000", "costOfRevenue": "2156100000", "costofGoodsAndServicesSold": "2156100000", "operatingIncome": "494600000", "sellingGeneralAndAdministrative": "1026800000", "researchAndDevelopment": "0", "operatingExpenses": "1026800000", "investmentIncomeNet": "None", "netInterestIncome": "None", "interestIncome": "None", "interestExpense": "56300000", "nonInterestIncome": "None", "otherNonOperatingIncome": "19600000", "depreciation": "None", "depreciationAndAmortization": "234700000", "incomeBeforeTax": "457900000", "incomeTaxExpense": "104300000", "interestAndDebtExpense": "None", "netIncomeFromContinuingOperations": "353600000", "comprehensiveIncomeNetOfTax": "None", "ebit": "526200000", "ebitda": "760900000", "netIncome": "351300000"}, {"fiscalDateEnding": "2018-03-31", "reportedCurrency": "USD", "grossProfit": "1388800000", "totalRevenue": "3470900000", "costOfRevenue": "2082100000", "costofGoodsAndServicesSold": "2082100000", "operatingIncome": "354300000", "sellingGeneralAndAdministrative": "1008500000", "researchAndDevelopment": "0", "operatingExpenses": "1008500000", "investmentIncomeNet": "None", "netInterestIncome": "None", "interestIncome": "None", "interestExpense": "56400000", "nonInterestIncome": "None", "otherNonOperatingIncome": "19400000", "depreciation": "None", "depreciationAndAmortization": "231100000", "incomeBeforeTax": "317300000", "incomeTaxExpense": "69100000", "interestAndDebtExpense": "None", "netIncomeFromContinuingOperations": "248200000", "comprehensiveIncomeNetOfTax": "None", "ebit": "399700000", "ebitda": "630800000", "netIncome": "247300000"}, {"fiscalDateEnding": "2017-12-31", "reportedCurrency": "USD", "grossProfit": "1700000000", "totalRevenue": "3650700000", "costOfRevenue": "1950700000", "costofGoodsAndServicesSold": "1950700000", "operatingIncome": "627700000", "sellingGeneralAndAdministrative": "1123900000", "researchAndDevelopment": "201000000", "operatingExpenses": "1123900000", "investmentIncomeNet": "None", "netInterestIncome": "None", "interestIncome": "None", "interestExpense": "77800000", "nonInterestIncome": "None", "otherNonOperatingIncome": "None", "depreciation": "None", "depreciationAndAmortization": "227800000", "incomeBeforeTax": "549900000", "incomeTaxExpense": "-21800000", "interestAndDebtExpense": "None", "netIncomeFromContinuingOperations": "571700000", "comprehensiveIncomeNetOfTax": "None", "ebit": "592200000", "ebitda": "820000000", "netIncome": "565900000"}, {"fiscalDateEnding": "2017-09-30", "reportedCurrency": "USD", "grossProfit": "1672000000", "totalRevenue": "3563300000", "costOfRevenue": "1891300000", "costofGoodsAndServicesSold": "1891300000", "operatingIncome": "579800000", "sellingGeneralAndAdministrative": "1087300000", "researchAndDevelopment": "0", "operatingExpenses": "1087300000", "investmentIncomeNet": "None", "netInterestIncome": "None", "interestIncome": "None", "interestExpense": "55100000", "nonInterestIncome": "None", "otherNonOperatingIncome": "None", "depreciation": "None", "depreciationAndAmortization": "228300000", "incomeBeforeTax": "524700000", "incomeTaxExpense": "128900000", "interestAndDebtExpense": "None", "netIncomeFromContinuingOperations": "395800000", "comprehensiveIncomeNetOfTax": "None", "ebit": "586200000", "ebitda": "814500000", "netIncome": "393200000"}, {"fiscalDateEnding": "2017-06-30", "reportedCurrency": "USD", "grossProfit": "1591100000", "totalRevenue": "3462700000", "costOfRevenue": "1871600000", "costofGoodsAndServicesSold": "1871600000", "operatingIncome": "439000000", "sellingGeneralAndAdministrative": "1115300000", "researchAndDevelopment": "0", "operatingExpenses": "1115300000", "investmentIncomeNet": "None", "netInterestIncome": "None", "interestIncome": "None", "interestExpense": "59600000", "nonInterestIncome": "None", "otherNonOperatingIncome": "None", "depreciation": "None", "depreciationAndAmortization": "221200000", "incomeBeforeTax": "379400000", "incomeTaxExpense": "81300000", "interestAndDebtExpense": "None", "netIncomeFromContinuingOperations": "298100000", "comprehensiveIncomeNetOfTax": "None", "ebit": "480800000", "ebitda": "702000000", "netIncome": "294800000"}, {"fiscalDateEnding": "2017-03-31", "reportedCurrency": "USD", "grossProfit": "1470100000", "totalRevenue": "3161600000", "costOfRevenue": "1691500000", "costofGoodsAndServicesSold": "1691500000", "operatingIncome": "373300000", "sellingGeneralAndAdministrative": "1090600000", "researchAndDevelopment": "0", "operatingExpenses": "1090600000", "investmentIncomeNet": "None", "netInterestIncome": "None", "interestIncome": "None", "interestExpense": "62500000", "nonInterestIncome": "None", "otherNonOperatingIncome": "None", "depreciation": "None", "depreciationAndAmortization": "216000000", "incomeBeforeTax": "310800000", "incomeTaxExpense": "54000000", "interestAndDebtExpense": "None", "netIncomeFromContinuingOperations": "256800000", "comprehensiveIncomeNetOfTax": "None", "ebit": "381700000", "ebitda": "597700000", "netIncome": "254000000"}, {"fiscalDateEnding": "2016-12-31", "reportedCurrency": "USD", "grossProfit": "1607000000", "totalRevenue": "3352100000", "costOfRevenue": "1745100000", "costofGoodsAndServicesSold": "1745100000", "operatingIncome": "556900000", "sellingGeneralAndAdministrative": "1046300000", "researchAndDevelopment": "189000000", "operatingExpenses": "1046300000", "investmentIncomeNet": "None", "netInterestIncome": "None", "interestIncome": "None", "interestExpense": "68300000", "nonInterestIncome": "None", "otherNonOperatingIncome": "None", "depreciation": "None", "depreciationAndAmortization": "212600000", "incomeBeforeTax": "488600000", "incomeTaxExpense": "116600000", "interestAndDebtExpense": "None", "netIncomeFromContinuingOperations": "372000000", "comprehensiveIncomeNetOfTax": "None", "ebit": "564800000", "ebitda": "777400000", "netIncome": "366300000"}, {"fiscalDateEnding": "2016-09-30", "reportedCurrency": "USD", "grossProfit": "1648900000", "totalRevenue": "3386100000", "costOfRevenue": "1737200000", "costofGoodsAndServicesSold": "1737200000", "operatingIncome": "574100000", "sellingGeneralAndAdministrative": "1071600000", "researchAndDevelopment": "0", "operatingExpenses": "1071600000", "investmentIncomeNet": "None", "netInterestIncome": "None", "interestIncome": "None", "interestExpense": "64900000", "nonInterestIncome": "None", "otherNonOperatingIncome": "None", "depreciation": "None", "depreciationAndAmortization": "216800000", "incomeBeforeTax": "509200000", "incomeTaxExpense": "129700000", "interestAndDebtExpense": "None", "netIncomeFromContinuingOperations": "379500000", "comprehensiveIncomeNetOfTax": "None", "ebit": "577300000", "ebitda": "794100000", "netIncome": "374100000"}, {"fiscalDateEnding": "2016-06-30", "reportedCurrency": "USD", "grossProfit": "1532000000", "totalRevenue": "3317200000", "costOfRevenue": "1785200000", "costofGoodsAndServicesSold": "1785200000", "operatingIncome": "412500000", "sellingGeneralAndAdministrative": "1093300000", "researchAndDevelopment": "0", "operatingExpenses": "1093300000", "investmentIncomeNet": "None", "netInterestIncome": "None", "interestIncome": "None", "interestExpense": "65300000", "nonInterestIncome": "None", "otherNonOperatingIncome": "None", "depreciation": "None", "depreciationAndAmortization": "209100000", "incomeBeforeTax": "347200000", "incomeTaxExpense": "83600000", "interestAndDebtExpense": "None", "netIncomeFromContinuingOperations": "263600000", "comprehensiveIncomeNetOfTax": "None", "ebit": "500600000", "ebitda": "709700000", "netIncome": "258400000"}, {"fiscalDateEnding": "2016-03-31", "reportedCurrency": "USD", "grossProfit": "1466000000", "totalRevenue": "3097400000", "costOfRevenue": "1631400000", "costofGoodsAndServicesSold": "1631400000", "operatingIncome": "371500000", "sellingGeneralAndAdministrative": "1088200000", "researchAndDevelopment": "0", "operatingExpenses": "1088200000", "investmentIncomeNet": "None", "netInterestIncome": "None", "interestIncome": "None", "interestExpense": "66100000", "nonInterestIncome": "None", "otherNonOperatingIncome": "None", "depreciation": "None", "depreciationAndAmortization": "212200000", "incomeBeforeTax": "305400000", "incomeTaxExpense": "73400000", "interestAndDebtExpense": "None", "netIncomeFromContinuingOperations": "232000000", "comprehensiveIncomeNetOfTax": "None", "ebit": "377800000", "ebitda": "590000000", "netIncome": "230800000"}, {"fiscalDateEnding": "2015-12-31", "reportedCurrency": "USD", "grossProfit": "1580300000", "totalRevenue": "3412000000", "costOfRevenue": "1831700000", "costofGoodsAndServicesSold": "1831700000", "operatingIncome": "322800000", "sellingGeneralAndAdministrative": "1058800000", "researchAndDevelopment": "191000000", "operatingExpenses": "1058800000", "investmentIncomeNet": "None", "netInterestIncome": "None", "interestIncome": "None", "interestExpense": "62300000", "nonInterestIncome": "None", "otherNonOperatingIncome": "None", "depreciation": "None", "depreciationAndAmortization": "212400000", "incomeBeforeTax": "260500000", "incomeTaxExpense": "37600000", "interestAndDebtExpense": "None", "netIncomeFromContinuingOperations": "222900000", "comprehensiveIncomeNetOfTax": "None", "ebit": "566700000", "ebitda": "779100000", "netIncome": "208900000"}, {"fiscalDateEnding": "2015-09-30", "reportedCurrency": "USD", "grossProfit": "1626400000", "totalRevenue": "3446400000", "costOfRevenue": "1820000000", "costofGoodsAndServicesSold": "1820000000", "operatingIncome": "413000000", "sellingGeneralAndAdministrative": "1070700000", "researchAndDevelopment": "0", "operatingExpenses": "1070700000", "investmentIncomeNet": "None", "netInterestIncome": "None", "interestIncome": "None", "interestExpense": "61600000", "nonInterestIncome": "None", "otherNonOperatingIncome": "None", "depreciation": "None", "depreciationAndAmortization": "211400000", "incomeBeforeTax": "355400000", "incomeTaxExpense": "105300000", "interestAndDebtExpense": "None", "netIncomeFromContinuingOperations": "250100000", "comprehensiveIncomeNetOfTax": "None", "ebit": "579500000", "ebitda": "790900000", "netIncome": "257800000"}, {"fiscalDateEnding": "2015-06-30", "reportedCurrency": "USD", "grossProfit": "1582600000", "totalRevenue": "3389100000", "costOfRevenue": "1806500000", "costofGoodsAndServicesSold": "1806500000", "operatingIncome": "437800000", "sellingGeneralAndAdministrative": "1079200000", "researchAndDevelopment": "0", "operatingExpenses": "1079200000", "investmentIncomeNet": "None", "netInterestIncome": "None", "interestIncome": "None", "interestExpense": "61200000", "nonInterestIncome": "None", "otherNonOperatingIncome": "None", "depreciation": "None", "depreciationAndAmortization": "218500000", "incomeBeforeTax": "376600000", "incomeTaxExpense": "67800000", "interestAndDebtExpense": "None", "netIncomeFromContinuingOperations": "308800000", "comprehensiveIncomeNetOfTax": "None", "ebit": "514400000", "ebitda": "732900000", "netIncome": "302000000"}, {"fiscalDateEnding": "2015-03-31", "reportedCurrency": "USD", "grossProfit": "1532300000", "totalRevenue": "3297600000", "costOfRevenue": "1765300000", "costofGoodsAndServicesSold": "1765300000", "operatingIncome": "387700000", "sellingGeneralAndAdministrative": "1136800000", "researchAndDevelopment": "0", "operatingExpenses": "1136800000", "investmentIncomeNet": "None", "netInterestIncome": "None", "interestIncome": "None", "interestExpense": "62500000", "nonInterestIncome": "None", "otherNonOperatingIncome": "None", "depreciation": "None", "depreciationAndAmortization": "217200000", "incomeBeforeTax": "325200000", "incomeTaxExpense": "89800000", "interestAndDebtExpense": "None", "netIncomeFromContinuingOperations": "235400000", "comprehensiveIncomeNetOfTax": "None", "ebit": "396100000", "ebitda": "613300000", "netIncome": "233400000"}, {"fiscalDateEnding": "2014-12-31", "reportedCurrency": "USD", "grossProfit": "1700900000", "totalRevenue": "3680800000", "costOfRevenue": "1979900000", "costofGoodsAndServicesSold": "1979900000", "operatingIncome": "520500000", "sellingGeneralAndAdministrative": "1142100000", "researchAndDevelopment": "197000000", "operatingExpenses": "1142100000", "investmentIncomeNet": "None", "netInterestIncome": "None", "interestIncome": "None", "interestExpense": "62000000", "nonInterestIncome": "None", "otherNonOperatingIncome": "None", "depreciation": "None", "depreciationAndAmortization": "218000000", "incomeBeforeTax": "458500000", "incomeTaxExpense": "115200000", "interestAndDebtExpense": "None", "netIncomeFromContinuingOperations": "343300000", "comprehensiveIncomeNetOfTax": "None", "ebit": "565200000", "ebitda": "783200000", "netIncome": "335500000"}, {"fiscalDateEnding": "2014-09-30", "reportedCurrency": "USD", "grossProfit": "1724300000", "totalRevenue": "3694900000", "costOfRevenue": "1970600000", "costofGoodsAndServicesSold": "1970600000", "operatingIncome": "571400000", "sellingGeneralAndAdministrative": "1145900000", "researchAndDevelopment": "0", "operatingExpenses": "1145900000", "investmentIncomeNet": "None", "netInterestIncome": "None", "interestIncome": "None", "interestExpense": "63300000", "nonInterestIncome": "None", "otherNonOperatingIncome": "None", "depreciation": "None", "depreciationAndAmortization": "218600000", "incomeBeforeTax": "508100000", "incomeTaxExpense": "138700000", "interestAndDebtExpense": "None", "netIncomeFromContinuingOperations": "369400000", "comprehensiveIncomeNetOfTax": "None", "ebit": "579200000", "ebitda": "797800000", "netIncome": "364900000"}, {"fiscalDateEnding": "2014-06-30", "reportedCurrency": "USD", "grossProfit": "1658800000", "totalRevenue": "3568200000", "costOfRevenue": "1909400000", "costofGoodsAndServicesSold": "1909400000", "operatingIncome": "512200000", "sellingGeneralAndAdministrative": "1152700000", "researchAndDevelopment": "0", "operatingExpenses": "1152700000", "investmentIncomeNet": "None", "netInterestIncome": "None", "interestIncome": "None", "interestExpense": "66200000", "nonInterestIncome": "None", "otherNonOperatingIncome": "None", "depreciation": "None", "depreciationAndAmortization": "218600000", "incomeBeforeTax": "446000000", "incomeTaxExpense": "131000000", "interestAndDebtExpense": "None", "netIncomeFromContinuingOperations": "315000000", "comprehensiveIncomeNetOfTax": "None", "ebit": "507200000", "ebitda": "725800000", "netIncome": "311400000"}, {"fiscalDateEnding": "2014-03-31", "reportedCurrency": "USD", "grossProfit": "1517400000", "totalRevenue": "3336600000", "costOfRevenue": "1819200000", "costofGoodsAndServicesSold": "1819200000", "operatingIncome": "350900000", "sellingGeneralAndAdministrative": "1136900000", "researchAndDevelopment": "0", "operatingExpenses": "1136900000", "investmentIncomeNet": "None", "netInterestIncome": "None", "interestIncome": "None", "interestExpense": "65100000", "nonInterestIncome": "None", "otherNonOperatingIncome": "None", "depreciation": "None", "depreciationAndAmortization": "216800000", "incomeBeforeTax": "285800000", "incomeTaxExpense": "91300000", "interestAndDebtExpense": "None", "netIncomeFromContinuingOperations": "194500000", "comprehensiveIncomeNetOfTax": "None", "ebit": "386500000", "ebitda": "603300000", "netIncome": "191000000"}, {"fiscalDateEnding": "2013-12-31", "reportedCurrency": "USD", "grossProfit": "1595700000", "totalRevenue": "3559500000", "costOfRevenue": "1963800000", "costofGoodsAndServicesSold": "1963800000", "operatingIncome": "470600000", "sellingGeneralAndAdministrative": "1104900000", "researchAndDevelopment": "188000000", "operatingExpenses": "1104900000", "investmentIncomeNet": "None", "netInterestIncome": "None", "interestIncome": "None", "interestExpense": "67600000", "nonInterestIncome": "None", "otherNonOperatingIncome": "None", "depreciation": "None", "depreciationAndAmortization": "214400000", "incomeBeforeTax": "403000000", "incomeTaxExpense": "113400000", "interestAndDebtExpense": "None", "netIncomeFromContinuingOperations": "594800000", "comprehensiveIncomeNetOfTax": "None", "ebit": "510500000", "ebitda": "724900000", "netIncome": "287100000"}, {"fiscalDateEnding": "2013-09-30", "reportedCurrency": "USD", "grossProfit": "1601200000", "totalRevenue": "3484000000", "costOfRevenue": "1882800000", "costofGoodsAndServicesSold": "1882800000", "operatingIncome": "476000000", "sellingGeneralAndAdministrative": "1097400000", "researchAndDevelopment": "0", "operatingExpenses": "1097400000", "investmentIncomeNet": "None", "netInterestIncome": "None", "interestIncome": "None", "interestExpense": "67000000", "nonInterestIncome": "None", "otherNonOperatingIncome": "None", "depreciation": "None", "depreciationAndAmortization": "211900000", "incomeBeforeTax": "409000000", "incomeTaxExpense": "101800000", "interestAndDebtExpense": "None", "netIncomeFromContinuingOperations": "510800000", "comprehensiveIncomeNetOfTax": "None", "ebit": "510100000", "ebitda": "722000000", "netIncome": "308000000"}, {"fiscalDateEnding": "2013-06-30", "reportedCurrency": "USD", "grossProfit": "1509200000", "totalRevenue": "3337800000", "costOfRevenue": "1828600000", "costofGoodsAndServicesSold": "1828600000", "operatingIncome": "352300000", "sellingGeneralAndAdministrative": "1083300000", "researchAndDevelopment": "0", "operatingExpenses": "1083300000", "investmentIncomeNet": "None", "netInterestIncome": "None", "interestIncome": "None", "interestExpense": "66200000", "nonInterestIncome": "None", "otherNonOperatingIncome": "None", "depreciation": "None", "depreciationAndAmortization": "204600000", "incomeBeforeTax": "286100000", "incomeTaxExpense": "70300000", "interestAndDebtExpense": "None", "netIncomeFromContinuingOperations": "356400000", "comprehensiveIncomeNetOfTax": "None", "ebit": "354900000", "ebitda": "559500000", "netIncome": "213100000"}, {"fiscalDateEnding": "2013-03-31", "reportedCurrency": "USD", "grossProfit": "1307200000", "totalRevenue": "2872100000", "costOfRevenue": "1564900000", "costofGoodsAndServicesSold": "1564900000", "operatingIncome": "261700000", "sellingGeneralAndAdministrative": "995800000", "researchAndDevelopment": "0", "operatingExpenses": "995800000", "investmentIncomeNet": "None", "netInterestIncome": "None", "interestIncome": "None", "interestExpense": "61500000", "nonInterestIncome": "None", "otherNonOperatingIncome": "None", "depreciation": "None", "depreciationAndAmortization": "185300000", "incomeBeforeTax": "200200000", "incomeTaxExpense": "39200000", "interestAndDebtExpense": "None", "netIncomeFromContinuingOperations": "161000000", "comprehensiveIncomeNetOfTax": "None", "ebit": "265200000", "ebitda": "450500000", "netIncome": "159600000"}, {"fiscalDateEnding": "2012-12-31", "reportedCurrency": "USD", "grossProfit": "1401600000", "totalRevenue": "3045800000", "costOfRevenue": "1644200000", "costofGoodsAndServicesSold": "1644200000", "operatingIncome": "395800000", "sellingGeneralAndAdministrative": "971100000", "researchAndDevelopment": "183000000", "operatingExpenses": "971100000", "investmentIncomeNet": "None", "netInterestIncome": "None", "interestIncome": "None", "interestExpense": "62500000", "nonInterestIncome": "None", "otherNonOperatingIncome": "None", "depreciation": "None", "depreciationAndAmortization": "366000000", "incomeBeforeTax": "333300000", "incomeTaxExpense": "98800000", "interestAndDebtExpense": "None", "netIncomeFromContinuingOperations": "234500000", "comprehensiveIncomeNetOfTax": "None", "ebit": "397300000", "ebitda": "763300000", "netIncome": "231400000"}, {"fiscalDateEnding": "2012-09-30", "reportedCurrency": "USD", "grossProfit": "1406900000", "totalRevenue": "3023300000", "costOfRevenue": "1616400000", "costofGoodsAndServicesSold": "1616400000", "operatingIncome": "401200000", "sellingGeneralAndAdministrative": "977700000", "researchAndDevelopment": "0", "operatingExpenses": "977700000", "investmentIncomeNet": "None", "netInterestIncome": "None", "interestIncome": "None", "interestExpense": "64200000", "nonInterestIncome": "None", "otherNonOperatingIncome": "None", "depreciation": "None", "depreciationAndAmortization": "116700000", "incomeBeforeTax": "337000000", "incomeTaxExpense": "97700000", "interestAndDebtExpense": "None", "netIncomeFromContinuingOperations": "239300000", "comprehensiveIncomeNetOfTax": "None", "ebit": "465100000", "ebitda": "581800000", "netIncome": "238000000"}, {"fiscalDateEnding": "2012-06-30", "reportedCurrency": "USD", "grossProfit": "1349800000", "totalRevenue": "2958700000", "costOfRevenue": "1608900000", "costofGoodsAndServicesSold": "1608900000", "operatingIncome": "326500000", "sellingGeneralAndAdministrative": "981700000", "researchAndDevelopment": "0", "operatingExpenses": "981700000", "investmentIncomeNet": "None", "netInterestIncome": "None", "interestIncome": "None", "interestExpense": "63900000", "nonInterestIncome": "None", "otherNonOperatingIncome": "None", "depreciation": "None", "depreciationAndAmortization": "116300000", "incomeBeforeTax": "262600000", "incomeTaxExpense": "79200000", "interestAndDebtExpense": "None", "netIncomeFromContinuingOperations": "183400000", "comprehensiveIncomeNetOfTax": "None", "ebit": "390800000", "ebitda": "507100000", "netIncome": "184500000"}, {"fiscalDateEnding": "2012-03-31", "reportedCurrency": "USD", "grossProfit": "1196900000", "totalRevenue": "2810900000", "costOfRevenue": "1614000000", "costofGoodsAndServicesSold": "1614000000", "operatingIncome": "165800000", "sellingGeneralAndAdministrative": "989700000", "researchAndDevelopment": "0", "operatingExpenses": "989700000", "investmentIncomeNet": "None", "netInterestIncome": "None", "interestIncome": "None", "interestExpense": "86100000", "nonInterestIncome": "None", "otherNonOperatingIncome": "None", "depreciation": "None", "depreciationAndAmortization": "115500000", "incomeBeforeTax": "79700000", "incomeTaxExpense": "35600000", "interestAndDebtExpense": "None", "netIncomeFromContinuingOperations": "44100000", "comprehensiveIncomeNetOfTax": "None", "ebit": "230100000", "ebitda": "345600000", "netIncome": "49700000"}, {"fiscalDateEnding": "2011-12-31", "reportedCurrency": "USD", "grossProfit": "878800000", "totalRevenue": "1845300000", "costOfRevenue": "966500000", "costofGoodsAndServicesSold": "966500000", "operatingIncome": "164200000", "sellingGeneralAndAdministrative": "651600000", "researchAndDevelopment": "96000000", "operatingExpenses": "651600000", "investmentIncomeNet": "None", "netInterestIncome": "None", "interestIncome": "None", "interestExpense": "36400000", "nonInterestIncome": "None", "otherNonOperatingIncome": "None", "depreciation": "None", "depreciationAndAmortization": "110700000", "incomeBeforeTax": "129800000", "incomeTaxExpense": "41000000", "interestAndDebtExpense": "None", "netIncomeFromContinuingOperations": "88800000", "comprehensiveIncomeNetOfTax": "None", "ebit": "166200000", "ebitda": "276900000", "netIncome": "88700000"}, {"fiscalDateEnding": "2011-09-30", "reportedCurrency": "USD", "grossProfit": "858200000", "totalRevenue": "1736100000", "costOfRevenue": "877900000", "costofGoodsAndServicesSold": "877900000", "operatingIncome": "239600000", "sellingGeneralAndAdministrative": "595300000", "researchAndDevelopment": "0", "operatingExpenses": "595300000", "investmentIncomeNet": "None", "netInterestIncome": "None", "interestIncome": "None", "interestExpense": "15900000", "nonInterestIncome": "None", "otherNonOperatingIncome": "None", "depreciation": "None", "depreciationAndAmortization": "97100000", "incomeBeforeTax": "226400000", "incomeTaxExpense": "71900000", "interestAndDebtExpense": "None", "netIncomeFromContinuingOperations": "154500000", "comprehensiveIncomeNetOfTax": "None", "ebit": "228100000", "ebitda": "325200000", "netIncome": "154300000"}, {"fiscalDateEnding": "2011-06-30", "reportedCurrency": "USD", "grossProfit": "838000000", "totalRevenue": "1698800000", "costOfRevenue": "860800000", "costofGoodsAndServicesSold": "860800000", "operatingIncome": "198300000", "sellingGeneralAndAdministrative": "609600000", "researchAndDevelopment": "0", "operatingExpenses": "609600000", "investmentIncomeNet": "None", "netInterestIncome": "None", "interestIncome": "None", "interestExpense": "14800000", "nonInterestIncome": "None", "otherNonOperatingIncome": "None", "depreciation": "None", "depreciationAndAmortization": "96700000", "incomeBeforeTax": "185200000", "incomeTaxExpense": "59000000", "interestAndDebtExpense": "None", "netIncomeFromContinuingOperations": "126200000", "comprehensiveIncomeNetOfTax": "None", "ebit": "186100000", "ebitda": "282800000", "netIncome": "125900000"}, {"fiscalDateEnding": "2011-03-31", "reportedCurrency": "USD", "grossProfit": "747900000", "totalRevenue": "1518300000", "costOfRevenue": "770400000", "costofGoodsAndServicesSold": "770400000", "operatingIncome": "151700000", "sellingGeneralAndAdministrative": "581600000", "researchAndDevelopment": "0", "operatingExpenses": "581600000", "investmentIncomeNet": "None", "netInterestIncome": "None", "interestIncome": "None", "interestExpense": "15000000", "nonInterestIncome": "None", "otherNonOperatingIncome": "None", "depreciation": "None", "depreciationAndAmortization": "91200000", "incomeBeforeTax": "138200000", "incomeTaxExpense": "44400000", "interestAndDebtExpense": "None", "netIncomeFromContinuingOperations": "93800000", "comprehensiveIncomeNetOfTax": "None", "ebit": "141600000", "ebitda": "232800000", "netIncome": "93600000"}, {"fiscalDateEnding": "2010-12-31", "reportedCurrency": "USD", "grossProfit": "791800000", "totalRevenue": "1575500000", "costOfRevenue": "783700000", "costofGoodsAndServicesSold": "783700000", "operatingIncome": "203600000", "sellingGeneralAndAdministrative": "579700000", "researchAndDevelopment": "88000000", "operatingExpenses": "579700000", "investmentIncomeNet": "None", "netInterestIncome": "None", "interestIncome": "None", "interestExpense": "16900000", "nonInterestIncome": "None", "otherNonOperatingIncome": "None", "depreciation": "None", "depreciationAndAmortization": "88400000", "incomeBeforeTax": "189400000", "incomeTaxExpense": "57800000", "interestAndDebtExpense": "None", "netIncomeFromContinuingOperations": "131600000", "comprehensiveIncomeNetOfTax": "None", "ebit": "206300000", "ebitda": "294700000", "netIncome": "131300000"}, {"fiscalDateEnding": "2010-09-30", "reportedCurrency": "USD", "grossProfit": "798500000", "totalRevenue": "1561900000", "costOfRevenue": "763400000", "costofGoodsAndServicesSold": "763400000", "operatingIncome": "245100000", "sellingGeneralAndAdministrative": "558500000", "researchAndDevelopment": "0", "operatingExpenses": "558500000", "investmentIncomeNet": "None", "netInterestIncome": "None", "interestIncome": "None", "interestExpense": "14900000", "nonInterestIncome": "None", "otherNonOperatingIncome": "None", "depreciation": "None", "depreciationAndAmortization": "81500000", "incomeBeforeTax": "230200000", "incomeTaxExpense": "55900000", "interestAndDebtExpense": "None", "netIncomeFromContinuingOperations": "174300000", "comprehensiveIncomeNetOfTax": "None", "ebit": "246500000", "ebitda": "328000000", "netIncome": "174200000"}, {"fiscalDateEnding": "2010-06-30", "reportedCurrency": "USD", "grossProfit": "770200000", "totalRevenue": "1520200000", "costOfRevenue": "750000000", "costofGoodsAndServicesSold": "750000000", "operatingIncome": "204300000", "sellingGeneralAndAdministrative": "565300000", "researchAndDevelopment": "0", "operatingExpenses": "565300000", "investmentIncomeNet": "None", "netInterestIncome": "None", "interestIncome": "None", "interestExpense": "15000000", "nonInterestIncome": "None", "otherNonOperatingIncome": "None", "depreciation": "None", "depreciationAndAmortization": "91800000", "incomeBeforeTax": "189300000", "incomeTaxExpense": "59800000", "interestAndDebtExpense": "None", "netIncomeFromContinuingOperations": "129500000", "comprehensiveIncomeNetOfTax": "None", "ebit": "205400000", "ebitda": "297200000", "netIncome": "129300000"}, {"fiscalDateEnding": "2010-03-31", "reportedCurrency": "USD", "grossProfit": "715400000", "totalRevenue": "1432100000", "costOfRevenue": "716700000", "costofGoodsAndServicesSold": "716700000", "operatingIncome": "153800000", "sellingGeneralAndAdministrative": "558100000", "researchAndDevelopment": "0", "operatingExpenses": "558100000", "investmentIncomeNet": "None", "netInterestIncome": "None", "interestIncome": "None", "interestExpense": "15000000", "nonInterestIncome": "None", "otherNonOperatingIncome": "None", "depreciation": "None", "depreciationAndAmortization": "86200000", "incomeBeforeTax": "138800000", "incomeTaxExpense": "43100000", "interestAndDebtExpense": "None", "netIncomeFromContinuingOperations": "95700000", "comprehensiveIncomeNetOfTax": "None", "ebit": "155100000", "ebitda": "241300000", "netIncome": "95500000"}, {"fiscalDateEnding": "2009-12-31", "reportedCurrency": "USD", "grossProfit": "783400000", "totalRevenue": "1564500000", "costOfRevenue": "781100000", "costofGoodsAndServicesSold": "781100000", "operatingIncome": "195800000", "sellingGeneralAndAdministrative": "577400000", "researchAndDevelopment": "86000000", "operatingExpenses": "577400000", "investmentIncomeNet": "None", "netInterestIncome": "None", "interestIncome": "None", "interestExpense": "16400000", "nonInterestIncome": "None", "otherNonOperatingIncome": "None", "depreciation": "None", "depreciationAndAmortization": "85700000", "incomeBeforeTax": "180700000", "incomeTaxExpense": "64400000", "interestAndDebtExpense": "None", "netIncomeFromContinuingOperations": "0", "comprehensiveIncomeNetOfTax": "None", "ebit": "197100000", "ebitda": "282800000", "netIncome": "115800000"}, {"fiscalDateEnding": "2009-09-30", "reportedCurrency": "USD", "grossProfit": "782500000", "totalRevenue": "1546400000", "costOfRevenue": "763900000", "costofGoodsAndServicesSold": "763900000", "operatingIncome": "223000000", "sellingGeneralAndAdministrative": "554100000", "researchAndDevelopment": "0", "operatingExpenses": "554100000", "investmentIncomeNet": "None", "netInterestIncome": "None", "interestIncome": "None", "interestExpense": "15100000", "nonInterestIncome": "None", "otherNonOperatingIncome": "None", "depreciation": "None", "depreciationAndAmortization": "83600000", "incomeBeforeTax": "207900000", "incomeTaxExpense": "62700000", "interestAndDebtExpense": "None", "netIncomeFromContinuingOperations": "145200000", "comprehensiveIncomeNetOfTax": "None", "ebit": "224300000", "ebitda": "307900000", "netIncome": "145000000"}, {"fiscalDateEnding": "2009-06-30", "reportedCurrency": "USD", "grossProfit": "716400000", "totalRevenue": "1441500000", "costOfRevenue": "725100000", "costofGoodsAndServicesSold": "725100000", "operatingIncome": "165000000", "sellingGeneralAndAdministrative": "526400000", "researchAndDevelopment": "0", "operatingExpenses": "526400000", "investmentIncomeNet": "None", "netInterestIncome": "None", "interestIncome": "None", "interestExpense": "15200000", "nonInterestIncome": "None", "otherNonOperatingIncome": "None", "depreciation": "None", "depreciationAndAmortization": "84600000", "incomeBeforeTax": "149800000", "incomeTaxExpense": "50300000", "interestAndDebtExpense": "None", "netIncomeFromContinuingOperations": "99500000", "comprehensiveIncomeNetOfTax": "None", "ebit": "166700000", "ebitda": "251300000", "netIncome": "99100000"}, {"fiscalDateEnding": "2009-03-31", "reportedCurrency": "USD", "grossProfit": "640300000", "totalRevenue": "1348200000", "costOfRevenue": "707900000", "costofGoodsAndServicesSold": "707900000", "operatingIncome": "97500000", "sellingGeneralAndAdministrative": "516300000", "researchAndDevelopment": "0", "operatingExpenses": "516300000", "investmentIncomeNet": "None", "netInterestIncome": "None", "interestIncome": "None", "interestExpense": "17800000", "nonInterestIncome": "None", "otherNonOperatingIncome": "None", "depreciation": "None", "depreciationAndAmortization": "80400000", "incomeBeforeTax": "81700000", "incomeTaxExpense": "24000000", "interestAndDebtExpense": "None", "netIncomeFromContinuingOperations": "0", "comprehensiveIncomeNetOfTax": "None", "ebit": "99500000", "ebitda": "179900000", "netIncome": "57400000"}, {"fiscalDateEnding": "2008-12-31", "reportedCurrency": "USD", "grossProfit": "713100000", "totalRevenue": "1483300000", "costOfRevenue": "770200000", "costofGoodsAndServicesSold": "770200000", "operatingIncome": "139800000", "sellingGeneralAndAdministrative": "541800000", "researchAndDevelopment": "86000000", "operatingExpenses": "573300000", "investmentIncomeNet": "None", "netInterestIncome": "None", "interestIncome": "None", "interestExpense": "47000000", "nonInterestIncome": "None", "otherNonOperatingIncome": "None", "depreciation": "None", "depreciationAndAmortization": "79500000", "incomeBeforeTax": "124300000", "incomeTaxExpense": "44300000", "interestAndDebtExpense": "None", "netIncomeFromContinuingOperations": "0", "comprehensiveIncomeNetOfTax": "None", "ebit": "139800000", "ebitda": "219300000", "netIncome": "80000000"}, {"fiscalDateEnding": "2008-09-30", "reportedCurrency": "USD", "grossProfit": "792000000", "totalRevenue": "1626300000", "costOfRevenue": "834300000", "costofGoodsAndServicesSold": "834300000", "operatingIncome": "201700000", "sellingGeneralAndAdministrative": "578500000", "researchAndDevelopment": "0", "operatingExpenses": "590300000", "investmentIncomeNet": "None", "netInterestIncome": "None", "interestIncome": "None", "interestExpense": "27800000", "nonInterestIncome": "None", "otherNonOperatingIncome": "None", "depreciation": "None", "depreciationAndAmortization": "85200000", "incomeBeforeTax": "185700000", "incomeTaxExpense": "59500000", "interestAndDebtExpense": "None", "netIncomeFromContinuingOperations": "0", "comprehensiveIncomeNetOfTax": "None", "ebit": "203300000", "ebitda": "288500000", "netIncome": "126200000"}, {"fiscalDateEnding": "2008-06-30", "reportedCurrency": "USD", "grossProfit": "771200000", "totalRevenue": "1570000000", "costOfRevenue": "798800000", "costofGoodsAndServicesSold": "798800000", "operatingIncome": "210500000", "sellingGeneralAndAdministrative": "580000000", "researchAndDevelopment": "0", "operatingExpenses": "560700000", "investmentIncomeNet": "None", "netInterestIncome": "None", "interestIncome": "None", "interestExpense": "17800000", "nonInterestIncome": "None", "otherNonOperatingIncome": "None", "depreciation": "None", "depreciationAndAmortization": "85100000", "incomeBeforeTax": "195200000", "incomeTaxExpense": "56200000", "interestAndDebtExpense": "None", "netIncomeFromContinuingOperations": "0", "comprehensiveIncomeNetOfTax": "None", "ebit": "213000000", "ebitda": "298100000", "netIncome": "139000000"}, {"fiscalDateEnding": "2008-03-31", "reportedCurrency": "USD", "grossProfit": "719600000", "totalRevenue": "1457900000", "costOfRevenue": "738300000", "costofGoodsAndServicesSold": "738300000", "operatingIncome": "160500000", "sellingGeneralAndAdministrative": "557200000", "researchAndDevelopment": "0", "operatingExpenses": "559100000", "investmentIncomeNet": "None", "netInterestIncome": "None", "interestIncome": "None", "interestExpense": "16700000", "nonInterestIncome": "None", "otherNonOperatingIncome": "None", "depreciation": "None", "depreciationAndAmortization": "84900000", "incomeBeforeTax": "145700000", "incomeTaxExpense": "42800000", "interestAndDebtExpense": "None", "netIncomeFromContinuingOperations": "0", "comprehensiveIncomeNetOfTax": "None", "ebit": "163200000", "ebitda": "248100000", "netIncome": "102900000"}, {"fiscalDateEnding": "2007-12-31", "reportedCurrency": "USD", "grossProfit": "723400000", "totalRevenue": "1439800000", "costOfRevenue": "716400000", "costofGoodsAndServicesSold": "716400000", "operatingIncome": "174300000", "sellingGeneralAndAdministrative": "557200000", "researchAndDevelopment": "82600000", "operatingExpenses": "549100000", "investmentIncomeNet": "None", "netInterestIncome": "None", "interestIncome": "None", "interestExpense": "5000000", "nonInterestIncome": "None", "otherNonOperatingIncome": "None", "depreciation": "None", "depreciationAndAmortization": "76200000", "incomeBeforeTax": "161200000", "incomeTaxExpense": "47800000", "interestAndDebtExpense": "None", "netIncomeFromContinuingOperations": "0", "comprehensiveIncomeNetOfTax": "None", "ebit": "174300000", "ebitda": "250500000", "netIncome": "113400000"}, {"fiscalDateEnding": "2007-09-30", "reportedCurrency": "USD", "grossProfit": "723100000", "totalRevenue": "1413200000", "costOfRevenue": "690100000", "costofGoodsAndServicesSold": "690100000", "operatingIncome": "171600000", "sellingGeneralAndAdministrative": "523700000", "researchAndDevelopment": "0", "operatingExpenses": "551500000", "investmentIncomeNet": "None", "netInterestIncome": "None", "interestIncome": "None", "interestExpense": "40600000", "nonInterestIncome": "None", "otherNonOperatingIncome": "None", "depreciation": "None", "depreciationAndAmortization": "73200000", "incomeBeforeTax": "158800000", "incomeTaxExpense": "44800000", "interestAndDebtExpense": "None", "netIncomeFromContinuingOperations": "0", "comprehensiveIncomeNetOfTax": "None", "ebit": "98400000", "ebitda": "171600000", "netIncome": "114000000"}, {"fiscalDateEnding": "2007-06-30", "reportedCurrency": "USD", "grossProfit": "692900000", "totalRevenue": "1362400000", "costOfRevenue": "669500000", "costofGoodsAndServicesSold": "669500000", "operatingIncome": "173000000", "sellingGeneralAndAdministrative": "519900000", "researchAndDevelopment": "0", "operatingExpenses": "519900000", "investmentIncomeNet": "None", "netInterestIncome": "None", "interestIncome": "None", "interestExpense": "13400000", "nonInterestIncome": "None", "otherNonOperatingIncome": "None", "depreciation": "None", "depreciationAndAmortization": "72300000", "incomeBeforeTax": "159600000", "incomeTaxExpense": "49300000", "interestAndDebtExpense": "None", "netIncomeFromContinuingOperations": "0", "comprehensiveIncomeNetOfTax": "None", "ebit": "100700000", "ebitda": "173000000", "netIncome": "110300000"}, {"fiscalDateEnding": "2007-03-31", "reportedCurrency": "USD", "grossProfit": "638500000", "totalRevenue": "1254200000", "costOfRevenue": "615700000", "costofGoodsAndServicesSold": "615700000", "operatingIncome": "148400000", "sellingGeneralAndAdministrative": "490100000", "researchAndDevelopment": "0", "operatingExpenses": "490100000", "investmentIncomeNet": "None", "netInterestIncome": "None", "interestIncome": "None", "interestExpense": "11700000", "nonInterestIncome": "None", "otherNonOperatingIncome": "None", "depreciation": "None", "depreciationAndAmortization": "70200000", "incomeBeforeTax": "136700000", "incomeTaxExpense": "47200000", "interestAndDebtExpense": "None", "netIncomeFromContinuingOperations": "0", "comprehensiveIncomeNetOfTax": "None", "ebit": "78200000", "ebitda": "148400000", "netIncome": "89500000"}, {"fiscalDateEnding": "2006-12-31", "reportedCurrency": "USD", "grossProfit": "640990000", "totalRevenue": "1271000000", "costOfRevenue": "630010000", "costofGoodsAndServicesSold": "630010000", "operatingIncome": "145694000", "sellingGeneralAndAdministrative": "495296000", "researchAndDevelopment": "73300000", "operatingExpenses": "495296000", "investmentIncomeNet": "None", "netInterestIncome": "None", "interestIncome": "None", "interestExpense": "11857000", "nonInterestIncome": "None", "otherNonOperatingIncome": "None", "depreciation": "None", "depreciationAndAmortization": "66689000", "incomeBeforeTax": "133837000", "incomeTaxExpense": "46646000", "interestAndDebtExpense": "None", "netIncomeFromContinuingOperations": "0", "comprehensiveIncomeNetOfTax": "None", "ebit": "145694000", "ebitda": "212383000", "netIncome": "87191000"}, {"fiscalDateEnding": "2006-09-30", "reportedCurrency": "USD", "grossProfit": "653301000", "totalRevenue": "1278855000", "costOfRevenue": "625554000", "costofGoodsAndServicesSold": "625554000", "operatingIncome": "181364000", "sellingGeneralAndAdministrative": "471937000", "researchAndDevelopment": "0", "operatingExpenses": "471937000", "investmentIncomeNet": "None", "netInterestIncome": "None", "interestIncome": "None", "interestExpense": "11219000", "nonInterestIncome": "None", "otherNonOperatingIncome": "None", "depreciation": "None", "depreciationAndAmortization": "68553000", "incomeBeforeTax": "170145000", "incomeTaxExpense": "59786000", "interestAndDebtExpense": "None", "netIncomeFromContinuingOperations": "0", "comprehensiveIncomeNetOfTax": "None", "ebit": "181364000", "ebitda": "249917000", "netIncome": "110300000"}, {"fiscalDateEnding": "2006-06-30", "reportedCurrency": "USD", "grossProfit": "617881000", "totalRevenue": "1225884000", "costOfRevenue": "608003000", "costofGoodsAndServicesSold": "608003000", "operatingIncome": "153127000", "sellingGeneralAndAdministrative": "464754000", "researchAndDevelopment": "0", "operatingExpenses": "464754000", "investmentIncomeNet": "None", "netInterestIncome": "None", "interestIncome": "None", "interestExpense": "11014000", "nonInterestIncome": "None", "otherNonOperatingIncome": "None", "depreciation": "None", "depreciationAndAmortization": "67970000", "incomeBeforeTax": "142113000", "incomeTaxExpense": "48934000", "interestAndDebtExpense": "None", "netIncomeFromContinuingOperations": "0", "comprehensiveIncomeNetOfTax": "None", "ebit": "85157000", "ebitda": "153127000", "netIncome": "93179000"}, {"fiscalDateEnding": "2006-03-31", "reportedCurrency": "USD", "grossProfit": "567584000", "totalRevenue": "1120075000", "costOfRevenue": "552491000", "costofGoodsAndServicesSold": "552491000", "operatingIncome": "131457000", "sellingGeneralAndAdministrative": "436127000", "researchAndDevelopment": "0", "operatingExpenses": "436127000", "investmentIncomeNet": "None", "netInterestIncome": "None", "interestIncome": "None", "interestExpense": "10328000", "nonInterestIncome": "None", "otherNonOperatingIncome": "None", "depreciation": "None", "depreciationAndAmortization": "65357000", "incomeBeforeTax": "121129000", "incomeTaxExpense": "43243000", "interestAndDebtExpense": "None", "netIncomeFromContinuingOperations": "0", "comprehensiveIncomeNetOfTax": "None", "ebit": "131457000", "ebitda": "196814000", "netIncome": "77900000"}, {"fiscalDateEnding": "2005-12-31", "reportedCurrency": "USD", "grossProfit": "562305000", "totalRevenue": "1141515000", "costOfRevenue": "579210000", "costofGoodsAndServicesSold": "579210000", "operatingIncome": "98096000", "sellingGeneralAndAdministrative": "464209000", "researchAndDevelopment": "68372000", "operatingExpenses": "464209000", "investmentIncomeNet": "None", "netInterestIncome": "None", "interestIncome": "None", "interestExpense": "9335000", "nonInterestIncome": "None", "otherNonOperatingIncome": "None", "depreciation": "None", "depreciationAndAmortization": "62024000", "incomeBeforeTax": "88761000", "incomeTaxExpense": "34247000", "interestAndDebtExpense": "None", "netIncomeFromContinuingOperations": "0", "comprehensiveIncomeNetOfTax": "None", "ebit": "98096000", "ebitda": "160120000", "netIncome": "54514000"}, {"fiscalDateEnding": "2005-09-30", "reportedCurrency": "USD", "grossProfit": "592367000", "totalRevenue": "1164773000", "costOfRevenue": "572406000", "costofGoodsAndServicesSold": "572406000", "operatingIncome": "171576000", "sellingGeneralAndAdministrative": "420791000", "researchAndDevelopment": "0", "operatingExpenses": "420791000", "investmentIncomeNet": "None", "netInterestIncome": "None", "interestIncome": "None", "interestExpense": "11529000", "nonInterestIncome": "None", "otherNonOperatingIncome": "None", "depreciation": "None", "depreciationAndAmortization": "64588000", "incomeBeforeTax": "160047000", "incomeTaxExpense": "56305000", "interestAndDebtExpense": "None", "netIncomeFromContinuingOperations": "0", "comprehensiveIncomeNetOfTax": "None", "ebit": "171576000", "ebitda": "236164000", "netIncome": "97958000"}, {"fiscalDateEnding": "2005-06-30", "reportedCurrency": "USD", "grossProfit": "588005000", "totalRevenue": "1158664000", "costOfRevenue": "570659000", "costofGoodsAndServicesSold": "570659000", "operatingIncome": "146379000", "sellingGeneralAndAdministrative": "441626000", "researchAndDevelopment": "0", "operatingExpenses": "441626000", "investmentIncomeNet": "None", "netInterestIncome": "None", "interestIncome": "None", "interestExpense": "12184000", "nonInterestIncome": "None", "otherNonOperatingIncome": "None", "depreciation": "None", "depreciationAndAmortization": "65282000", "incomeBeforeTax": "134195000", "incomeTaxExpense": "47618000", "interestAndDebtExpense": "None", "netIncomeFromContinuingOperations": "0", "comprehensiveIncomeNetOfTax": "None", "ebit": "146379000", "ebitda": "211661000", "netIncome": "81401000"}, {"fiscalDateEnding": "2005-03-31", "reportedCurrency": "USD", "grossProfit": "543324000", "totalRevenue": "1069880000", "costOfRevenue": "526556000", "costofGoodsAndServicesSold": "526556000", "operatingIncome": "126369000", "sellingGeneralAndAdministrative": "416955000", "researchAndDevelopment": "0", "operatingExpenses": "416955000", "investmentIncomeNet": "None", "netInterestIncome": "None", "interestIncome": "None", "interestExpense": "11190000", "nonInterestIncome": "None", "otherNonOperatingIncome": "None", "depreciation": "None", "depreciationAndAmortization": "65041000", "incomeBeforeTax": "115179000", "incomeTaxExpense": "40531000", "interestAndDebtExpense": "None", "netIncomeFromContinuingOperations": "0", "comprehensiveIncomeNetOfTax": "None", "ebit": "61328000", "ebitda": "126369000", "netIncome": "74648000"}, {"fiscalDateEnding": "2004-12-31", "reportedCurrency": "USD", "grossProfit": "539627000", "totalRevenue": "1072535000", "costOfRevenue": "532908000", "costofGoodsAndServicesSold": "532908000", "operatingIncome": "123172000", "sellingGeneralAndAdministrative": "416884000", "researchAndDevelopment": "61471000", "operatingExpenses": "416455000", "investmentIncomeNet": "None", "netInterestIncome": "None", "interestIncome": "None", "interestExpense": "10959000", "nonInterestIncome": "None", "otherNonOperatingIncome": "None", "depreciation": "None", "depreciationAndAmortization": "62183000", "incomeBeforeTax": "111784000", "incomeTaxExpense": "40542000", "interestAndDebtExpense": "None", "netIncomeFromContinuingOperations": "0", "comprehensiveIncomeNetOfTax": "None", "ebit": "123172000", "ebitda": "185355000", "netIncome": "71242000"}]}