{"symbol": "SJM", "annualReports": [{"fiscalDateEnding": "2024-04-30", "reportedCurrency": "USD", "grossProfit": "3115400000", "totalRevenue": "8178700000", "costOfRevenue": "5063300000", "costofGoodsAndServicesSold": "5063300000", "operatingIncome": "1305800000", "sellingGeneralAndAdministrative": "49100000", "researchAndDevelopment": "49100000", "operatingExpenses": "1809600000", "investmentIncomeNet": "None", "netInterestIncome": "-283800000", "interestIncome": "None", "interestExpense": "264300000", "nonInterestIncome": "None", "otherNonOperatingIncome": "None", "depreciation": "None", "depreciationAndAmortization": "430800000", "incomeBeforeTax": "996400000", "incomeTaxExpense": "252400000", "interestAndDebtExpense": "None", "netIncomeFromContinuingOperations": "744000000", "comprehensiveIncomeNetOfTax": "None", "ebit": "1260700000", "ebitda": "1691500000", "netIncome": "744000000"}, {"fiscalDateEnding": "2023-04-30", "reportedCurrency": "USD", "grossProfit": "2801800000", "totalRevenue": "8529200000", "costOfRevenue": "5727400000", "costofGoodsAndServicesSold": "5727400000", "operatingIncome": "157500000", "sellingGeneralAndAdministrative": "471600000", "researchAndDevelopment": "47300000", "operatingExpenses": "2644300000", "investmentIncomeNet": "None", "netInterestIncome": "-152000000", "interestIncome": "152000000", "interestExpense": "152000000", "nonInterestIncome": "None", "otherNonOperatingIncome": "-14700000", "depreciation": "None", "depreciationAndAmortization": "431000000", "incomeBeforeTax": "-9200000", "incomeTaxExpense": "82100000", "interestAndDebtExpense": "None", "netIncomeFromContinuingOperations": "-91300000", "comprehensiveIncomeNetOfTax": "None", "ebit": "142800000", "ebitda": "573800000", "netIncome": "-91300000"}, {"fiscalDateEnding": "2022-04-30", "reportedCurrency": "USD", "grossProfit": "2700700000", "totalRevenue": "7998900000", "costOfRevenue": "5298200000", "costofGoodsAndServicesSold": "5298200000", "operatingIncome": "1023800000", "sellingGeneralAndAdministrative": "397700000", "researchAndDevelopment": "48800000", "operatingExpenses": "1676900000", "investmentIncomeNet": "None", "netInterestIncome": "-160900000", "interestIncome": "160900000", "interestExpense": "160900000", "nonInterestIncome": "None", "otherNonOperatingIncome": "-19100000", "depreciation": "None", "depreciationAndAmortization": "459100000", "incomeBeforeTax": "843800000", "incomeTaxExpense": "212100000", "interestAndDebtExpense": "None", "netIncomeFromContinuingOperations": "631700000", "comprehensiveIncomeNetOfTax": "None", "ebit": "1004700000", "ebitda": "1463800000", "netIncome": "631700000"}, {"fiscalDateEnding": "2021-04-30", "reportedCurrency": "USD", "grossProfit": "3138700000", "totalRevenue": "8002700000", "costOfRevenue": "4864000000", "costofGoodsAndServicesSold": "4864000000", "operatingIncome": "1386800000", "sellingGeneralAndAdministrative": "476000000", "researchAndDevelopment": "57700000", "operatingExpenses": "1751900000", "investmentIncomeNet": "None", "netInterestIncome": "-177100000", "interestIncome": "177100000", "interestExpense": "177100000", "nonInterestIncome": "None", "otherNonOperatingIncome": "-37800000", "depreciation": "None", "depreciationAndAmortization": "452500000", "incomeBeforeTax": "1171900000", "incomeTaxExpense": "295600000", "interestAndDebtExpense": "None", "netIncomeFromContinuingOperations": "876300000", "comprehensiveIncomeNetOfTax": "None", "ebit": "1349000000", "ebitda": "1801500000", "netIncome": "876300000"}, {"fiscalDateEnding": "2020-04-30", "reportedCurrency": "USD", "grossProfit": "3002000000", "totalRevenue": "7801000000", "costOfRevenue": "4799000000", "costofGoodsAndServicesSold": "4799000000", "operatingIncome": "1223100000", "sellingGeneralAndAdministrative": "451200000", "researchAndDevelopment": "57700000", "operatingExpenses": "1778900000", "investmentIncomeNet": "None", "netInterestIncome": "-189200000", "interestIncome": "189200000", "interestExpense": "189200000", "nonInterestIncome": "None", "otherNonOperatingIncome": "-7200000", "depreciation": "None", "depreciationAndAmortization": "446500000", "incomeBeforeTax": "1026700000", "incomeTaxExpense": "247200000", "interestAndDebtExpense": "None", "netIncomeFromContinuingOperations": "779500000", "comprehensiveIncomeNetOfTax": "None", "ebit": "1215900000", "ebitda": "1662400000", "netIncome": "779500000"}, {"fiscalDateEnding": "2019-04-30", "reportedCurrency": "USD", "grossProfit": "2915700000", "totalRevenue": "7838000000", "costOfRevenue": "4922300000", "costofGoodsAndServicesSold": "4922300000", "operatingIncome": "928600000", "sellingGeneralAndAdministrative": "1508600000", "researchAndDevelopment": "56000000", "operatingExpenses": "1987100000", "investmentIncomeNet": "None", "netInterestIncome": "-207900000", "interestIncome": "207900000", "interestExpense": "207900000", "nonInterestIncome": "None", "otherNonOperatingIncome": "-19100000", "depreciation": "None", "depreciationAndAmortization": "446300000", "incomeBeforeTax": "701600000", "incomeTaxExpense": "187200000", "interestAndDebtExpense": "None", "netIncomeFromContinuingOperations": "514400000", "comprehensiveIncomeNetOfTax": "None", "ebit": "909500000", "ebitda": "1355800000", "netIncome": "514400000"}, {"fiscalDateEnding": "2018-04-30", "reportedCurrency": "USD", "grossProfit": "2836100000", "totalRevenue": "7357100000", "costOfRevenue": "4521000000", "costofGoodsAndServicesSold": "4521000000", "operatingIncome": "1044000000", "sellingGeneralAndAdministrative": "1370800000", "researchAndDevelopment": "56000000", "operatingExpenses": "1792100000", "investmentIncomeNet": "None", "netInterestIncome": "-174100000", "interestIncome": "174100000", "interestExpense": "174100000", "nonInterestIncome": "None", "otherNonOperatingIncome": "-1000000", "depreciation": "None", "depreciationAndAmortization": "413100000", "incomeBeforeTax": "861000000", "incomeTaxExpense": "-477600000", "interestAndDebtExpense": "None", "netIncomeFromContinuingOperations": "1338600000", "comprehensiveIncomeNetOfTax": "None", "ebit": "1035100000", "ebitda": "1448200000", "netIncome": "1338600000"}, {"fiscalDateEnding": "2017-04-30", "reportedCurrency": "USD", "grossProfit": "2835300000", "totalRevenue": "7392300000", "costOfRevenue": "4557000000", "costofGoodsAndServicesSold": "4557000000", "operatingIncome": "1042600000", "sellingGeneralAndAdministrative": "477700000", "researchAndDevelopment": "58100000", "operatingExpenses": "1792700000", "investmentIncomeNet": "None", "netInterestIncome": "-163100000", "interestIncome": "163100000", "interestExpense": "163100000", "nonInterestIncome": "None", "otherNonOperatingIncome": "10000000", "depreciation": "None", "depreciationAndAmortization": "419000000", "incomeBeforeTax": "878400000", "incomeTaxExpense": "286100000", "interestAndDebtExpense": "None", "netIncomeFromContinuingOperations": "592300000", "comprehensiveIncomeNetOfTax": "None", "ebit": "1041500000", "ebitda": "1460500000", "netIncome": "592300000"}, {"fiscalDateEnding": "2016-04-30", "reportedCurrency": "USD", "grossProfit": "2967800000", "totalRevenue": "7811200000", "costOfRevenue": "4843400000", "costofGoodsAndServicesSold": "4843400000", "operatingIncome": "1145300000", "sellingGeneralAndAdministrative": "524300000", "researchAndDevelopment": "58800000", "operatingExpenses": "1822500000", "investmentIncomeNet": "None", "netInterestIncome": "None", "interestIncome": "171100000", "interestExpense": "171100000", "nonInterestIncome": "None", "otherNonOperatingIncome": "3700000", "depreciation": "None", "depreciationAndAmortization": "430100000", "incomeBeforeTax": "977900000", "incomeTaxExpense": "289200000", "interestAndDebtExpense": "None", "netIncomeFromContinuingOperations": "688700000", "comprehensiveIncomeNetOfTax": "None", "ebit": "1149000000", "ebitda": "1579100000", "netIncome": "688700000"}, {"fiscalDateEnding": "2015-04-30", "reportedCurrency": "USD", "grossProfit": "1968700000", "totalRevenue": "5692700000", "costOfRevenue": "3724000000", "costofGoodsAndServicesSold": "3724000000", "operatingIncome": "772000000", "sellingGeneralAndAdministrative": "1031300000", "researchAndDevelopment": "32500000", "operatingExpenses": "1196700000", "investmentIncomeNet": "None", "netInterestIncome": "None", "interestIncome": "None", "interestExpense": "79900000", "nonInterestIncome": "None", "otherNonOperatingIncome": "4200000", "depreciation": "None", "depreciationAndAmortization": "267200000", "incomeBeforeTax": "523000000", "incomeTaxExpense": "178100000", "interestAndDebtExpense": "None", "netIncomeFromContinuingOperations": "344900000", "comprehensiveIncomeNetOfTax": "None", "ebit": "602900000", "ebitda": "870100000", "netIncome": "344900000"}, {"fiscalDateEnding": "2014-04-30", "reportedCurrency": "USD", "grossProfit": "2031000000", "totalRevenue": "5610600000", "costOfRevenue": "3579600000", "costofGoodsAndServicesSold": "3579600000", "operatingIncome": "919000000", "sellingGeneralAndAdministrative": "988800000", "researchAndDevelopment": "24300000", "operatingExpenses": "1112000000", "investmentIncomeNet": "None", "netInterestIncome": "None", "interestIncome": "None", "interestExpense": "79400000", "nonInterestIncome": "None", "otherNonOperatingIncome": "10100000", "depreciation": "None", "depreciationAndAmortization": "256400000", "incomeBeforeTax": "849700000", "incomeTaxExpense": "284500000", "interestAndDebtExpense": "None", "netIncomeFromContinuingOperations": "565200000", "comprehensiveIncomeNetOfTax": "None", "ebit": "929100000", "ebitda": "1185500000", "netIncome": "565200000"}, {"fiscalDateEnding": "2013-04-30", "reportedCurrency": "USD", "grossProfit": "2027554000", "totalRevenue": "5897654000", "costOfRevenue": "3870100000", "costofGoodsAndServicesSold": "3870100000", "operatingIncome": "910400000", "sellingGeneralAndAdministrative": "973900000", "researchAndDevelopment": "24700000", "operatingExpenses": "1117200000", "investmentIncomeNet": "None", "netInterestIncome": "None", "interestIncome": "None", "interestExpense": "93400000", "nonInterestIncome": "None", "otherNonOperatingIncome": "300000", "depreciation": "None", "depreciationAndAmortization": "250900000", "incomeBeforeTax": "817300000", "incomeTaxExpense": "273100000", "interestAndDebtExpense": "None", "netIncomeFromContinuingOperations": "544200000", "comprehensiveIncomeNetOfTax": "None", "ebit": "910700000", "ebitda": "1161600000", "netIncome": "544200000"}, {"fiscalDateEnding": "2012-04-30", "reportedCurrency": "USD", "grossProfit": "1845223000", "totalRevenue": "5525782000", "costOfRevenue": "3680559000", "costofGoodsAndServicesSold": "3680559000", "operatingIncome": "778300000", "sellingGeneralAndAdministrative": "892683000", "researchAndDevelopment": "21931000", "operatingExpenses": "1066900000", "investmentIncomeNet": "None", "netInterestIncome": "None", "interestIncome": "None", "interestExpense": "79800000", "nonInterestIncome": "None", "otherNonOperatingIncome": "4171000", "depreciation": "None", "depreciationAndAmortization": "208500000", "incomeBeforeTax": "701200000", "incomeTaxExpense": "241500000", "interestAndDebtExpense": "None", "netIncomeFromContinuingOperations": "459744000", "comprehensiveIncomeNetOfTax": "None", "ebit": "781000000", "ebitda": "989500000", "netIncome": "459700000"}, {"fiscalDateEnding": "2011-04-30", "reportedCurrency": "USD", "grossProfit": "1798517000", "totalRevenue": "4825743000", "costOfRevenue": "3027226000", "costofGoodsAndServicesSold": "3027226000", "operatingIncome": "784300000", "sellingGeneralAndAdministrative": "863114000", "researchAndDevelopment": "20981000", "operatingExpenses": "1014200000", "investmentIncomeNet": "None", "netInterestIncome": "None", "interestIncome": "None", "interestExpense": "67100000", "nonInterestIncome": "None", "otherNonOperatingIncome": "2486000", "depreciation": "None", "depreciationAndAmortization": "186000000", "incomeBeforeTax": "717200000", "incomeTaxExpense": "237700000", "interestAndDebtExpense": "None", "netIncomeFromContinuingOperations": "479482000", "comprehensiveIncomeNetOfTax": "None", "ebit": "784300000", "ebitda": "970300000", "netIncome": "479500000"}, {"fiscalDateEnding": "2010-04-30", "reportedCurrency": "USD", "grossProfit": "1786690000", "totalRevenue": "4605289000", "costOfRevenue": "2818599000", "costofGoodsAndServicesSold": "2818599000", "operatingIncome": "790909000", "sellingGeneralAndAdministrative": "878221000", "researchAndDevelopment": "20963000", "operatingExpenses": "995781000", "investmentIncomeNet": "None", "netInterestIncome": "None", "interestIncome": "None", "interestExpense": "65187000", "nonInterestIncome": "None", "otherNonOperatingIncome": "None", "depreciation": "None", "depreciationAndAmortization": "181882000", "incomeBeforeTax": "730753000", "incomeTaxExpense": "236615000", "interestAndDebtExpense": "None", "netIncomeFromContinuingOperations": "None", "comprehensiveIncomeNetOfTax": "None", "ebit": "795940000", "ebitda": "977822000", "netIncome": "494138000"}, {"fiscalDateEnding": "2009-04-30", "reportedCurrency": "USD", "grossProfit": "1251429000", "totalRevenue": "3757933000", "costOfRevenue": "2506504000", "costofGoodsAndServicesSold": "2506504000", "operatingIncome": "452275000", "sellingGeneralAndAdministrative": "673565000", "researchAndDevelopment": "14498000", "operatingExpenses": "799154000", "investmentIncomeNet": "None", "netInterestIncome": "None", "interestIncome": "None", "interestExpense": "62478000", "nonInterestIncome": "None", "otherNonOperatingIncome": "None", "depreciation": "None", "depreciationAndAmortization": "118273000", "incomeBeforeTax": "396065000", "incomeTaxExpense": "130112000", "interestAndDebtExpense": "None", "netIncomeFromContinuingOperations": "None", "comprehensiveIncomeNetOfTax": "None", "ebit": "458543000", "ebitda": "576816000", "netIncome": "265953000"}, {"fiscalDateEnding": "2008-04-30", "reportedCurrency": "USD", "grossProfit": "782164000", "totalRevenue": "2524774000", "costOfRevenue": "1742610000", "costofGoodsAndServicesSold": "1742610000", "operatingIncome": "284174000", "sellingGeneralAndAdministrative": "490665000", "researchAndDevelopment": "9547000", "operatingExpenses": "497990000", "investmentIncomeNet": "None", "netInterestIncome": "None", "interestIncome": "None", "interestExpense": "0", "nonInterestIncome": "None", "otherNonOperatingIncome": "None", "depreciation": "None", "depreciationAndAmortization": "62619000", "incomeBeforeTax": "254788000", "incomeTaxExpense": "84409000", "interestAndDebtExpense": "None", "netIncomeFromContinuingOperations": "None", "comprehensiveIncomeNetOfTax": "None", "ebit": "295378000", "ebitda": "357997000", "netIncome": "170379000"}, {"fiscalDateEnding": "2007-04-30", "reportedCurrency": "USD", "grossProfit": "702055000", "totalRevenue": "2148017000", "costOfRevenue": "1445962000", "costofGoodsAndServicesSold": "1445962000", "operatingIncome": "257060000", "sellingGeneralAndAdministrative": "442814000", "researchAndDevelopment": "9680000", "operatingExpenses": "444995000", "investmentIncomeNet": "None", "netInterestIncome": "None", "interestIncome": "None", "interestExpense": "0", "nonInterestIncome": "None", "otherNonOperatingIncome": "None", "depreciation": "None", "depreciationAndAmortization": "58874000", "incomeBeforeTax": "241004000", "incomeTaxExpense": "83785000", "interestAndDebtExpense": "None", "netIncomeFromContinuingOperations": "None", "comprehensiveIncomeNetOfTax": "None", "ebit": "259241000", "ebitda": "318115000", "netIncome": "157219000"}, {"fiscalDateEnding": "2006-04-30", "reportedCurrency": "USD", "grossProfit": "692852000", "totalRevenue": "2154726000", "costOfRevenue": "1461874000", "costofGoodsAndServicesSold": "1461874000", "operatingIncome": "228739000", "sellingGeneralAndAdministrative": "438457000", "researchAndDevelopment": "10781000", "operatingExpenses": "464113000", "investmentIncomeNet": "None", "netInterestIncome": "None", "interestIncome": "None", "interestExpense": "0", "nonInterestIncome": "None", "otherNonOperatingIncome": "None", "depreciation": "None", "depreciationAndAmortization": "71083000", "incomeBeforeTax": "215570000", "incomeTaxExpense": "72216000", "interestAndDebtExpense": "None", "netIncomeFromContinuingOperations": "None", "comprehensiveIncomeNetOfTax": "None", "ebit": "254395000", "ebitda": "325478000", "netIncome": "143354000"}, {"fiscalDateEnding": "2005-04-30", "reportedCurrency": "USD", "grossProfit": "657416000", "totalRevenue": "2043877000", "costOfRevenue": "1386461000", "costofGoodsAndServicesSold": "1386461000", "operatingIncome": "220769000", "sellingGeneralAndAdministrative": "407839000", "researchAndDevelopment": "10397000", "operatingExpenses": "436647000", "investmentIncomeNet": "None", "netInterestIncome": "None", "interestIncome": "None", "interestExpense": "0", "nonInterestIncome": "None", "otherNonOperatingIncome": "None", "depreciation": "None", "depreciationAndAmortization": "56048000", "incomeBeforeTax": "204614000", "incomeTaxExpense": "74154000", "interestAndDebtExpense": "None", "netIncomeFromContinuingOperations": "None", "comprehensiveIncomeNetOfTax": "None", "ebit": "249577000", "ebitda": "305625000", "netIncome": "129073000"}], "quarterlyReports": [{"fiscalDateEnding": "2025-01-31", "reportedCurrency": "USD", "grossProfit": "878100000", "totalRevenue": "2186000000", "costOfRevenue": "1307900000", "costofGoodsAndServicesSold": "1307900000", "operatingIncome": "-594000000", "sellingGeneralAndAdministrative": "367600000", "researchAndDevelopment": "None", "operatingExpenses": "1472100000", "investmentIncomeNet": "None", "netInterestIncome": "-65100000", "interestIncome": "None", "interestExpense": "95400000", "nonInterestIncome": "None", "otherNonOperatingIncome": "None", "depreciation": "None", "depreciationAndAmortization": "122100000", "incomeBeforeTax": "-662500000", "incomeTaxExpense": "-200000", "interestAndDebtExpense": "None", "netIncomeFromContinuingOperations": "-662300000", "comprehensiveIncomeNetOfTax": "None", "ebit": "-567100000", "ebitda": "-445000000", "netIncome": "-662300000"}, {"fiscalDateEnding": "2024-10-31", "reportedCurrency": "USD", "grossProfit": "886100000", "totalRevenue": "2271200000", "costOfRevenue": "1385100000", "costofGoodsAndServicesSold": "1385100000", "operatingIncome": "169700000", "sellingGeneralAndAdministrative": "390700000", "researchAndDevelopment": "None", "operatingExpenses": "716400000", "investmentIncomeNet": "None", "netInterestIncome": "-98700000", "interestIncome": "None", "interestExpense": "98700000", "nonInterestIncome": "None", "otherNonOperatingIncome": "None", "depreciation": "None", "depreciationAndAmortization": "128000000", "incomeBeforeTax": "66800000", "incomeTaxExpense": "91300000", "interestAndDebtExpense": "None", "netIncomeFromContinuingOperations": "-24500000", "comprehensiveIncomeNetOfTax": "None", "ebit": "165500000", "ebitda": "293500000", "netIncome": "-24500000"}, {"fiscalDateEnding": "2024-07-31", "reportedCurrency": "USD", "grossProfit": "797200000", "totalRevenue": "2125100000", "costOfRevenue": "1327900000", "costofGoodsAndServicesSold": "1327900000", "operatingIncome": "349500000", "sellingGeneralAndAdministrative": "390100000", "researchAndDevelopment": "None", "operatingExpenses": "447700000", "investmentIncomeNet": "None", "netInterestIncome": "-100400000", "interestIncome": "None", "interestExpense": "100400000", "nonInterestIncome": "None", "otherNonOperatingIncome": "None", "depreciation": "None", "depreciationAndAmortization": "129000000", "incomeBeforeTax": "246000000", "incomeTaxExpense": "61000000", "interestAndDebtExpense": "None", "netIncomeFromContinuingOperations": "185000000", "comprehensiveIncomeNetOfTax": "None", "ebit": "346400000", "ebitda": "475400000", "netIncome": "185000000"}, {"fiscalDateEnding": "2024-04-30", "reportedCurrency": "USD", "grossProfit": "913300000", "totalRevenue": "2205700000", "costOfRevenue": "1292400000", "costofGoodsAndServicesSold": "1292400000", "operatingIncome": "406000000", "sellingGeneralAndAdministrative": "242400000", "researchAndDevelopment": "49100000", "operatingExpenses": "507300000", "investmentIncomeNet": "None", "netInterestIncome": "-97300000", "interestIncome": "None", "interestExpense": "97300000", "nonInterestIncome": "None", "otherNonOperatingIncome": "None", "depreciation": "None", "depreciationAndAmortization": "125000000", "incomeBeforeTax": "313100000", "incomeTaxExpense": "68000000", "interestAndDebtExpense": "None", "netIncomeFromContinuingOperations": "245100000", "comprehensiveIncomeNetOfTax": "None", "ebit": "410400000", "ebitda": "535400000", "netIncome": "245100000"}, {"fiscalDateEnding": "2024-01-31", "reportedCurrency": "USD", "grossProfit": "823100000", "totalRevenue": "2229200000", "costOfRevenue": "1406100000", "costofGoodsAndServicesSold": "1406100000", "operatingIncome": "297400000", "sellingGeneralAndAdministrative": "374200000", "researchAndDevelopment": "None", "operatingExpenses": "525700000", "investmentIncomeNet": "None", "netInterestIncome": "-99800000", "interestIncome": "None", "interestExpense": "99800000", "nonInterestIncome": "None", "otherNonOperatingIncome": "None", "depreciation": "None", "depreciationAndAmortization": "123200000", "incomeBeforeTax": "195500000", "incomeTaxExpense": "75100000", "interestAndDebtExpense": "None", "netIncomeFromContinuingOperations": "120400000", "comprehensiveIncomeNetOfTax": "None", "ebit": "295300000", "ebitda": "418500000", "netIncome": "120400000"}, {"fiscalDateEnding": "2023-10-31", "reportedCurrency": "USD", "grossProfit": "724200000", "totalRevenue": "1938600000", "costOfRevenue": "1214400000", "costofGoodsAndServicesSold": "1214400000", "operatingIncome": "298900000", "sellingGeneralAndAdministrative": "111600000", "researchAndDevelopment": "None", "operatingExpenses": "425300000", "investmentIncomeNet": "None", "netInterestIncome": "-54600000", "interestIncome": "None", "interestExpense": "35100000", "nonInterestIncome": "None", "otherNonOperatingIncome": "None", "depreciation": "None", "depreciationAndAmortization": "92600000", "incomeBeforeTax": "249400000", "incomeTaxExpense": "54500000", "interestAndDebtExpense": "None", "netIncomeFromContinuingOperations": "194900000", "comprehensiveIncomeNetOfTax": "None", "ebit": "284500000", "ebitda": "377100000", "netIncome": "194900000"}, {"fiscalDateEnding": "2023-07-31", "reportedCurrency": "USD", "grossProfit": "654800000", "totalRevenue": "1805200000", "costOfRevenue": "1150400000", "costofGoodsAndServicesSold": "1150400000", "operatingIncome": "303500000", "sellingGeneralAndAdministrative": "99300000", "researchAndDevelopment": "None", "operatingExpenses": "351300000", "investmentIncomeNet": "None", "netInterestIncome": "-32100000", "interestIncome": "32100000", "interestExpense": "32100000", "nonInterestIncome": "None", "otherNonOperatingIncome": "-33000000", "depreciation": "None", "depreciationAndAmortization": "90000000", "incomeBeforeTax": "238400000", "incomeTaxExpense": "54800000", "interestAndDebtExpense": "None", "netIncomeFromContinuingOperations": "183600000", "comprehensiveIncomeNetOfTax": "None", "ebit": "270500000", "ebitda": "360500000", "netIncome": "183600000"}, {"fiscalDateEnding": "2023-04-30", "reportedCurrency": "USD", "grossProfit": "792400000", "totalRevenue": "2234800000", "costOfRevenue": "1442400000", "costofGoodsAndServicesSold": "1442400000", "operatingIncome": "-633500000", "sellingGeneralAndAdministrative": "131400000", "researchAndDevelopment": "47300000", "operatingExpenses": "1425900000", "investmentIncomeNet": "None", "netInterestIncome": "-35300000", "interestIncome": "35300000", "interestExpense": "35300000", "nonInterestIncome": "None", "otherNonOperatingIncome": "None", "depreciation": "None", "depreciationAndAmortization": "92200000", "incomeBeforeTax": "-678600000", "incomeTaxExpense": "-77900000", "interestAndDebtExpense": "None", "netIncomeFromContinuingOperations": "-600700000", "comprehensiveIncomeNetOfTax": "None", "ebit": "-643300000", "ebitda": "-551100000", "netIncome": "-600700000"}, {"fiscalDateEnding": "2023-01-31", "reportedCurrency": "USD", "grossProfit": "755800000", "totalRevenue": "2216300000", "costOfRevenue": "1460500000", "costofGoodsAndServicesSold": "1460500000", "operatingIncome": "317900000", "sellingGeneralAndAdministrative": "125500000", "researchAndDevelopment": "None", "operatingExpenses": "437900000", "investmentIncomeNet": "None", "netInterestIncome": "-37900000", "interestIncome": "37900000", "interestExpense": "37900000", "nonInterestIncome": "None", "otherNonOperatingIncome": "None", "depreciation": "None", "depreciationAndAmortization": "115400000", "incomeBeforeTax": "275400000", "incomeTaxExpense": "66900000", "interestAndDebtExpense": "None", "netIncomeFromContinuingOperations": "208500000", "comprehensiveIncomeNetOfTax": "None", "ebit": "313300000", "ebitda": "428700000", "netIncome": "208500000"}, {"fiscalDateEnding": "2022-10-31", "reportedCurrency": "USD", "grossProfit": "701100000", "totalRevenue": "2205100000", "costOfRevenue": "1504000000", "costofGoodsAndServicesSold": "1504000000", "operatingIncome": "293400000", "sellingGeneralAndAdministrative": "108900000", "researchAndDevelopment": "None", "operatingExpenses": "407700000", "investmentIncomeNet": "None", "netInterestIncome": "-39700000", "interestIncome": "39700000", "interestExpense": "39700000", "nonInterestIncome": "None", "otherNonOperatingIncome": "-800000", "depreciation": "None", "depreciationAndAmortization": "112700000", "incomeBeforeTax": "252900000", "incomeTaxExpense": "61800000", "interestAndDebtExpense": "None", "netIncomeFromContinuingOperations": "191100000", "comprehensiveIncomeNetOfTax": "None", "ebit": "292600000", "ebitda": "405300000", "netIncome": "191100000"}, {"fiscalDateEnding": "2022-07-31", "reportedCurrency": "USD", "grossProfit": "552500000", "totalRevenue": "1873000000", "costOfRevenue": "1320500000", "costofGoodsAndServicesSold": "1320500000", "operatingIncome": "179700000", "sellingGeneralAndAdministrative": "343800000", "researchAndDevelopment": "None", "operatingExpenses": "372800000", "investmentIncomeNet": "None", "netInterestIncome": "-39100000", "interestIncome": "39100000", "interestExpense": "39100000", "nonInterestIncome": "None", "otherNonOperatingIncome": "500000", "depreciation": "None", "depreciationAndAmortization": "110700000", "incomeBeforeTax": "141100000", "incomeTaxExpense": "31300000", "interestAndDebtExpense": "None", "netIncomeFromContinuingOperations": "109800000", "comprehensiveIncomeNetOfTax": "None", "ebit": "180200000", "ebitda": "290900000", "netIncome": "109800000"}, {"fiscalDateEnding": "2022-04-30", "reportedCurrency": "USD", "grossProfit": "666700000", "totalRevenue": "2033800000", "costOfRevenue": "1367100000", "costofGoodsAndServicesSold": "1367100000", "operatingIncome": "302000000", "sellingGeneralAndAdministrative": "102500000", "researchAndDevelopment": "48800000", "operatingExpenses": "364700000", "investmentIncomeNet": "None", "netInterestIncome": "-38000000", "interestIncome": "38000000", "interestExpense": "38000000", "nonInterestIncome": "None", "otherNonOperatingIncome": "-3800000", "depreciation": "None", "depreciationAndAmortization": "114100000", "incomeBeforeTax": "260200000", "incomeTaxExpense": "58100000", "interestAndDebtExpense": "None", "netIncomeFromContinuingOperations": "202100000", "comprehensiveIncomeNetOfTax": "None", "ebit": "298200000", "ebitda": "412300000", "netIncome": "202100000"}, {"fiscalDateEnding": "2022-01-31", "reportedCurrency": "USD", "grossProfit": "683100000", "totalRevenue": "2057100000", "costOfRevenue": "1374000000", "costofGoodsAndServicesSold": "1374000000", "operatingIncome": "150600000", "sellingGeneralAndAdministrative": "98600000", "researchAndDevelopment": "None", "operatingExpenses": "532500000", "investmentIncomeNet": "None", "netInterestIncome": "-39500000", "interestIncome": "39500000", "interestExpense": "39500000", "nonInterestIncome": "None", "otherNonOperatingIncome": "-1500000", "depreciation": "None", "depreciationAndAmortization": "115200000", "incomeBeforeTax": "109600000", "incomeTaxExpense": "39900000", "interestAndDebtExpense": "None", "netIncomeFromContinuingOperations": "69700000", "comprehensiveIncomeNetOfTax": "None", "ebit": "149100000", "ebitda": "264300000", "netIncome": "69700000"}, {"fiscalDateEnding": "2021-10-31", "reportedCurrency": "USD", "grossProfit": "711500000", "totalRevenue": "2050000000", "costOfRevenue": "1338500000", "costofGoodsAndServicesSold": "1338500000", "operatingIncome": "311800000", "sellingGeneralAndAdministrative": "347700000", "researchAndDevelopment": "None", "operatingExpenses": "399700000", "investmentIncomeNet": "None", "netInterestIncome": "-40300000", "interestIncome": "40300000", "interestExpense": "40300000", "nonInterestIncome": "None", "otherNonOperatingIncome": "-2700000", "depreciation": "None", "depreciationAndAmortization": "115900000", "incomeBeforeTax": "268800000", "incomeTaxExpense": "62800000", "interestAndDebtExpense": "None", "netIncomeFromContinuingOperations": "206000000", "comprehensiveIncomeNetOfTax": "None", "ebit": "309100000", "ebitda": "425000000", "netIncome": "206000000"}, {"fiscalDateEnding": "2021-07-31", "reportedCurrency": "USD", "grossProfit": "639400000", "totalRevenue": "1858000000", "costOfRevenue": "1218600000", "costofGoodsAndServicesSold": "1218600000", "operatingIncome": "259400000", "sellingGeneralAndAdministrative": "95100000", "researchAndDevelopment": "None", "operatingExpenses": "380000000", "investmentIncomeNet": "None", "netInterestIncome": "-43100000", "interestIncome": "43100000", "interestExpense": "43100000", "nonInterestIncome": "None", "otherNonOperatingIncome": "-11100000", "depreciation": "None", "depreciationAndAmortization": "113900000", "incomeBeforeTax": "205200000", "incomeTaxExpense": "51300000", "interestAndDebtExpense": "None", "netIncomeFromContinuingOperations": "153900000", "comprehensiveIncomeNetOfTax": "None", "ebit": "248300000", "ebitda": "362200000", "netIncome": "153900000"}, {"fiscalDateEnding": "2021-04-30", "reportedCurrency": "USD", "grossProfit": "735700000", "totalRevenue": "1920200000", "costOfRevenue": "1184500000", "costofGoodsAndServicesSold": "1184500000", "operatingIncome": "238700000", "sellingGeneralAndAdministrative": "130500000", "researchAndDevelopment": "57700000", "operatingExpenses": "497000000", "investmentIncomeNet": "None", "netInterestIncome": "-42400000", "interestIncome": "42400000", "interestExpense": "42400000", "nonInterestIncome": "None", "otherNonOperatingIncome": "-3000000", "depreciation": "None", "depreciationAndAmortization": "114700000", "incomeBeforeTax": "193300000", "incomeTaxExpense": "46300000", "interestAndDebtExpense": "None", "netIncomeFromContinuingOperations": "147000000", "comprehensiveIncomeNetOfTax": "None", "ebit": "235700000", "ebitda": "350400000", "netIncome": "147000000"}, {"fiscalDateEnding": "2021-01-31", "reportedCurrency": "USD", "grossProfit": "809400000", "totalRevenue": "2076700000", "costOfRevenue": "1267300000", "costofGoodsAndServicesSold": "1267300000", "operatingIncome": "406200000", "sellingGeneralAndAdministrative": "371700000", "researchAndDevelopment": "None", "operatingExpenses": "403200000", "investmentIncomeNet": "None", "netInterestIncome": "-43500000", "interestIncome": "43500000", "interestExpense": "43500000", "nonInterestIncome": "None", "otherNonOperatingIncome": "-1200000", "depreciation": "None", "depreciationAndAmortization": "110500000", "incomeBeforeTax": "361500000", "incomeTaxExpense": "100000000", "interestAndDebtExpense": "None", "netIncomeFromContinuingOperations": "261500000", "comprehensiveIncomeNetOfTax": "None", "ebit": "405000000", "ebitda": "515500000", "netIncome": "261500000"}, {"fiscalDateEnding": "2020-10-31", "reportedCurrency": "USD", "grossProfit": "818200000", "totalRevenue": "2034000000", "costOfRevenue": "1215800000", "costofGoodsAndServicesSold": "1215800000", "operatingIncome": "380800000", "sellingGeneralAndAdministrative": "128800000", "researchAndDevelopment": "None", "operatingExpenses": "437400000", "investmentIncomeNet": "None", "netInterestIncome": "-45100000", "interestIncome": "45100000", "interestExpense": "45100000", "nonInterestIncome": "None", "otherNonOperatingIncome": "-32200000", "depreciation": "None", "depreciationAndAmortization": "113600000", "incomeBeforeTax": "303500000", "incomeTaxExpense": "72700000", "interestAndDebtExpense": "None", "netIncomeFromContinuingOperations": "230800000", "comprehensiveIncomeNetOfTax": "None", "ebit": "348600000", "ebitda": "462200000", "netIncome": "230800000"}, {"fiscalDateEnding": "2020-07-31", "reportedCurrency": "USD", "grossProfit": "775400000", "totalRevenue": "1971800000", "costOfRevenue": "1196400000", "costofGoodsAndServicesSold": "1196400000", "operatingIncome": "361100000", "sellingGeneralAndAdministrative": "100200000", "researchAndDevelopment": "None", "operatingExpenses": "414300000", "investmentIncomeNet": "None", "netInterestIncome": "-46100000", "interestIncome": "46100000", "interestExpense": "46100000", "nonInterestIncome": "None", "otherNonOperatingIncome": "-1400000", "depreciation": "None", "depreciationAndAmortization": "113700000", "incomeBeforeTax": "313600000", "incomeTaxExpense": "76600000", "interestAndDebtExpense": "None", "netIncomeFromContinuingOperations": "237000000", "comprehensiveIncomeNetOfTax": "None", "ebit": "359700000", "ebitda": "473400000", "netIncome": "237000000"}, {"fiscalDateEnding": "2020-04-30", "reportedCurrency": "USD", "grossProfit": "788400000", "totalRevenue": "2092000000", "costOfRevenue": "1303600000", "costofGoodsAndServicesSold": "1303600000", "operatingIncome": "346700000", "sellingGeneralAndAdministrative": "122500000", "researchAndDevelopment": "57700000", "operatingExpenses": "441700000", "investmentIncomeNet": "None", "netInterestIncome": "-45600000", "interestIncome": "45600000", "interestExpense": "45600000", "nonInterestIncome": "None", "otherNonOperatingIncome": "None", "depreciation": "None", "depreciationAndAmortization": "113400000", "incomeBeforeTax": "298400000", "incomeTaxExpense": "72100000", "interestAndDebtExpense": "None", "netIncomeFromContinuingOperations": "226300000", "comprehensiveIncomeNetOfTax": "None", "ebit": "344000000", "ebitda": "457400000", "netIncome": "226300000"}, {"fiscalDateEnding": "2020-01-31", "reportedCurrency": "USD", "grossProfit": "760000000", "totalRevenue": "1972300000", "costOfRevenue": "1212300000", "costofGoodsAndServicesSold": "1212300000", "operatingIncome": "289000000", "sellingGeneralAndAdministrative": "107600000", "researchAndDevelopment": "None", "operatingExpenses": "471000000", "investmentIncomeNet": "None", "netInterestIncome": "-45100000", "interestIncome": "45100000", "interestExpense": "45100000", "nonInterestIncome": "None", "otherNonOperatingIncome": "-1400000", "depreciation": "None", "depreciationAndAmortization": "112100000", "incomeBeforeTax": "242500000", "incomeTaxExpense": "55100000", "interestAndDebtExpense": "None", "netIncomeFromContinuingOperations": "187400000", "comprehensiveIncomeNetOfTax": "None", "ebit": "287600000", "ebitda": "399700000", "netIncome": "187400000"}, {"fiscalDateEnding": "2019-10-31", "reportedCurrency": "USD", "grossProfit": "754000000", "totalRevenue": "1957800000", "costOfRevenue": "1203800000", "costofGoodsAndServicesSold": "1203800000", "operatingIncome": "329800000", "sellingGeneralAndAdministrative": "361500000", "researchAndDevelopment": "None", "operatingExpenses": "424200000", "investmentIncomeNet": "None", "netInterestIncome": "-49100000", "interestIncome": "49100000", "interestExpense": "49100000", "nonInterestIncome": "None", "otherNonOperatingIncome": "None", "depreciation": "None", "depreciationAndAmortization": "111400000", "incomeBeforeTax": "279100000", "incomeTaxExpense": "67900000", "interestAndDebtExpense": "None", "netIncomeFromContinuingOperations": "211200000", "comprehensiveIncomeNetOfTax": "None", "ebit": "328200000", "ebitda": "439600000", "netIncome": "211200000"}, {"fiscalDateEnding": "2019-07-31", "reportedCurrency": "USD", "grossProfit": "699600000", "totalRevenue": "1778900000", "costOfRevenue": "1079300000", "costofGoodsAndServicesSold": "1079300000", "operatingIncome": "257600000", "sellingGeneralAndAdministrative": "380500000", "researchAndDevelopment": "None", "operatingExpenses": "442000000", "investmentIncomeNet": "None", "netInterestIncome": "-49400000", "interestIncome": "49400000", "interestExpense": "49400000", "nonInterestIncome": "None", "otherNonOperatingIncome": "-1500000", "depreciation": "None", "depreciationAndAmortization": "109600000", "incomeBeforeTax": "206700000", "incomeTaxExpense": "52100000", "interestAndDebtExpense": "None", "netIncomeFromContinuingOperations": "154600000", "comprehensiveIncomeNetOfTax": "None", "ebit": "256100000", "ebitda": "365700000", "netIncome": "154600000"}, {"fiscalDateEnding": "2019-04-30", "reportedCurrency": "USD", "grossProfit": "692400000", "totalRevenue": "1902100000", "costOfRevenue": "1209700000", "costofGoodsAndServicesSold": "1209700000", "operatingIncome": "153600000", "sellingGeneralAndAdministrative": "369800000", "researchAndDevelopment": "56000000", "operatingExpenses": "538800000", "investmentIncomeNet": "None", "netInterestIncome": "-49100000", "interestIncome": "49100000", "interestExpense": "49100000", "nonInterestIncome": "None", "otherNonOperatingIncome": "-2600000", "depreciation": "None", "depreciationAndAmortization": "112300000", "incomeBeforeTax": "101900000", "incomeTaxExpense": "30400000", "interestAndDebtExpense": "None", "netIncomeFromContinuingOperations": "71500000", "comprehensiveIncomeNetOfTax": "None", "ebit": "151000000", "ebitda": "263300000", "netIncome": "71500000"}, {"fiscalDateEnding": "2019-01-31", "reportedCurrency": "USD", "grossProfit": "773800000", "totalRevenue": "2011900000", "costOfRevenue": "1238100000", "costofGoodsAndServicesSold": "1238100000", "operatingIncome": "217600000", "sellingGeneralAndAdministrative": "373100000", "researchAndDevelopment": "0", "operatingExpenses": "556200000", "investmentIncomeNet": "None", "netInterestIncome": "None", "interestIncome": "None", "interestExpense": "51600000", "nonInterestIncome": "None", "otherNonOperatingIncome": "-8800000", "depreciation": "None", "depreciationAndAmortization": "110900000", "incomeBeforeTax": "157200000", "incomeTaxExpense": "35800000", "interestAndDebtExpense": "None", "netIncomeFromContinuingOperations": "121400000", "comprehensiveIncomeNetOfTax": "None", "ebit": "208800000", "ebitda": "319700000", "netIncome": "121400000"}, {"fiscalDateEnding": "2018-10-31", "reportedCurrency": "USD", "grossProfit": "771300000", "totalRevenue": "2021500000", "costOfRevenue": "1250200000", "costofGoodsAndServicesSold": "1250200000", "operatingIncome": "330500000", "sellingGeneralAndAdministrative": "382400000", "researchAndDevelopment": "0", "operatingExpenses": "440800000", "investmentIncomeNet": "None", "netInterestIncome": "None", "interestIncome": "None", "interestExpense": "53600000", "nonInterestIncome": "None", "otherNonOperatingIncome": "-7500000", "depreciation": "None", "depreciationAndAmortization": "111200000", "incomeBeforeTax": "269400000", "incomeTaxExpense": "80900000", "interestAndDebtExpense": "None", "netIncomeFromContinuingOperations": "188500000", "comprehensiveIncomeNetOfTax": "None", "ebit": "323000000", "ebitda": "434200000", "netIncome": "188500000"}, {"fiscalDateEnding": "2018-07-31", "reportedCurrency": "USD", "grossProfit": "678200000", "totalRevenue": "1902500000", "costOfRevenue": "1224300000", "costofGoodsAndServicesSold": "1224300000", "operatingIncome": "226900000", "sellingGeneralAndAdministrative": "383300000", "researchAndDevelopment": "0", "operatingExpenses": "451300000", "investmentIncomeNet": "None", "netInterestIncome": "None", "interestIncome": "None", "interestExpense": "53600000", "nonInterestIncome": "None", "otherNonOperatingIncome": "-200000", "depreciation": "None", "depreciationAndAmortization": "111900000", "incomeBeforeTax": "173100000", "incomeTaxExpense": "40100000", "interestAndDebtExpense": "None", "netIncomeFromContinuingOperations": "133000000", "comprehensiveIncomeNetOfTax": "None", "ebit": "226700000", "ebitda": "338600000", "netIncome": "133000000"}, {"fiscalDateEnding": "2018-04-30", "reportedCurrency": "USD", "grossProfit": "690500000", "totalRevenue": "1781300000", "costOfRevenue": "1090800000", "costofGoodsAndServicesSold": "1090800000", "operatingIncome": "308900000", "sellingGeneralAndAdministrative": "327800000", "researchAndDevelopment": "56000000", "operatingExpenses": "381600000", "investmentIncomeNet": "None", "netInterestIncome": "None", "interestIncome": "None", "interestExpense": "47400000", "nonInterestIncome": "None", "otherNonOperatingIncome": "2700000", "depreciation": "None", "depreciationAndAmortization": "101200000", "incomeBeforeTax": "264200000", "incomeTaxExpense": "78300000", "interestAndDebtExpense": "None", "netIncomeFromContinuingOperations": "185900000", "comprehensiveIncomeNetOfTax": "None", "ebit": "311600000", "ebitda": "412800000", "netIncome": "185900000"}, {"fiscalDateEnding": "2018-01-31", "reportedCurrency": "USD", "grossProfit": "728500000", "totalRevenue": "1903300000", "costOfRevenue": "1174800000", "costofGoodsAndServicesSold": "1174800000", "operatingIncome": "164000000", "sellingGeneralAndAdministrative": "331900000", "researchAndDevelopment": "0", "operatingExpenses": "564500000", "investmentIncomeNet": "None", "netInterestIncome": "None", "interestIncome": "None", "interestExpense": "43100000", "nonInterestIncome": "None", "otherNonOperatingIncome": "-3600000", "depreciation": "None", "depreciationAndAmortization": "103700000", "incomeBeforeTax": "116000000", "incomeTaxExpense": "-715300000", "interestAndDebtExpense": "None", "netIncomeFromContinuingOperations": "831300000", "comprehensiveIncomeNetOfTax": "None", "ebit": "159100000", "ebitda": "262800000", "netIncome": "831300000"}, {"fiscalDateEnding": "2017-10-31", "reportedCurrency": "USD", "grossProfit": "755000000", "totalRevenue": "1923600000", "costOfRevenue": "1168600000", "costofGoodsAndServicesSold": "1168600000", "operatingIncome": "332100000", "sellingGeneralAndAdministrative": "117800000", "researchAndDevelopment": "0", "operatingExpenses": "422900000", "investmentIncomeNet": "None", "netInterestIncome": "None", "interestIncome": "None", "interestExpense": "41600000", "nonInterestIncome": "None", "otherNonOperatingIncome": "2700000", "depreciation": "None", "depreciationAndAmortization": "102200000", "incomeBeforeTax": "291800000", "incomeTaxExpense": "97200000", "interestAndDebtExpense": "None", "netIncomeFromContinuingOperations": "194600000", "comprehensiveIncomeNetOfTax": "None", "ebit": "333400000", "ebitda": "435600000", "netIncome": "194600000"}, {"fiscalDateEnding": "2017-07-31", "reportedCurrency": "USD", "grossProfit": "662100000", "totalRevenue": "1748900000", "costOfRevenue": "1086800000", "costofGoodsAndServicesSold": "1086800000", "operatingIncome": "235200000", "sellingGeneralAndAdministrative": "109600000", "researchAndDevelopment": "0", "operatingExpenses": "426900000", "investmentIncomeNet": "None", "netInterestIncome": "None", "interestIncome": "None", "interestExpense": "42000000", "nonInterestIncome": "None", "otherNonOperatingIncome": "-2800000", "depreciation": "None", "depreciationAndAmortization": "106000000", "incomeBeforeTax": "189000000", "incomeTaxExpense": "62200000", "interestAndDebtExpense": "None", "netIncomeFromContinuingOperations": "126800000", "comprehensiveIncomeNetOfTax": "None", "ebit": "231000000", "ebitda": "337000000", "netIncome": "126800000"}, {"fiscalDateEnding": "2017-04-30", "reportedCurrency": "USD", "grossProfit": "646800000", "totalRevenue": "1783800000", "costOfRevenue": "1137000000", "costofGoodsAndServicesSold": "1137000000", "operatingIncome": "196700000", "sellingGeneralAndAdministrative": "126400000", "researchAndDevelopment": "58100000", "operatingExpenses": "450100000", "investmentIncomeNet": "None", "netInterestIncome": "None", "interestIncome": "None", "interestExpense": "40300000", "nonInterestIncome": "None", "otherNonOperatingIncome": "5500000", "depreciation": "None", "depreciationAndAmortization": "104200000", "incomeBeforeTax": "161900000", "incomeTaxExpense": "51500000", "interestAndDebtExpense": "None", "netIncomeFromContinuingOperations": "110400000", "comprehensiveIncomeNetOfTax": "None", "ebit": "202200000", "ebitda": "306400000", "netIncome": "110400000"}, {"fiscalDateEnding": "2017-01-31", "reportedCurrency": "USD", "grossProfit": "722900000", "totalRevenue": "1878800000", "costOfRevenue": "1155900000", "costofGoodsAndServicesSold": "1155900000", "operatingIncome": "237700000", "sellingGeneralAndAdministrative": "117400000", "researchAndDevelopment": "0", "operatingExpenses": "485200000", "investmentIncomeNet": "None", "netInterestIncome": "None", "interestIncome": "None", "interestExpense": "40300000", "nonInterestIncome": "None", "otherNonOperatingIncome": "200000", "depreciation": "None", "depreciationAndAmortization": "104300000", "incomeBeforeTax": "197600000", "incomeTaxExpense": "63000000", "interestAndDebtExpense": "None", "netIncomeFromContinuingOperations": "134600000", "comprehensiveIncomeNetOfTax": "None", "ebit": "237900000", "ebitda": "342200000", "netIncome": "134600000"}, {"fiscalDateEnding": "2016-10-31", "reportedCurrency": "USD", "grossProfit": "742900000", "totalRevenue": "1913900000", "costOfRevenue": "1171000000", "costofGoodsAndServicesSold": "1171000000", "operatingIncome": "303300000", "sellingGeneralAndAdministrative": "111800000", "researchAndDevelopment": "0", "operatingExpenses": "439600000", "investmentIncomeNet": "None", "netInterestIncome": "None", "interestIncome": "None", "interestExpense": "41000000", "nonInterestIncome": "None", "otherNonOperatingIncome": "3200000", "depreciation": "None", "depreciationAndAmortization": "104800000", "incomeBeforeTax": "265500000", "incomeTaxExpense": "88200000", "interestAndDebtExpense": "None", "netIncomeFromContinuingOperations": "177300000", "comprehensiveIncomeNetOfTax": "None", "ebit": "306500000", "ebitda": "411300000", "netIncome": "177300000"}, {"fiscalDateEnding": "2016-07-31", "reportedCurrency": "USD", "grossProfit": "722700000", "totalRevenue": "1815800000", "costOfRevenue": "1093100000", "costofGoodsAndServicesSold": "1093100000", "operatingIncome": "293800000", "sellingGeneralAndAdministrative": "122100000", "researchAndDevelopment": "0", "operatingExpenses": "428900000", "investmentIncomeNet": "None", "netInterestIncome": "None", "interestIncome": "None", "interestExpense": "41500000", "nonInterestIncome": "None", "otherNonOperatingIncome": "1100000", "depreciation": "None", "depreciationAndAmortization": "105700000", "incomeBeforeTax": "253400000", "incomeTaxExpense": "83400000", "interestAndDebtExpense": "None", "netIncomeFromContinuingOperations": "170000000", "comprehensiveIncomeNetOfTax": "None", "ebit": "294900000", "ebitda": "400600000", "netIncome": "170000000"}, {"fiscalDateEnding": "2016-04-30", "reportedCurrency": "USD", "grossProfit": "688000000", "totalRevenue": "1807600000", "costOfRevenue": "1119600000", "costofGoodsAndServicesSold": "1119600000", "operatingIncome": "246100000", "sellingGeneralAndAdministrative": "154500000", "researchAndDevelopment": "58800000", "operatingExpenses": "441900000", "investmentIncomeNet": "None", "netInterestIncome": "None", "interestIncome": "None", "interestExpense": "40500000", "nonInterestIncome": "None", "otherNonOperatingIncome": "4600000", "depreciation": "None", "depreciationAndAmortization": "106400000", "incomeBeforeTax": "210200000", "incomeTaxExpense": "19200000", "interestAndDebtExpense": "None", "netIncomeFromContinuingOperations": "191000000", "comprehensiveIncomeNetOfTax": "None", "ebit": "250700000", "ebitda": "357100000", "netIncome": "191000000"}, {"fiscalDateEnding": "2016-01-31", "reportedCurrency": "USD", "grossProfit": "763800000", "totalRevenue": "1973900000", "costOfRevenue": "1210100000", "costofGoodsAndServicesSold": "1210100000", "operatingIncome": "318300000", "sellingGeneralAndAdministrative": "125300000", "researchAndDevelopment": "0", "operatingExpenses": "445500000", "investmentIncomeNet": "None", "netInterestIncome": "None", "interestIncome": "None", "interestExpense": "43600000", "nonInterestIncome": "None", "otherNonOperatingIncome": "600000", "depreciation": "None", "depreciationAndAmortization": "107300000", "incomeBeforeTax": "275300000", "incomeTaxExpense": "90000000", "interestAndDebtExpense": "None", "netIncomeFromContinuingOperations": "185300000", "comprehensiveIncomeNetOfTax": "None", "ebit": "318900000", "ebitda": "426200000", "netIncome": "185300000"}, {"fiscalDateEnding": "2015-10-31", "reportedCurrency": "USD", "grossProfit": "787300000", "totalRevenue": "2077700000", "costOfRevenue": "1290400000", "costofGoodsAndServicesSold": "1290400000", "operatingIncome": "313800000", "sellingGeneralAndAdministrative": "118000000", "researchAndDevelopment": "0", "operatingExpenses": "473500000", "investmentIncomeNet": "None", "netInterestIncome": "None", "interestIncome": "None", "interestExpense": "42600000", "nonInterestIncome": "None", "otherNonOperatingIncome": "-1600000", "depreciation": "None", "depreciationAndAmortization": "107700000", "incomeBeforeTax": "269600000", "incomeTaxExpense": "93600000", "interestAndDebtExpense": "None", "netIncomeFromContinuingOperations": "176000000", "comprehensiveIncomeNetOfTax": "None", "ebit": "312200000", "ebitda": "419900000", "netIncome": "176000000"}, {"fiscalDateEnding": "2015-07-31", "reportedCurrency": "USD", "grossProfit": "728700000", "totalRevenue": "1952000000", "costOfRevenue": "1223300000", "costofGoodsAndServicesSold": "1223300000", "operatingIncome": "267100000", "sellingGeneralAndAdministrative": "387600000", "researchAndDevelopment": "0", "operatingExpenses": "461600000", "investmentIncomeNet": "None", "netInterestIncome": "None", "interestIncome": "None", "interestExpense": "44400000", "nonInterestIncome": "None", "otherNonOperatingIncome": "100000", "depreciation": "None", "depreciationAndAmortization": "108700000", "incomeBeforeTax": "222800000", "incomeTaxExpense": "86400000", "interestAndDebtExpense": "None", "netIncomeFromContinuingOperations": "136400000", "comprehensiveIncomeNetOfTax": "None", "ebit": "267200000", "ebitda": "375900000", "netIncome": "136400000"}, {"fiscalDateEnding": "2015-04-30", "reportedCurrency": "USD", "grossProfit": "430600000", "totalRevenue": "1447100000", "costOfRevenue": "1016500000", "costofGoodsAndServicesSold": "1016500000", "operatingIncome": "70500000", "sellingGeneralAndAdministrative": "288200000", "researchAndDevelopment": "32500000", "operatingExpenses": "360100000", "investmentIncomeNet": "None", "netInterestIncome": "None", "interestIncome": "None", "interestExpense": "29500000", "nonInterestIncome": "None", "otherNonOperatingIncome": "2500000", "depreciation": "None", "depreciationAndAmortization": "79000000", "incomeBeforeTax": "-129800000", "incomeTaxExpense": "-39500000", "interestAndDebtExpense": "None", "netIncomeFromContinuingOperations": "-90300000", "comprehensiveIncomeNetOfTax": "None", "ebit": "-100300000", "ebitda": "-21300000", "netIncome": "-90300000"}, {"fiscalDateEnding": "2015-01-31", "reportedCurrency": "USD", "grossProfit": "522900000", "totalRevenue": "1440000000", "costOfRevenue": "917100000", "costofGoodsAndServicesSold": "917100000", "operatingIncome": "255100000", "sellingGeneralAndAdministrative": "237300000", "researchAndDevelopment": "0", "operatingExpenses": "267800000", "investmentIncomeNet": "None", "netInterestIncome": "None", "interestIncome": "None", "interestExpense": "16800000", "nonInterestIncome": "None", "otherNonOperatingIncome": "100000", "depreciation": "None", "depreciationAndAmortization": "63100000", "incomeBeforeTax": "238400000", "incomeTaxExpense": "77500000", "interestAndDebtExpense": "None", "netIncomeFromContinuingOperations": "160900000", "comprehensiveIncomeNetOfTax": "None", "ebit": "255200000", "ebitda": "318300000", "netIncome": "160900000"}, {"fiscalDateEnding": "2014-10-31", "reportedCurrency": "USD", "grossProfit": "536500000", "totalRevenue": "1481800000", "costOfRevenue": "945300000", "costofGoodsAndServicesSold": "945300000", "operatingIncome": "254800000", "sellingGeneralAndAdministrative": "252400000", "researchAndDevelopment": "0", "operatingExpenses": "281700000", "investmentIncomeNet": "None", "netInterestIncome": "None", "interestIncome": "None", "interestExpense": "16200000", "nonInterestIncome": "None", "otherNonOperatingIncome": "300000", "depreciation": "None", "depreciationAndAmortization": "63100000", "incomeBeforeTax": "238900000", "incomeTaxExpense": "80600000", "interestAndDebtExpense": "None", "netIncomeFromContinuingOperations": "158300000", "comprehensiveIncomeNetOfTax": "None", "ebit": "255100000", "ebitda": "318200000", "netIncome": "158300000"}, {"fiscalDateEnding": "2014-07-31", "reportedCurrency": "USD", "grossProfit": "478700000", "totalRevenue": "1323800000", "costOfRevenue": "845100000", "costofGoodsAndServicesSold": "845100000", "operatingIncome": "191600000", "sellingGeneralAndAdministrative": "253400000", "researchAndDevelopment": "0", "operatingExpenses": "287100000", "investmentIncomeNet": "None", "netInterestIncome": "None", "interestIncome": "None", "interestExpense": "17400000", "nonInterestIncome": "None", "otherNonOperatingIncome": "1300000", "depreciation": "None", "depreciationAndAmortization": "63200000", "incomeBeforeTax": "175500000", "incomeTaxExpense": "59500000", "interestAndDebtExpense": "None", "netIncomeFromContinuingOperations": "116000000", "comprehensiveIncomeNetOfTax": "None", "ebit": "192900000", "ebitda": "256100000", "netIncome": "116000000"}, {"fiscalDateEnding": "2014-04-30", "reportedCurrency": "USD", "grossProfit": "440300000", "totalRevenue": "1234300000", "costOfRevenue": "794000000", "costofGoodsAndServicesSold": "794000000", "operatingIncome": "191400000", "sellingGeneralAndAdministrative": "218000000", "researchAndDevelopment": "24300000", "operatingExpenses": "248900000", "investmentIncomeNet": "None", "netInterestIncome": "None", "interestIncome": "None", "interestExpense": "16700000", "nonInterestIncome": "None", "otherNonOperatingIncome": "9000000", "depreciation": "None", "depreciationAndAmortization": "62400000", "incomeBeforeTax": "183700000", "incomeTaxExpense": "65200000", "interestAndDebtExpense": "None", "netIncomeFromContinuingOperations": "118500000", "comprehensiveIncomeNetOfTax": "None", "ebit": "200400000", "ebitda": "262800000", "netIncome": "118500000"}, {"fiscalDateEnding": "2014-01-31", "reportedCurrency": "USD", "grossProfit": "545200000", "totalRevenue": "1465500000", "costOfRevenue": "920300000", "costofGoodsAndServicesSold": "920300000", "operatingIncome": "263500000", "sellingGeneralAndAdministrative": "250300000", "researchAndDevelopment": "0", "operatingExpenses": "281700000", "investmentIncomeNet": "None", "netInterestIncome": "None", "interestIncome": "None", "interestExpense": "18400000", "nonInterestIncome": "None", "otherNonOperatingIncome": "1400000", "depreciation": "None", "depreciationAndAmortization": "65000000", "incomeBeforeTax": "246500000", "incomeTaxExpense": "79800000", "interestAndDebtExpense": "None", "netIncomeFromContinuingOperations": "166700000", "comprehensiveIncomeNetOfTax": "None", "ebit": "264900000", "ebitda": "329900000", "netIncome": "166700000"}, {"fiscalDateEnding": "2013-10-31", "reportedCurrency": "USD", "grossProfit": "552600000", "totalRevenue": "1559900000", "costOfRevenue": "1007300000", "costofGoodsAndServicesSold": "1007300000", "operatingIncome": "250800000", "sellingGeneralAndAdministrative": "270300000", "researchAndDevelopment": "0", "operatingExpenses": "301800000", "investmentIncomeNet": "None", "netInterestIncome": "None", "interestIncome": "None", "interestExpense": "20500000", "nonInterestIncome": "None", "otherNonOperatingIncome": "-300000", "depreciation": "None", "depreciationAndAmortization": "64200000", "incomeBeforeTax": "230000000", "incomeTaxExpense": "76600000", "interestAndDebtExpense": "None", "netIncomeFromContinuingOperations": "153400000", "comprehensiveIncomeNetOfTax": "None", "ebit": "250500000", "ebitda": "314700000", "netIncome": "153400000"}, {"fiscalDateEnding": "2013-07-31", "reportedCurrency": "USD", "grossProfit": "492900000", "totalRevenue": "1350900000", "costOfRevenue": "858000000", "costofGoodsAndServicesSold": "858000000", "operatingIncome": "213300000", "sellingGeneralAndAdministrative": "250200000", "researchAndDevelopment": "0", "operatingExpenses": "279600000", "investmentIncomeNet": "None", "netInterestIncome": "None", "interestIncome": "None", "interestExpense": "23800000", "nonInterestIncome": "None", "otherNonOperatingIncome": "None", "depreciation": "None", "depreciationAndAmortization": "62100000", "incomeBeforeTax": "189500000", "incomeTaxExpense": "62900000", "interestAndDebtExpense": "None", "netIncomeFromContinuingOperations": "126600000", "comprehensiveIncomeNetOfTax": "None", "ebit": "213300000", "ebitda": "275400000", "netIncome": "126600000"}, {"fiscalDateEnding": "2013-04-30", "reportedCurrency": "USD", "grossProfit": "479641000", "totalRevenue": "1339647000", "costOfRevenue": "860006000", "costofGoodsAndServicesSold": "860006000", "operatingIncome": "214026000", "sellingGeneralAndAdministrative": "233481000", "researchAndDevelopment": "24700000", "operatingExpenses": "265661000", "investmentIncomeNet": "None", "netInterestIncome": "None", "interestIncome": "None", "interestExpense": "21026000", "nonInterestIncome": "None", "otherNonOperatingIncome": "-1177000", "depreciation": "None", "depreciationAndAmortization": "60106000", "incomeBeforeTax": "191823000", "incomeTaxExpense": "61501000", "interestAndDebtExpense": "None", "netIncomeFromContinuingOperations": "130322000", "comprehensiveIncomeNetOfTax": "None", "ebit": "212849000", "ebitda": "272955000", "netIncome": "130322000"}, {"fiscalDateEnding": "2013-01-31", "reportedCurrency": "USD", "grossProfit": "536229000", "totalRevenue": "1559558000", "costOfRevenue": "1023329000", "costofGoodsAndServicesSold": "1023329000", "operatingIncome": "258300000", "sellingGeneralAndAdministrative": "251016000", "researchAndDevelopment": "0", "operatingExpenses": "277900000", "investmentIncomeNet": "None", "netInterestIncome": "None", "interestIncome": "None", "interestExpense": "23800000", "nonInterestIncome": "None", "otherNonOperatingIncome": "-87000", "depreciation": "None", "depreciationAndAmortization": "60000000", "incomeBeforeTax": "234000000", "incomeTaxExpense": "79800000", "interestAndDebtExpense": "None", "netIncomeFromContinuingOperations": "154168000", "comprehensiveIncomeNetOfTax": "None", "ebit": "257800000", "ebitda": "317800000", "netIncome": "154200000"}, {"fiscalDateEnding": "2012-10-31", "reportedCurrency": "USD", "grossProfit": "541911000", "totalRevenue": "1628746000", "costOfRevenue": "1086835000", "costofGoodsAndServicesSold": "1086835000", "operatingIncome": "247600000", "sellingGeneralAndAdministrative": "257187000", "researchAndDevelopment": "0", "operatingExpenses": "294300000", "investmentIncomeNet": "None", "netInterestIncome": "None", "interestIncome": "None", "interestExpense": "23900000", "nonInterestIncome": "None", "otherNonOperatingIncome": "942000", "depreciation": "None", "depreciationAndAmortization": "60100000", "incomeBeforeTax": "224200000", "incomeTaxExpense": "75400000", "interestAndDebtExpense": "None", "netIncomeFromContinuingOperations": "148847000", "comprehensiveIncomeNetOfTax": "None", "ebit": "248100000", "ebitda": "308200000", "netIncome": "148800000"}, {"fiscalDateEnding": "2012-07-31", "reportedCurrency": "USD", "grossProfit": "469773000", "totalRevenue": "1369703000", "costOfRevenue": "899930000", "costofGoodsAndServicesSold": "899930000", "operatingIncome": "190500000", "sellingGeneralAndAdministrative": "232216000", "researchAndDevelopment": "0", "operatingExpenses": "279300000", "investmentIncomeNet": "None", "netInterestIncome": "None", "interestIncome": "None", "interestExpense": "23600000", "nonInterestIncome": "None", "otherNonOperatingIncome": "622000", "depreciation": "None", "depreciationAndAmortization": "60300000", "incomeBeforeTax": "167300000", "incomeTaxExpense": "56400000", "interestAndDebtExpense": "None", "netIncomeFromContinuingOperations": "110863000", "comprehensiveIncomeNetOfTax": "None", "ebit": "190900000", "ebitda": "251200000", "netIncome": "110900000"}, {"fiscalDateEnding": "2012-04-30", "reportedCurrency": "USD", "grossProfit": "449785000", "totalRevenue": "1355353000", "costOfRevenue": "905568000", "costofGoodsAndServicesSold": "905568000", "operatingIncome": "185600000", "sellingGeneralAndAdministrative": "214513000", "researchAndDevelopment": "21931000", "operatingExpenses": "264185000", "investmentIncomeNet": "None", "netInterestIncome": "None", "interestIncome": "None", "interestExpense": "22827000", "nonInterestIncome": "None", "otherNonOperatingIncome": "1123000", "depreciation": "None", "depreciationAndAmortization": "61845000", "incomeBeforeTax": "163896000", "incomeTaxExpense": "59766000", "interestAndDebtExpense": "None", "netIncomeFromContinuingOperations": "104130000", "comprehensiveIncomeNetOfTax": "None", "ebit": "186723000", "ebitda": "248568000", "netIncome": "104130000"}, {"fiscalDateEnding": "2012-01-31", "reportedCurrency": "USD", "grossProfit": "465685000", "totalRevenue": "1467641000", "costOfRevenue": "1001956000", "costofGoodsAndServicesSold": "1001956000", "operatingIncome": "200366000", "sellingGeneralAndAdministrative": "225016000", "researchAndDevelopment": "0", "operatingExpenses": "265319000", "investmentIncomeNet": "None", "netInterestIncome": "None", "interestIncome": "None", "interestExpense": "23599000", "nonInterestIncome": "None", "otherNonOperatingIncome": "468000", "depreciation": "None", "depreciationAndAmortization": "49991000", "incomeBeforeTax": "177235000", "incomeTaxExpense": "60391000", "interestAndDebtExpense": "None", "netIncomeFromContinuingOperations": "116844000", "comprehensiveIncomeNetOfTax": "None", "ebit": "200834000", "ebitda": "250825000", "netIncome": "116844000"}, {"fiscalDateEnding": "2011-10-31", "reportedCurrency": "USD", "grossProfit": "498669000", "totalRevenue": "1513905000", "costOfRevenue": "1015236000", "costofGoodsAndServicesSold": "1015236000", "operatingIncome": "211614000", "sellingGeneralAndAdministrative": "236602000", "researchAndDevelopment": "0", "operatingExpenses": "287055000", "investmentIncomeNet": "None", "netInterestIncome": "None", "interestIncome": "None", "interestExpense": "19448000", "nonInterestIncome": "None", "otherNonOperatingIncome": "1035000", "depreciation": "None", "depreciationAndAmortization": "48786000", "incomeBeforeTax": "193201000", "incomeTaxExpense": "65954000", "interestAndDebtExpense": "None", "netIncomeFromContinuingOperations": "127247000", "comprehensiveIncomeNetOfTax": "None", "ebit": "212649000", "ebitda": "261435000", "netIncome": "127247000"}, {"fiscalDateEnding": "2011-07-31", "reportedCurrency": "USD", "grossProfit": "431084000", "totalRevenue": "1188883000", "costOfRevenue": "757799000", "costofGoodsAndServicesSold": "757799000", "operatingIncome": "180703000", "sellingGeneralAndAdministrative": "216552000", "researchAndDevelopment": "0", "operatingExpenses": "250381000", "investmentIncomeNet": "None", "netInterestIncome": "None", "interestIncome": "None", "interestExpense": "15422000", "nonInterestIncome": "None", "otherNonOperatingIncome": "1545000", "depreciation": "None", "depreciationAndAmortization": "47804000", "incomeBeforeTax": "166826000", "incomeTaxExpense": "55303000", "interestAndDebtExpense": "None", "netIncomeFromContinuingOperations": "111523000", "comprehensiveIncomeNetOfTax": "None", "ebit": "182248000", "ebitda": "230052000", "netIncome": "111523000"}, {"fiscalDateEnding": "2011-04-30", "reportedCurrency": "USD", "grossProfit": "420998000", "totalRevenue": "1187167000", "costOfRevenue": "766169000", "costofGoodsAndServicesSold": "766169000", "operatingIncome": "166107000", "sellingGeneralAndAdministrative": "222707000", "researchAndDevelopment": "20981000", "operatingExpenses": "254891000", "investmentIncomeNet": "None", "netInterestIncome": "None", "interestIncome": "None", "interestExpense": "16418000", "nonInterestIncome": "None", "otherNonOperatingIncome": "215000", "depreciation": "None", "depreciationAndAmortization": "62388000", "incomeBeforeTax": "149904000", "incomeTaxExpense": "55024000", "interestAndDebtExpense": "None", "netIncomeFromContinuingOperations": "94880000", "comprehensiveIncomeNetOfTax": "None", "ebit": "166322000", "ebitda": "228710000", "netIncome": "94880000"}, {"fiscalDateEnding": "2011-01-31", "reportedCurrency": "USD", "grossProfit": "474414000", "totalRevenue": "1312351000", "costOfRevenue": "837937000", "costofGoodsAndServicesSold": "837937000", "operatingIncome": "212962000", "sellingGeneralAndAdministrative": "214325000", "researchAndDevelopment": "0", "operatingExpenses": "261452000", "investmentIncomeNet": "None", "netInterestIncome": "None", "interestIncome": "None", "interestExpense": "18132000", "nonInterestIncome": "None", "otherNonOperatingIncome": "949000", "depreciation": "None", "depreciationAndAmortization": "45344000", "incomeBeforeTax": "195779000", "incomeTaxExpense": "63784000", "interestAndDebtExpense": "None", "netIncomeFromContinuingOperations": "131995000", "comprehensiveIncomeNetOfTax": "None", "ebit": "213911000", "ebitda": "259255000", "netIncome": "131995000"}, {"fiscalDateEnding": "2010-10-31", "reportedCurrency": "USD", "grossProfit": "494670000", "totalRevenue": "1278913000", "costOfRevenue": "784243000", "costofGoodsAndServicesSold": "784243000", "operatingIncome": "240036000", "sellingGeneralAndAdministrative": "222821000", "researchAndDevelopment": "0", "operatingExpenses": "254634000", "investmentIncomeNet": "None", "netInterestIncome": "None", "interestIncome": "None", "interestExpense": "18505000", "nonInterestIncome": "None", "otherNonOperatingIncome": "196000", "depreciation": "None", "depreciationAndAmortization": "36334000", "incomeBeforeTax": "221727000", "incomeTaxExpense": "72001000", "interestAndDebtExpense": "None", "netIncomeFromContinuingOperations": "149726000", "comprehensiveIncomeNetOfTax": "None", "ebit": "240232000", "ebitda": "276566000", "netIncome": "149726000"}, {"fiscalDateEnding": "2010-07-31", "reportedCurrency": "USD", "grossProfit": "408435000", "totalRevenue": "1047312000", "costOfRevenue": "638877000", "costofGoodsAndServicesSold": "638877000", "operatingIncome": "165167000", "sellingGeneralAndAdministrative": "203261000", "researchAndDevelopment": "0", "operatingExpenses": "243268000", "investmentIncomeNet": "None", "netInterestIncome": "None", "interestIncome": "None", "interestExpense": "16539000", "nonInterestIncome": "None", "otherNonOperatingIncome": "1126000", "depreciation": "None", "depreciationAndAmortization": "57310000", "incomeBeforeTax": "149754000", "incomeTaxExpense": "46873000", "interestAndDebtExpense": "None", "netIncomeFromContinuingOperations": "102881000", "comprehensiveIncomeNetOfTax": "None", "ebit": "166293000", "ebitda": "223603000", "netIncome": "102881000"}, {"fiscalDateEnding": "2010-04-30", "reportedCurrency": "USD", "grossProfit": "430107000", "totalRevenue": "1069079000", "costOfRevenue": "638972000", "costofGoodsAndServicesSold": "638972000", "operatingIncome": "180764000", "sellingGeneralAndAdministrative": "229648000", "researchAndDevelopment": "20963000", "operatingExpenses": "249343000", "investmentIncomeNet": "None", "netInterestIncome": "None", "interestIncome": "None", "interestExpense": "14527000", "nonInterestIncome": "None", "otherNonOperatingIncome": "None", "depreciation": "None", "depreciationAndAmortization": "47734000", "incomeBeforeTax": "167356000", "incomeTaxExpense": "46750000", "interestAndDebtExpense": "None", "netIncomeFromContinuingOperations": "0", "comprehensiveIncomeNetOfTax": "None", "ebit": "181883000", "ebitda": "229617000", "netIncome": "120606000"}, {"fiscalDateEnding": "2010-01-31", "reportedCurrency": "USD", "grossProfit": "458304000", "totalRevenue": "1205939000", "costOfRevenue": "747635000", "costofGoodsAndServicesSold": "747635000", "operatingIncome": "209866000", "sellingGeneralAndAdministrative": "214411000", "researchAndDevelopment": "0", "operatingExpenses": "248438000", "investmentIncomeNet": "None", "netInterestIncome": "None", "interestIncome": "None", "interestExpense": "14236000", "nonInterestIncome": "None", "otherNonOperatingIncome": "None", "depreciation": "None", "depreciationAndAmortization": "46311000", "incomeBeforeTax": "197161000", "incomeTaxExpense": "61682000", "interestAndDebtExpense": "None", "netIncomeFromContinuingOperations": "0", "comprehensiveIncomeNetOfTax": "None", "ebit": "211397000", "ebitda": "257708000", "netIncome": "135479000"}, {"fiscalDateEnding": "2009-10-31", "reportedCurrency": "USD", "grossProfit": "492250000", "totalRevenue": "1278745000", "costOfRevenue": "786495000", "costofGoodsAndServicesSold": "786495000", "operatingIncome": "231206000", "sellingGeneralAndAdministrative": "232985000", "researchAndDevelopment": "0", "operatingExpenses": "261044000", "investmentIncomeNet": "None", "netInterestIncome": "None", "interestIncome": "None", "interestExpense": "17473000", "nonInterestIncome": "None", "otherNonOperatingIncome": "None", "depreciation": "None", "depreciationAndAmortization": "44189000", "incomeBeforeTax": "215002000", "incomeTaxExpense": "75012000", "interestAndDebtExpense": "None", "netIncomeFromContinuingOperations": "0", "comprehensiveIncomeNetOfTax": "None", "ebit": "232475000", "ebitda": "276664000", "netIncome": "139990000"}, {"fiscalDateEnding": "2009-07-31", "reportedCurrency": "USD", "grossProfit": "406029000", "totalRevenue": "1051526000", "costOfRevenue": "645497000", "costofGoodsAndServicesSold": "645497000", "operatingIncome": "168834000", "sellingGeneralAndAdministrative": "201177000", "researchAndDevelopment": "0", "operatingExpenses": "237195000", "investmentIncomeNet": "None", "netInterestIncome": "None", "interestIncome": "None", "interestExpense": "18951000", "nonInterestIncome": "None", "otherNonOperatingIncome": "None", "depreciation": "None", "depreciationAndAmortization": "43648000", "incomeBeforeTax": "151234000", "incomeTaxExpense": "53171000", "interestAndDebtExpense": "None", "netIncomeFromContinuingOperations": "0", "comprehensiveIncomeNetOfTax": "None", "ebit": "170185000", "ebitda": "213833000", "netIncome": "98063000"}, {"fiscalDateEnding": "2009-04-30", "reportedCurrency": "USD", "grossProfit": "399190000", "totalRevenue": "1068540000", "costOfRevenue": "669350000", "costofGoodsAndServicesSold": "669350000", "operatingIncome": "157447000", "sellingGeneralAndAdministrative": "181709000", "researchAndDevelopment": "14498000", "operatingExpenses": "241743000", "investmentIncomeNet": "None", "netInterestIncome": "None", "interestIncome": "None", "interestExpense": "18461000", "nonInterestIncome": "None", "otherNonOperatingIncome": "None", "depreciation": "None", "depreciationAndAmortization": "42237000", "incomeBeforeTax": "141037000", "incomeTaxExpense": "46769000", "interestAndDebtExpense": "None", "netIncomeFromContinuingOperations": "0", "comprehensiveIncomeNetOfTax": "None", "ebit": "121637000", "ebitda": "163874000", "netIncome": "94268000"}, {"fiscalDateEnding": "2009-01-31", "reportedCurrency": "USD", "grossProfit": "401041000", "totalRevenue": "1182594000", "costOfRevenue": "781553000", "costofGoodsAndServicesSold": "781553000", "operatingIncome": "135459000", "sellingGeneralAndAdministrative": "211633000", "researchAndDevelopment": "0", "operatingExpenses": "265582000", "investmentIncomeNet": "None", "netInterestIncome": "None", "interestIncome": "None", "interestExpense": "21959000", "nonInterestIncome": "None", "otherNonOperatingIncome": "None", "depreciation": "None", "depreciationAndAmortization": "43783000", "incomeBeforeTax": "114356000", "incomeTaxExpense": "36415000", "interestAndDebtExpense": "None", "netIncomeFromContinuingOperations": "0", "comprehensiveIncomeNetOfTax": "None", "ebit": "136315000", "ebitda": "180098000", "netIncome": "77941000"}, {"fiscalDateEnding": "2008-10-31", "reportedCurrency": "USD", "grossProfit": "243419000", "totalRevenue": "843142000", "costOfRevenue": "599723000", "costofGoodsAndServicesSold": "599723000", "operatingIncome": "86297000", "sellingGeneralAndAdministrative": "151292000", "researchAndDevelopment": "0", "operatingExpenses": "157122000", "investmentIncomeNet": "None", "netInterestIncome": "None", "interestIncome": "None", "interestExpense": "11314000", "nonInterestIncome": "None", "otherNonOperatingIncome": "None", "depreciation": "None", "depreciationAndAmortization": "16489000", "incomeBeforeTax": "77225000", "incomeTaxExpense": "25772000", "interestAndDebtExpense": "None", "netIncomeFromContinuingOperations": "0", "comprehensiveIncomeNetOfTax": "None", "ebit": "92634000", "ebitda": "109123000", "netIncome": "51453000"}, {"fiscalDateEnding": "2008-07-31", "reportedCurrency": "USD", "grossProfit": "207779000", "totalRevenue": "663657000", "costOfRevenue": "455878000", "costofGoodsAndServicesSold": "455878000", "operatingIncome": "71828000", "sellingGeneralAndAdministrative": "131884000", "researchAndDevelopment": "0", "operatingExpenses": "135951000", "investmentIncomeNet": "None", "netInterestIncome": "None", "interestIncome": "None", "interestExpense": "10744000", "nonInterestIncome": "None", "otherNonOperatingIncome": "None", "depreciation": "None", "depreciationAndAmortization": "16507000", "incomeBeforeTax": "63447000", "incomeTaxExpense": "21156000", "interestAndDebtExpense": "None", "netIncomeFromContinuingOperations": "0", "comprehensiveIncomeNetOfTax": "None", "ebit": "75747000", "ebitda": "92254000", "netIncome": "42291000"}, {"fiscalDateEnding": "2008-04-30", "reportedCurrency": "USD", "grossProfit": "182239000", "totalRevenue": "589998000", "costOfRevenue": "407759000", "costofGoodsAndServicesSold": "407759000", "operatingIncome": "62757000", "sellingGeneralAndAdministrative": "119647000", "researchAndDevelopment": "9547000", "operatingExpenses": "119482000", "investmentIncomeNet": "None", "netInterestIncome": "None", "interestIncome": "None", "interestExpense": "10410000", "nonInterestIncome": "None", "otherNonOperatingIncome": "None", "depreciation": "None", "depreciationAndAmortization": "16151000", "incomeBeforeTax": "52929000", "incomeTaxExpense": "15878000", "interestAndDebtExpense": "None", "netIncomeFromContinuingOperations": "0", "comprehensiveIncomeNetOfTax": "None", "ebit": "66471000", "ebitda": "82622000", "netIncome": "37051000"}, {"fiscalDateEnding": "2008-01-31", "reportedCurrency": "USD", "grossProfit": "195453000", "totalRevenue": "665373000", "costOfRevenue": "469920000", "costofGoodsAndServicesSold": "469920000", "operatingIncome": "68941000", "sellingGeneralAndAdministrative": "122907000", "researchAndDevelopment": "0", "operatingExpenses": "126512000", "investmentIncomeNet": "None", "netInterestIncome": "None", "interestIncome": "None", "interestExpense": "10725000", "nonInterestIncome": "None", "otherNonOperatingIncome": "None", "depreciation": "None", "depreciationAndAmortization": "16279000", "incomeBeforeTax": "62160000", "incomeTaxExpense": "19759000", "interestAndDebtExpense": "None", "netIncomeFromContinuingOperations": "0", "comprehensiveIncomeNetOfTax": "None", "ebit": "72546000", "ebitda": "88825000", "netIncome": "42401000"}, {"fiscalDateEnding": "2007-10-31", "reportedCurrency": "USD", "grossProfit": "218488000", "totalRevenue": "707890000", "costOfRevenue": "489402000", "costofGoodsAndServicesSold": "489402000", "operatingIncome": "83987000", "sellingGeneralAndAdministrative": "131361000", "researchAndDevelopment": "0", "operatingExpenses": "134501000", "investmentIncomeNet": "None", "netInterestIncome": "None", "interestIncome": "None", "interestExpense": "10917000", "nonInterestIncome": "None", "otherNonOperatingIncome": "None", "depreciation": "None", "depreciationAndAmortization": "15298000", "incomeBeforeTax": "75876000", "incomeTaxExpense": "25710000", "interestAndDebtExpense": "None", "netIncomeFromContinuingOperations": "0", "comprehensiveIncomeNetOfTax": "None", "ebit": "87127000", "ebitda": "102425000", "netIncome": "50166000"}, {"fiscalDateEnding": "2007-07-31", "reportedCurrency": "USD", "grossProfit": "185984000", "totalRevenue": "561513000", "costOfRevenue": "375529000", "costofGoodsAndServicesSold": "375529000", "operatingIncome": "68489000", "sellingGeneralAndAdministrative": "116750000", "researchAndDevelopment": "0", "operatingExpenses": "117495000", "investmentIncomeNet": "None", "netInterestIncome": "None", "interestIncome": "None", "interestExpense": "10093000", "nonInterestIncome": "None", "otherNonOperatingIncome": "None", "depreciation": "None", "depreciationAndAmortization": "14891000", "incomeBeforeTax": "63823000", "incomeTaxExpense": "23062000", "interestAndDebtExpense": "None", "netIncomeFromContinuingOperations": "0", "comprehensiveIncomeNetOfTax": "None", "ebit": "69234000", "ebitda": "84125000", "netIncome": "40761000"}, {"fiscalDateEnding": "2007-04-30", "reportedCurrency": "USD", "grossProfit": "179903000", "totalRevenue": "493472000", "costOfRevenue": "313569000", "costofGoodsAndServicesSold": "313569000", "operatingIncome": "69519000", "sellingGeneralAndAdministrative": "109540000", "researchAndDevelopment": "9680000", "operatingExpenses": "110384000", "investmentIncomeNet": "None", "netInterestIncome": "None", "interestIncome": "None", "interestExpense": "5682000", "nonInterestIncome": "None", "otherNonOperatingIncome": "None", "depreciation": "None", "depreciationAndAmortization": "15301000", "incomeBeforeTax": "65729000", "incomeTaxExpense": "23230000", "interestAndDebtExpense": "None", "netIncomeFromContinuingOperations": "0", "comprehensiveIncomeNetOfTax": "None", "ebit": "70363000", "ebitda": "85664000", "netIncome": "42499000"}, {"fiscalDateEnding": "2007-01-31", "reportedCurrency": "USD", "grossProfit": "172967000", "totalRevenue": "523081000", "costOfRevenue": "350114000", "costofGoodsAndServicesSold": "350114000", "operatingIncome": "64377000", "sellingGeneralAndAdministrative": "108789000", "researchAndDevelopment": "0", "operatingExpenses": "108590000", "investmentIncomeNet": "None", "netInterestIncome": "None", "interestIncome": "None", "interestExpense": "5656000", "nonInterestIncome": "None", "otherNonOperatingIncome": "None", "depreciation": "None", "depreciationAndAmortization": "14600000", "incomeBeforeTax": "60448000", "incomeTaxExpense": "20021000", "interestAndDebtExpense": "None", "netIncomeFromContinuingOperations": "0", "comprehensiveIncomeNetOfTax": "None", "ebit": "64178000", "ebitda": "78778000", "netIncome": "40427000"}, {"fiscalDateEnding": "2006-10-31", "reportedCurrency": "USD", "grossProfit": "191191000", "totalRevenue": "604955000", "costOfRevenue": "413764000", "costofGoodsAndServicesSold": "413764000", "operatingIncome": "74298000", "sellingGeneralAndAdministrative": "116088000", "researchAndDevelopment": "0", "operatingExpenses": "116893000", "investmentIncomeNet": "None", "netInterestIncome": "None", "interestIncome": "None", "interestExpense": "5924000", "nonInterestIncome": "None", "otherNonOperatingIncome": "None", "depreciation": "None", "depreciationAndAmortization": "13805000", "incomeBeforeTax": "70636000", "incomeTaxExpense": "25067000", "interestAndDebtExpense": "None", "netIncomeFromContinuingOperations": "0", "comprehensiveIncomeNetOfTax": "None", "ebit": "75103000", "ebitda": "88908000", "netIncome": "45569000"}, {"fiscalDateEnding": "2006-07-31", "reportedCurrency": "USD", "grossProfit": "157994000", "totalRevenue": "526509000", "costOfRevenue": "368515000", "costofGoodsAndServicesSold": "368515000", "operatingIncome": "48866000", "sellingGeneralAndAdministrative": "108397000", "researchAndDevelopment": "0", "operatingExpenses": "109128000", "investmentIncomeNet": "None", "netInterestIncome": "None", "interestIncome": "None", "interestExpense": "6101000", "nonInterestIncome": "None", "otherNonOperatingIncome": "None", "depreciation": "None", "depreciationAndAmortization": "15168000", "incomeBeforeTax": "44191000", "incomeTaxExpense": "15467000", "interestAndDebtExpense": "None", "netIncomeFromContinuingOperations": "0", "comprehensiveIncomeNetOfTax": "None", "ebit": "49597000", "ebitda": "64765000", "netIncome": "28724000"}, {"fiscalDateEnding": "2006-04-30", "reportedCurrency": "USD", "grossProfit": "159997000", "totalRevenue": "501678000", "costOfRevenue": "341681000", "costofGoodsAndServicesSold": "341681000", "operatingIncome": "54040000", "sellingGeneralAndAdministrative": "104198000", "researchAndDevelopment": "10781000", "operatingExpenses": "105957000", "investmentIncomeNet": "None", "netInterestIncome": "None", "interestIncome": "None", "interestExpense": "5910000", "nonInterestIncome": "None", "otherNonOperatingIncome": "None", "depreciation": "None", "depreciationAndAmortization": "17172000", "incomeBeforeTax": "47860000", "incomeTaxExpense": "12159000", "interestAndDebtExpense": "None", "netIncomeFromContinuingOperations": "0", "comprehensiveIncomeNetOfTax": "None", "ebit": "54934000", "ebitda": "72106000", "netIncome": "35701000"}, {"fiscalDateEnding": "2006-01-31", "reportedCurrency": "USD", "grossProfit": "163854000", "totalRevenue": "536453000", "costOfRevenue": "372599000", "costofGoodsAndServicesSold": "372599000", "operatingIncome": "47697000", "sellingGeneralAndAdministrative": "103610000", "researchAndDevelopment": "0", "operatingExpenses": "116157000", "investmentIncomeNet": "None", "netInterestIncome": "None", "interestIncome": "None", "interestExpense": "5984000", "nonInterestIncome": "None", "otherNonOperatingIncome": "None", "depreciation": "None", "depreciationAndAmortization": "11913000", "incomeBeforeTax": "49572000", "incomeTaxExpense": "18260000", "interestAndDebtExpense": "None", "netIncomeFromContinuingOperations": "0", "comprehensiveIncomeNetOfTax": "None", "ebit": "60244000", "ebitda": "72157000", "netIncome": "31312000"}, {"fiscalDateEnding": "2005-10-31", "reportedCurrency": "USD", "grossProfit": "203423000", "totalRevenue": "606264000", "costOfRevenue": "402841000", "costofGoodsAndServicesSold": "402841000", "operatingIncome": "77330000", "sellingGeneralAndAdministrative": "120025000", "researchAndDevelopment": "0", "operatingExpenses": "126093000", "investmentIncomeNet": "None", "netInterestIncome": "None", "interestIncome": "None", "interestExpense": "6025000", "nonInterestIncome": "None", "otherNonOperatingIncome": "None", "depreciation": "None", "depreciationAndAmortization": "19456000", "incomeBeforeTax": "72559000", "incomeTaxExpense": "26115000", "interestAndDebtExpense": "None", "netIncomeFromContinuingOperations": "0", "comprehensiveIncomeNetOfTax": "None", "ebit": "83398000", "ebitda": "102854000", "netIncome": "46444000"}, {"fiscalDateEnding": "2005-07-31", "reportedCurrency": "USD", "grossProfit": "164713000", "totalRevenue": "510331000", "costOfRevenue": "345618000", "costofGoodsAndServicesSold": "345618000", "operatingIncome": "49672000", "sellingGeneralAndAdministrative": "110624000", "researchAndDevelopment": "0", "operatingExpenses": "115041000", "investmentIncomeNet": "None", "netInterestIncome": "None", "interestIncome": "None", "interestExpense": "6107000", "nonInterestIncome": "None", "otherNonOperatingIncome": "None", "depreciation": "None", "depreciationAndAmortization": "15838000", "incomeBeforeTax": "45579000", "incomeTaxExpense": "15682000", "interestAndDebtExpense": "None", "netIncomeFromContinuingOperations": "0", "comprehensiveIncomeNetOfTax": "None", "ebit": "54089000", "ebitda": "69927000", "netIncome": "29897000"}, {"fiscalDateEnding": "2005-04-30", "reportedCurrency": "USD", "grossProfit": "150149000", "totalRevenue": "491454000", "costOfRevenue": "341305000", "costofGoodsAndServicesSold": "341305000", "operatingIncome": "44314000", "sellingGeneralAndAdministrative": "95270000", "researchAndDevelopment": "10397000", "operatingExpenses": "105835000", "investmentIncomeNet": "None", "netInterestIncome": "None", "interestIncome": "None", "interestExpense": "6196000", "nonInterestIncome": "None", "otherNonOperatingIncome": "None", "depreciation": "None", "depreciationAndAmortization": "17018000", "incomeBeforeTax": "41604000", "incomeTaxExpense": "14818000", "interestAndDebtExpense": "None", "netIncomeFromContinuingOperations": "0", "comprehensiveIncomeNetOfTax": "None", "ebit": "54879000", "ebitda": "71897000", "netIncome": "22112000"}, {"fiscalDateEnding": "2005-01-31", "reportedCurrency": "USD", "grossProfit": "174198000", "totalRevenue": "550234000", "costOfRevenue": "376036000", "costofGoodsAndServicesSold": "376036000", "operatingIncome": "59745000", "sellingGeneralAndAdministrative": "106464000", "researchAndDevelopment": "0", "operatingExpenses": "114453000", "investmentIncomeNet": "None", "netInterestIncome": "None", "interestIncome": "None", "interestExpense": "6154000", "nonInterestIncome": "None", "otherNonOperatingIncome": "None", "depreciation": "None", "depreciationAndAmortization": "14394000", "incomeBeforeTax": "55518000", "incomeTaxExpense": "19994000", "interestAndDebtExpense": "None", "netIncomeFromContinuingOperations": "0", "comprehensiveIncomeNetOfTax": "None", "ebit": "67734000", "ebitda": "82128000", "netIncome": "36108000"}]}