{"symbol": "DLR", "annualReports": [{"fiscalDateEnding": "2024-12-31", "reportedCurrency": "USD", "grossProfit": "5554968000", "totalRevenue": "5554968000", "costOfRevenue": "2519115000", "costofGoodsAndServicesSold": "2519115000", "operatingIncome": "471864000", "sellingGeneralAndAdministrative": "480023000", "researchAndDevelopment": "None", "operatingExpenses": "5083104000", "investmentIncomeNet": "None", "netInterestIncome": "-452836000", "interestIncome": "None", "interestExpense": "452836000", "nonInterestIncome": "None", "otherNonOperatingIncome": "None", "depreciation": "None", "depreciationAndAmortization": "1771797000", "incomeBeforeTax": "547730000", "incomeTaxExpense": "-54760000", "interestAndDebtExpense": "None", "netIncomeFromContinuingOperations": "588327000", "comprehensiveIncomeNetOfTax": "None", "ebit": "94894000", "ebitda": "1866691000", "netIncome": "602490000"}, {"fiscalDateEnding": "2023-12-31", "reportedCurrency": "USD", "grossProfit": "2878990000", "totalRevenue": "5477061000", "costOfRevenue": "2598071000", "costofGoodsAndServicesSold": "2598071000", "operatingIncome": "524461000", "sellingGeneralAndAdministrative": "449056000", "researchAndDevelopment": "0.19", "operatingExpenses": "2354529000", "investmentIncomeNet": "None", "netInterestIncome": "-410985000", "interestIncome": "None", "interestExpense": "437741000", "nonInterestIncome": "None", "otherNonOperatingIncome": "None", "depreciation": "None", "depreciationAndAmortization": "1694859000", "incomeBeforeTax": "1025891000", "incomeTaxExpense": "75579000", "interestAndDebtExpense": "None", "netIncomeFromContinuingOperations": "880047000", "comprehensiveIncomeNetOfTax": "None", "ebit": "1463632000", "ebitda": "3158491000", "netIncome": "948838000"}, {"fiscalDateEnding": "2022-12-31", "reportedCurrency": "USD", "grossProfit": "2690387000", "totalRevenue": "4691834000", "costOfRevenue": "2001447000", "costofGoodsAndServicesSold": "2001447000", "operatingIncome": "589969000", "sellingGeneralAndAdministrative": "414783000", "researchAndDevelopment": "0.09", "operatingExpenses": "2005154000", "investmentIncomeNet": "None", "netInterestIncome": "-290214000", "interestIncome": "303710000", "interestExpense": "299132000", "nonInterestIncome": "None", "otherNonOperatingIncome": "None", "depreciation": "None", "depreciationAndAmortization": "4030100000", "incomeBeforeTax": "411878000", "incomeTaxExpense": "31551000", "interestAndDebtExpense": "None", "netIncomeFromContinuingOperations": "380327000", "comprehensiveIncomeNetOfTax": "None", "ebit": "-1790433000", "ebitda": "2239667000", "netIncome": "377684000"}, {"fiscalDateEnding": "2021-12-31", "reportedCurrency": "USD", "grossProfit": "2666988000", "totalRevenue": "4427883000", "costOfRevenue": "1760895000", "costofGoodsAndServicesSold": "1760895000", "operatingIncome": "694009000", "sellingGeneralAndAdministrative": "410737000", "researchAndDevelopment": "0.41", "operatingExpenses": "1899919000", "investmentIncomeNet": "None", "netInterestIncome": "-298204000", "interestIncome": "235922000", "interestExpense": "293846000", "nonInterestIncome": "None", "otherNonOperatingIncome": "1420048000", "depreciation": "None", "depreciationAndAmortization": "3668156000", "incomeBeforeTax": "1820211000", "incomeTaxExpense": "72799000", "interestAndDebtExpense": "None", "netIncomeFromContinuingOperations": "1747412000", "comprehensiveIncomeNetOfTax": "None", "ebit": "-1421798000", "ebitda": "2246358000", "netIncome": "1709259000"}, {"fiscalDateEnding": "2020-12-31", "reportedCurrency": "USD", "grossProfit": "2402748000", "totalRevenue": "3903609000", "costOfRevenue": "1500861000", "costofGoodsAndServicesSold": "1500861000", "operatingIncome": "557530000", "sellingGeneralAndAdministrative": "358181000", "researchAndDevelopment": "0.10", "operatingExpenses": "1725634000", "investmentIncomeNet": "None", "netInterestIncome": "-312799000", "interestIncome": "20222000", "interestExpense": "333021000", "nonInterestIncome": "None", "otherNonOperatingIncome": "176272000", "depreciation": "None", "depreciationAndAmortization": "3232939000", "incomeBeforeTax": "400782000", "incomeTaxExpense": "38047000", "interestAndDebtExpense": "None", "netIncomeFromContinuingOperations": "362730000", "comprehensiveIncomeNetOfTax": "None", "ebit": "-1195890000", "ebitda": "2037049000", "netIncome": "356398000"}, {"fiscalDateEnding": "2019-12-31", "reportedCurrency": "USD", "grossProfit": "2029070000", "totalRevenue": "3209241000", "costOfRevenue": "1180171000", "costofGoodsAndServicesSold": "1180171000", "operatingIncome": "594215000", "sellingGeneralAndAdministrative": "220286000", "researchAndDevelopment": "0.19", "operatingExpenses": "1398178000", "investmentIncomeNet": "None", "netInterestIncome": "-287057000", "interestIncome": "66000000", "interestExpense": "353057000", "nonInterestIncome": "None", "otherNonOperatingIncome": "370058000", "depreciation": "None", "depreciationAndAmortization": "2581750000", "incomeBeforeTax": "611216000", "incomeTaxExpense": "11995000", "interestAndDebtExpense": "None", "netIncomeFromContinuingOperations": "599221000", "comprehensiveIncomeNetOfTax": "None", "ebit": "-823761000", "ebitda": "1757989000", "netIncome": "579761000"}, {"fiscalDateEnding": "2018-12-31", "reportedCurrency": "USD", "grossProfit": "1959897000", "totalRevenue": "3046478000", "costOfRevenue": "1086581000", "costofGoodsAndServicesSold": "1086581000", "operatingIncome": "549787000", "sellingGeneralAndAdministrative": "171766000", "researchAndDevelopment": "0.11", "operatingExpenses": "1361480000", "investmentIncomeNet": "None", "netInterestIncome": "-318048000", "interestIncome": "3481000", "interestExpense": "321529000", "nonInterestIncome": "None", "otherNonOperatingIncome": "114941000", "depreciation": "None", "depreciationAndAmortization": "2451364000", "incomeBeforeTax": "343199000", "incomeTaxExpense": "2084000", "interestAndDebtExpense": "None", "netIncomeFromContinuingOperations": "341115000", "comprehensiveIncomeNetOfTax": "None", "ebit": "-714681000", "ebitda": "1736683000", "netIncome": "331246000"}, {"fiscalDateEnding": "2017-12-31", "reportedCurrency": "USD", "grossProfit": "1574298000", "totalRevenue": "2457928000", "costOfRevenue": "883630000", "costofGoodsAndServicesSold": "883630000", "operatingIncome": "451295000", "sellingGeneralAndAdministrative": "167691000", "researchAndDevelopment": "0.11", "operatingExpenses": "1013232000", "investmentIncomeNet": "None", "netInterestIncome": "-254987000", "interestIncome": "3655000", "interestExpense": "258642000", "nonInterestIncome": "None", "otherNonOperatingIncome": "71515000", "depreciation": "None", "depreciationAndAmortization": "1901593000", "incomeBeforeTax": "264169000", "incomeTaxExpense": "7901000", "interestAndDebtExpense": "None", "netIncomeFromContinuingOperations": "256267000", "comprehensiveIncomeNetOfTax": "None", "ebit": "-536319000", "ebitda": "1365274000", "netIncome": "248260000"}, {"fiscalDateEnding": "2016-12-31", "reportedCurrency": "USD", "grossProfit": "1379539000", "totalRevenue": "2142213000", "costOfRevenue": "762674000", "costofGoodsAndServicesSold": "762674000", "operatingIncome": "497286000", "sellingGeneralAndAdministrative": "156017000", "researchAndDevelopment": "0.21", "operatingExpenses": "855554000", "investmentIncomeNet": "None", "netInterestIncome": "-241044000", "interestIncome": "4564000", "interestExpense": "241044000", "nonInterestIncome": "None", "otherNonOperatingIncome": "181431000", "depreciation": "None", "depreciationAndAmortization": "1624436000", "incomeBeforeTax": "442237000", "incomeTaxExpense": "10385000", "interestAndDebtExpense": "None", "netIncomeFromContinuingOperations": "431852000", "comprehensiveIncomeNetOfTax": "None", "ebit": "-241831000", "ebitda": "1382605000", "netIncome": "426187000"}, {"fiscalDateEnding": "2015-12-31", "reportedCurrency": "USD", "grossProfit": "1120863000", "totalRevenue": "1763336000", "costOfRevenue": "642473000", "costofGoodsAndServicesSold": "642473000", "operatingIncome": "401911000", "sellingGeneralAndAdministrative": "109212000", "researchAndDevelopment": "0", "operatingExpenses": "740682000", "investmentIncomeNet": "None", "netInterestIncome": "None", "interestIncome": "188325000", "interestExpense": "203816000", "nonInterestIncome": "None", "otherNonOperatingIncome": "107566000", "depreciation": "None", "depreciationAndAmortization": "570527000", "incomeBeforeTax": "308042000", "incomeTaxExpense": "6452000", "interestAndDebtExpense": "None", "netIncomeFromContinuingOperations": "301591000", "comprehensiveIncomeNetOfTax": "None", "ebit": "395672000", "ebitda": "966199000", "netIncome": "296688000"}, {"fiscalDateEnding": "2014-12-31", "reportedCurrency": "USD", "grossProfit": "1021382000", "totalRevenue": "1616438000", "costOfRevenue": "595056000", "costofGoodsAndServicesSold": "595056000", "operatingIncome": "258666000", "sellingGeneralAndAdministrative": "89141000", "researchAndDevelopment": "0", "operatingExpenses": "630346000", "investmentIncomeNet": "None", "netInterestIncome": "None", "interestIncome": "None", "interestExpense": "191085000", "nonInterestIncome": "None", "otherNonOperatingIncome": "29723000", "depreciation": "None", "depreciationAndAmortization": "538513000", "incomeBeforeTax": "208653000", "incomeTaxExpense": "5238000", "interestAndDebtExpense": "None", "netIncomeFromContinuingOperations": "92066000", "comprehensiveIncomeNetOfTax": "None", "ebit": "258666000", "ebitda": "797179000", "netIncome": "200186000"}, {"fiscalDateEnding": "2013-12-31", "reportedCurrency": "USD", "grossProfit": "936340000", "totalRevenue": "1482259000", "costOfRevenue": "545919000", "costofGoodsAndServicesSold": "545919000", "operatingIncome": "381812000", "sellingGeneralAndAdministrative": "74396000", "researchAndDevelopment": "0", "operatingExpenses": "549923000", "investmentIncomeNet": "None", "netInterestIncome": "None", "interestIncome": "None", "interestExpense": "189399000", "nonInterestIncome": "None", "otherNonOperatingIncome": "8122000", "depreciation": "None", "depreciationAndAmortization": "475464000", "incomeBeforeTax": "321741000", "incomeTaxExpense": "1292000", "interestAndDebtExpense": "None", "netIncomeFromContinuingOperations": "199243000", "comprehensiveIncomeNetOfTax": "None", "ebit": "381812000", "ebitda": "857276000", "netIncome": "314488000"}, {"fiscalDateEnding": "2012-12-31", "reportedCurrency": "USD", "grossProfit": "827820000", "totalRevenue": "1279067000", "costOfRevenue": "451247000", "costofGoodsAndServicesSold": "451247000", "operatingIncome": "366078000", "sellingGeneralAndAdministrative": "72598000", "researchAndDevelopment": "0", "operatingExpenses": "456411000", "investmentIncomeNet": "None", "netInterestIncome": "None", "interestIncome": "None", "interestExpense": "157108000", "nonInterestIncome": "None", "otherNonOperatingIncome": "9724000", "depreciation": "None", "depreciationAndAmortization": "382553000", "incomeBeforeTax": "218694000", "incomeTaxExpense": "2647000", "interestAndDebtExpense": "None", "netIncomeFromContinuingOperations": "216047000", "comprehensiveIncomeNetOfTax": "None", "ebit": "366078000", "ebitda": "748631000", "netIncome": "210334000"}, {"fiscalDateEnding": "2011-12-31", "reportedCurrency": "USD", "grossProfit": "682127000", "totalRevenue": "1062710000", "costOfRevenue": "380583000", "costofGoodsAndServicesSold": "380583000", "operatingIncome": "304310000", "sellingGeneralAndAdministrative": "67302000", "researchAndDevelopment": "0", "operatingExpenses": "377727000", "investmentIncomeNet": "None", "netInterestIncome": "None", "interestIncome": "None", "interestExpense": "149350000", "nonInterestIncome": "None", "otherNonOperatingIncome": "None", "depreciation": "None", "depreciationAndAmortization": "302488000", "incomeBeforeTax": "162084000", "incomeTaxExpense": "-42000", "interestAndDebtExpense": "None", "netIncomeFromContinuingOperations": "None", "comprehensiveIncomeNetOfTax": "None", "ebit": "298936000", "ebitda": "601424000", "netIncome": "156265000"}, {"fiscalDateEnding": "2010-12-31", "reportedCurrency": "USD", "grossProfit": "569202000", "totalRevenue": "865401000", "costOfRevenue": "296199000", "costofGoodsAndServicesSold": "296199000", "operatingIncome": "242306000", "sellingGeneralAndAdministrative": "62767000", "researchAndDevelopment": "None", "operatingExpenses": "326670000", "investmentIncomeNet": "None", "netInterestIncome": "None", "interestIncome": "None", "interestExpense": "137384000", "nonInterestIncome": "None", "otherNonOperatingIncome": "None", "depreciation": "None", "depreciationAndAmortization": "255586000", "incomeBeforeTax": "107263000", "incomeTaxExpense": "1851000", "interestAndDebtExpense": "None", "netIncomeFromContinuingOperations": "None", "comprehensiveIncomeNetOfTax": "None", "ebit": "236034000", "ebitda": "491620000", "netIncome": "102294000"}, {"fiscalDateEnding": "2009-12-31", "reportedCurrency": "USD", "grossProfit": "460904000", "totalRevenue": "637142000", "costOfRevenue": "176238000", "costofGoodsAndServicesSold": "176238000", "operatingIncome": "177789000", "sellingGeneralAndAdministrative": "48276000", "researchAndDevelopment": "None", "operatingExpenses": "283115000", "investmentIncomeNet": "None", "netInterestIncome": "None", "interestIncome": "None", "interestExpense": "88442000", "nonInterestIncome": "None", "otherNonOperatingIncome": "None", "depreciation": "None", "depreciationAndAmortization": "198052000", "incomeBeforeTax": "92272000", "incomeTaxExpense": "1038000", "interestAndDebtExpense": "None", "netIncomeFromContinuingOperations": "None", "comprehensiveIncomeNetOfTax": "None", "ebit": "177789000", "ebitda": "375841000", "netIncome": "87662000"}, {"fiscalDateEnding": "2008-12-31", "reportedCurrency": "USD", "grossProfit": "344838000", "totalRevenue": "527445000", "costOfRevenue": "182607000", "costofGoodsAndServicesSold": "182607000", "operatingIncome": "127344000", "sellingGeneralAndAdministrative": "43577000", "researchAndDevelopment": "None", "operatingExpenses": "400101000", "investmentIncomeNet": "None", "netInterestIncome": "None", "interestIncome": "None", "interestExpense": "63621000", "nonInterestIncome": "None", "otherNonOperatingIncome": "None", "depreciation": "None", "depreciationAndAmortization": "172280000", "incomeBeforeTax": "70547000", "incomeTaxExpense": "59683000", "interestAndDebtExpense": "None", "netIncomeFromContinuingOperations": "None", "comprehensiveIncomeNetOfTax": "None", "ebit": "127344000", "ebitda": "299624000", "netIncome": "67661000"}, {"fiscalDateEnding": "2007-12-31", "reportedCurrency": "USD", "grossProfit": "286503000", "totalRevenue": "395247000", "costOfRevenue": "108744000", "costofGoodsAndServicesSold": "108744000", "operatingIncome": "86889000", "sellingGeneralAndAdministrative": "31600000", "researchAndDevelopment": "None", "operatingExpenses": "308358000", "investmentIncomeNet": "None", "netInterestIncome": "None", "interestIncome": "None", "interestExpense": "67054000", "nonInterestIncome": "None", "otherNonOperatingIncome": "None", "depreciation": "None", "depreciationAndAmortization": "81280000", "incomeBeforeTax": "40592000", "incomeTaxExpense": "99411000", "interestAndDebtExpense": "None", "netIncomeFromContinuingOperations": "None", "comprehensiveIncomeNetOfTax": "None", "ebit": "139554000", "ebitda": "220834000", "netIncome": "40592000"}, {"fiscalDateEnding": "2006-12-31", "reportedCurrency": "USD", "grossProfit": "220851000", "totalRevenue": "281903000", "costOfRevenue": "61052000", "costofGoodsAndServicesSold": "61052000", "operatingIncome": "77554000", "sellingGeneralAndAdministrative": "20441000", "researchAndDevelopment": "None", "operatingExpenses": "203822000", "investmentIncomeNet": "None", "netInterestIncome": "None", "interestIncome": "None", "interestExpense": "49595000", "nonInterestIncome": "None", "otherNonOperatingIncome": "None", "depreciation": "None", "depreciationAndAmortization": "52795000", "incomeBeforeTax": "31392000", "incomeTaxExpense": "83830000", "interestAndDebtExpense": "None", "netIncomeFromContinuingOperations": "None", "comprehensiveIncomeNetOfTax": "None", "ebit": "108822000", "ebitda": "161617000", "netIncome": "31392000"}, {"fiscalDateEnding": "2005-12-31", "reportedCurrency": "USD", "grossProfit": "173920000", "totalRevenue": "208809000", "costOfRevenue": "34889000", "costofGoodsAndServicesSold": "34889000", "operatingIncome": "63479000", "sellingGeneralAndAdministrative": "12615000", "researchAndDevelopment": "None", "operatingExpenses": "145330000", "investmentIncomeNet": "None", "netInterestIncome": "None", "interestIncome": "None", "interestExpense": "0", "nonInterestIncome": "None", "otherNonOperatingIncome": "None", "depreciation": "None", "depreciationAndAmortization": "33750000", "incomeBeforeTax": "16101000", "incomeTaxExpense": "-69344000", "interestAndDebtExpense": "None", "netIncomeFromContinuingOperations": "None", "comprehensiveIncomeNetOfTax": "None", "ebit": "82561000", "ebitda": "116311000", "netIncome": "16101000"}], "quarterlyReports": [{"fiscalDateEnding": "2024-12-31", "reportedCurrency": "USD", "grossProfit": "773173000", "totalRevenue": "1435862000", "costOfRevenue": "662689000", "costofGoodsAndServicesSold": "662689000", "operatingIncome": "125581000", "sellingGeneralAndAdministrative": "126816000", "researchAndDevelopment": "None", "operatingExpenses": "628851000", "investmentIncomeNet": "None", "netInterestIncome": "-104742000", "interestIncome": "None", "interestExpense": "104742000", "nonInterestIncome": "None", "otherNonOperatingIncome": "None", "depreciation": "None", "depreciationAndAmortization": "455355000", "incomeBeforeTax": "-89665000", "incomeTaxExpense": "4928000", "interestAndDebtExpense": "None", "netIncomeFromContinuingOperations": "185688000", "comprehensiveIncomeNetOfTax": "None", "ebit": "295358000", "ebitda": "750713000", "netIncome": "-89665000"}, {"fiscalDateEnding": "2024-09-30", "reportedCurrency": "USD", "grossProfit": "774853000", "totalRevenue": "1431214000", "costOfRevenue": "656361000", "costofGoodsAndServicesSold": "656361000", "operatingIncome": "168286000", "sellingGeneralAndAdministrative": "117602000", "researchAndDevelopment": "None", "operatingExpenses": "606567000", "investmentIncomeNet": "None", "netInterestIncome": "-123803000", "interestIncome": "None", "interestExpense": "123803000", "nonInterestIncome": "None", "otherNonOperatingIncome": "None", "depreciation": "None", "depreciationAndAmortization": "459997000", "incomeBeforeTax": "52561000", "incomeTaxExpense": "12427000", "interestAndDebtExpense": "None", "netIncomeFromContinuingOperations": "40134000", "comprehensiveIncomeNetOfTax": "None", "ebit": "192480000", "ebitda": "652477000", "netIncome": "51193000"}, {"fiscalDateEnding": "2024-06-30", "reportedCurrency": "USD", "grossProfit": "324130001", "totalRevenue": "1356749000", "costOfRevenue": "1032618999", "costofGoodsAndServicesSold": "1032618999", "operatingIncome": "204264000", "sellingGeneralAndAdministrative": "120395000", "researchAndDevelopment": "None", "operatingExpenses": "545209000", "investmentIncomeNet": "None", "netInterestIncome": "-114756000", "interestIncome": "None", "interestExpense": "114756000", "nonInterestIncome": "None", "otherNonOperatingIncome": "None", "depreciation": "None", "depreciationAndAmortization": "425343000", "incomeBeforeTax": "89660000", "incomeTaxExpense": "14992000", "interestAndDebtExpense": "None", "netIncomeFromContinuingOperations": "74668000", "comprehensiveIncomeNetOfTax": "None", "ebit": "204264000", "ebitda": "629607000", "netIncome": "80220000"}, {"fiscalDateEnding": "2024-03-31", "reportedCurrency": "USD", "grossProfit": "307252000", "totalRevenue": "1331143000", "costOfRevenue": "1023891000", "costofGoodsAndServicesSold": "1023891000", "operatingIncome": "181206000", "sellingGeneralAndAdministrative": "115210000", "researchAndDevelopment": "None", "operatingExpenses": "126046000", "investmentIncomeNet": "None", "netInterestIncome": "-109535000", "interestIncome": "None", "interestExpense": "109535000", "nonInterestIncome": "None", "otherNonOperatingIncome": "None", "depreciation": "None", "depreciationAndAmortization": "431102000", "incomeBeforeTax": "310250000", "incomeTaxExpense": "22413000", "interestAndDebtExpense": "None", "netIncomeFromContinuingOperations": "287837000", "comprehensiveIncomeNetOfTax": "None", "ebit": "181206000", "ebitda": "612308000", "netIncome": "281508000"}, {"fiscalDateEnding": "2023-12-31", "reportedCurrency": "USD", "grossProfit": "302002000", "totalRevenue": "1369633000", "costOfRevenue": "1067631000", "costofGoodsAndServicesSold": "1067631000", "operatingIncome": "179622000", "sellingGeneralAndAdministrative": "116799000", "researchAndDevelopment": "None", "operatingExpenses": "122380000", "investmentIncomeNet": "None", "netInterestIncome": "-113638000", "interestIncome": "None", "interestExpense": "113638000", "nonInterestIncome": "None", "otherNonOperatingIncome": "None", "depreciation": "None", "depreciationAndAmortization": "420475000", "incomeBeforeTax": "40606000", "incomeTaxExpense": "20724000", "interestAndDebtExpense": "None", "netIncomeFromContinuingOperations": "19891000", "comprehensiveIncomeNetOfTax": "None", "ebit": "179622000", "ebitda": "600097000", "netIncome": "28310000"}, {"fiscalDateEnding": "2023-09-30", "reportedCurrency": "USD", "grossProfit": "722614000", "totalRevenue": "1402437000", "costOfRevenue": "679823000", "costofGoodsAndServicesSold": "679823000", "operatingIncome": "58231000", "sellingGeneralAndAdministrative": "112328000", "researchAndDevelopment": "None", "operatingExpenses": "534236000", "investmentIncomeNet": "None", "netInterestIncome": "-85955000", "interestIncome": "105748000", "interestExpense": "110767000", "nonInterestIncome": "None", "otherNonOperatingIncome": "None", "depreciation": "None", "depreciationAndAmortization": "420613000", "incomeBeforeTax": "763171000", "incomeTaxExpense": "17228000", "interestAndDebtExpense": "None", "netIncomeFromContinuingOperations": "745943000", "comprehensiveIncomeNetOfTax": "None", "ebit": "185691000", "ebitda": "606304000", "netIncome": "733618000"}, {"fiscalDateEnding": "2023-06-30", "reportedCurrency": "USD", "grossProfit": "719853000", "totalRevenue": "1366267000", "costOfRevenue": "646414000", "costofGoodsAndServicesSold": "646414000", "operatingIncome": "154860000", "sellingGeneralAndAdministrative": "110349000", "researchAndDevelopment": "None", "operatingExpenses": "543577000", "investmentIncomeNet": "None", "netInterestIncome": "-118046000", "interestIncome": "112987000", "interestExpense": "111116000", "nonInterestIncome": "None", "otherNonOperatingIncome": "88075000", "depreciation": "None", "depreciationAndAmortization": "432573000", "incomeBeforeTax": "131819000", "incomeTaxExpense": "16173000", "interestAndDebtExpense": "None", "netIncomeFromContinuingOperations": "115646000", "comprehensiveIncomeNetOfTax": "None", "ebit": "172624000", "ebitda": "605197000", "netIncome": "118184000"}, {"fiscalDateEnding": "2023-03-31", "reportedCurrency": "USD", "grossProfit": "722719000", "totalRevenue": "1338723000", "costOfRevenue": "616004000", "costofGoodsAndServicesSold": "616004000", "operatingIncome": "177334000", "sellingGeneralAndAdministrative": "111920000", "researchAndDevelopment": "None", "operatingExpenses": "545385000", "investmentIncomeNet": "None", "netInterestIncome": "-101940000", "interestIncome": "87043000", "interestExpense": "102220000", "nonInterestIncome": "None", "otherNonOperatingIncome": "15177000", "depreciation": "None", "depreciationAndAmortization": "421198000", "incomeBeforeTax": "90291000", "incomeTaxExpense": "21454000", "interestAndDebtExpense": "None", "netIncomeFromContinuingOperations": "68836000", "comprehensiveIncomeNetOfTax": "None", "ebit": "192511000", "ebitda": "613709000", "netIncome": "68726000"}, {"fiscalDateEnding": "2022-12-31", "reportedCurrency": "USD", "grossProfit": "700083000", "totalRevenue": "1233106000", "costOfRevenue": "533023000", "costofGoodsAndServicesSold": "533023000", "operatingIncome": "120981000", "sellingGeneralAndAdministrative": "109029000", "researchAndDevelopment": "None", "operatingExpenses": "542774000", "investmentIncomeNet": "None", "netInterestIncome": "-109776000", "interestIncome": "137888000", "interestExpense": "86882000", "nonInterestIncome": "None", "otherNonOperatingIncome": "None", "depreciation": "None", "depreciationAndAmortization": "430130000", "incomeBeforeTax": "-16915000", "incomeTaxExpense": "-17676000", "interestAndDebtExpense": "None", "netIncomeFromContinuingOperations": "761000", "comprehensiveIncomeNetOfTax": "None", "ebit": "141331000", "ebitda": "571461000", "netIncome": "761000"}, {"fiscalDateEnding": "2022-09-30", "reportedCurrency": "USD", "grossProfit": "674492000", "totalRevenue": "1192082000", "costOfRevenue": "517590000", "costofGoodsAndServicesSold": "517590000", "operatingIncome": "157381000", "sellingGeneralAndAdministrative": "99794000", "researchAndDevelopment": "None", "operatingExpenses": "489594000", "investmentIncomeNet": "None", "netInterestIncome": "-60750000", "interestIncome": "15752000", "interestExpense": "76502000", "nonInterestIncome": "None", "otherNonOperatingIncome": "177488000", "depreciation": "None", "depreciationAndAmortization": "388704000", "incomeBeforeTax": "258367000", "incomeTaxExpense": "19576000", "interestAndDebtExpense": "None", "netIncomeFromContinuingOperations": "238791000", "comprehensiveIncomeNetOfTax": "None", "ebit": "183243000", "ebitda": "571947000", "netIncome": "226894000"}, {"fiscalDateEnding": "2022-06-30", "reportedCurrency": "USD", "grossProfit": "670607000", "totalRevenue": "1139322000", "costOfRevenue": "468715000", "costofGoodsAndServicesSold": "468715000", "operatingIncome": "170371000", "sellingGeneralAndAdministrative": "105827000", "researchAndDevelopment": "None", "operatingExpenses": "482864000", "investmentIncomeNet": "None", "netInterestIncome": "-56015000", "interestIncome": "13008000", "interestExpense": "69023000", "nonInterestIncome": "None", "otherNonOperatingIncome": "-21080000", "depreciation": "None", "depreciationAndAmortization": "376967000", "incomeBeforeTax": "80268000", "incomeTaxExpense": "16406000", "interestAndDebtExpense": "None", "netIncomeFromContinuingOperations": "63862000", "comprehensiveIncomeNetOfTax": "None", "ebit": "183958000", "ebitda": "560925000", "netIncome": "53246000"}, {"fiscalDateEnding": "2022-03-31", "reportedCurrency": "USD", "grossProfit": "645203000", "totalRevenue": "1127322000", "costOfRevenue": "482119000", "costofGoodsAndServicesSold": "482119000", "operatingIncome": "219290000", "sellingGeneralAndAdministrative": "100133000", "researchAndDevelopment": "None", "operatingExpenses": "489922000", "investmentIncomeNet": "None", "netInterestIncome": "-63674000", "interestIncome": "3051000", "interestExpense": "66725000", "nonInterestIncome": "None", "otherNonOperatingIncome": "15644000", "depreciation": "None", "depreciationAndAmortization": "382132000", "incomeBeforeTax": "90155000", "incomeTaxExpense": "13244000", "interestAndDebtExpense": "None", "netIncomeFromContinuingOperations": "76911000", "comprehensiveIncomeNetOfTax": "None", "ebit": "153203000", "ebitda": "535335000", "netIncome": "63100000"}, {"fiscalDateEnding": "2021-12-31", "reportedCurrency": "USD", "grossProfit": "649312000", "totalRevenue": "1111168000", "costOfRevenue": "461856000", "costofGoodsAndServicesSold": "461856000", "operatingIncome": "131497000", "sellingGeneralAndAdministrative": "107212000", "researchAndDevelopment": "None", "operatingExpenses": "486094000", "investmentIncomeNet": "None", "netInterestIncome": "-76111000", "interestIncome": "83825000", "interestExpense": "71762000", "nonInterestIncome": "None", "otherNonOperatingIncome": "1034623000", "depreciation": "None", "depreciationAndAmortization": "378883000", "incomeBeforeTax": "1094358000", "incomeTaxExpense": "3961000", "interestAndDebtExpense": "None", "netIncomeFromContinuingOperations": "1090397000", "comprehensiveIncomeNetOfTax": "None", "ebit": "505932000", "ebitda": "884815000", "netIncome": "1057629000"}, {"fiscalDateEnding": "2021-09-30", "reportedCurrency": "USD", "grossProfit": "670893000", "totalRevenue": "1133136000", "costOfRevenue": "462243000", "costofGoodsAndServicesSold": "462243000", "operatingIncome": "184367000", "sellingGeneralAndAdministrative": "101800000", "researchAndDevelopment": "None", "operatingExpenses": "471345000", "investmentIncomeNet": "None", "netInterestIncome": "-74364000", "interestIncome": "33480000", "interestExpense": "71417000", "nonInterestIncome": "None", "otherNonOperatingIncome": "37302000", "depreciation": "None", "depreciationAndAmortization": "369035000", "incomeBeforeTax": "150252000", "incomeTaxExpense": "13709000", "interestAndDebtExpense": "None", "netIncomeFromContinuingOperations": "136543000", "comprehensiveIncomeNetOfTax": "None", "ebit": "198169000", "ebitda": "567204000", "netIncome": "124094000"}, {"fiscalDateEnding": "2021-06-30", "reportedCurrency": "USD", "grossProfit": "667176000", "totalRevenue": "1093188000", "costOfRevenue": "426012000", "costofGoodsAndServicesSold": "426012000", "operatingIncome": "185627000", "sellingGeneralAndAdministrative": "100659000", "researchAndDevelopment": "None", "operatingExpenses": "471938000", "investmentIncomeNet": "None", "netInterestIncome": "-64890000", "interestIncome": "10124000", "interestExpense": "75014000", "nonInterestIncome": "None", "otherNonOperatingIncome": "62766000", "depreciation": "None", "depreciationAndAmortization": "368981000", "incomeBeforeTax": "173379000", "incomeTaxExpense": "47582000", "interestAndDebtExpense": "None", "netIncomeFromContinuingOperations": "125797000", "comprehensiveIncomeNetOfTax": "None", "ebit": "192703000", "ebitda": "561684000", "netIncome": "127369000"}, {"fiscalDateEnding": "2021-03-31", "reportedCurrency": "USD", "grossProfit": "679607000", "totalRevenue": "1090391000", "costOfRevenue": "410784000", "costofGoodsAndServicesSold": "410784000", "operatingIncome": "192518000", "sellingGeneralAndAdministrative": "101066000", "researchAndDevelopment": "None", "operatingExpenses": "470542000", "investmentIncomeNet": "None", "netInterestIncome": "-82839000", "interestIncome": "105870000", "interestExpense": "82839000", "nonInterestIncome": "None", "otherNonOperatingIncome": "285357000", "depreciation": "None", "depreciationAndAmortization": "369733000", "incomeBeforeTax": "402222000", "incomeTaxExpense": "7547000", "interestAndDebtExpense": "None", "netIncomeFromContinuingOperations": "394676000", "comprehensiveIncomeNetOfTax": "None", "ebit": "206639000", "ebitda": "576372000", "netIncome": "372406000"}, {"fiscalDateEnding": "2020-12-31", "reportedCurrency": "USD", "grossProfit": "645708000", "totalRevenue": "1062609000", "costOfRevenue": "416901000", "costofGoodsAndServicesSold": "416901000", "operatingIncome": "160264000", "sellingGeneralAndAdministrative": "104992000", "researchAndDevelopment": "None", "operatingExpenses": "465548000", "investmentIncomeNet": "None", "netInterestIncome": "-80595000", "interestIncome": "49540000", "interestExpense": "77848000", "nonInterestIncome": "None", "otherNonOperatingIncome": "-19585000", "depreciation": "None", "depreciationAndAmortization": "359915000", "incomeBeforeTax": "62832000", "incomeTaxExpense": "3322000", "interestAndDebtExpense": "None", "netIncomeFromContinuingOperations": "59508000", "comprehensiveIncomeNetOfTax": "None", "ebit": "179553000", "ebitda": "539468000", "netIncome": "44177000"}, {"fiscalDateEnding": "2020-09-30", "reportedCurrency": "USD", "grossProfit": "626256000", "totalRevenue": "1024668000", "costOfRevenue": "398412000", "costofGoodsAndServicesSold": "398412000", "operatingIncome": "144405000", "sellingGeneralAndAdministrative": "93357000", "researchAndDevelopment": "None", "operatingExpenses": "459496000", "investmentIncomeNet": "None", "netInterestIncome": "-85151000", "interestIncome": "87207000", "interestExpense": "89499000", "nonInterestIncome": "None", "otherNonOperatingIncome": "-40305000", "depreciation": "None", "depreciationAndAmortization": "365842000", "incomeBeforeTax": "14601000", "incomeTaxExpense": "16053000", "interestAndDebtExpense": "None", "netIncomeFromContinuingOperations": "-1454000", "comprehensiveIncomeNetOfTax": "None", "ebit": "165838000", "ebitda": "531680000", "netIncome": "-136000"}, {"fiscalDateEnding": "2020-06-30", "reportedCurrency": "USD", "grossProfit": "615277000", "totalRevenue": "992995000", "costOfRevenue": "377718000", "costofGoodsAndServicesSold": "377718000", "operatingIncome": "152811000", "sellingGeneralAndAdministrative": "94019000", "researchAndDevelopment": "None", "operatingExpenses": "443206000", "investmentIncomeNet": "None", "netInterestIncome": "-57711000", "interestIncome": "22163000", "interestExpense": "79874000", "nonInterestIncome": "None", "otherNonOperatingIncome": "14531000", "depreciation": "None", "depreciationAndAmortization": "349165000", "incomeBeforeTax": "87468000", "incomeTaxExpense": "11490000", "interestAndDebtExpense": "None", "netIncomeFromContinuingOperations": "75978000", "comprehensiveIncomeNetOfTax": "None", "ebit": "168429000", "ebitda": "517594000", "netIncome": "74831000"}, {"fiscalDateEnding": "2020-03-31", "reportedCurrency": "USD", "grossProfit": "515506000", "totalRevenue": "823337000", "costOfRevenue": "307831000", "costofGoodsAndServicesSold": "307831000", "operatingIncome": "100049000", "sellingGeneralAndAdministrative": "65813000", "researchAndDevelopment": "None", "operatingExpenses": "357384000", "investmentIncomeNet": "None", "netInterestIncome": "-89342000", "interestIncome": "3542000", "interestExpense": "89342000", "nonInterestIncome": "None", "otherNonOperatingIncome": "221631000", "depreciation": "None", "depreciationAndAmortization": "291457000", "incomeBeforeTax": "235880000", "incomeTaxExpense": "7182000", "interestAndDebtExpense": "None", "netIncomeFromContinuingOperations": "228698000", "comprehensiveIncomeNetOfTax": "None", "ebit": "156850000", "ebitda": "448307000", "netIncome": "202859000"}, {"fiscalDateEnding": "2019-12-31", "reportedCurrency": "USD", "grossProfit": "490761000", "totalRevenue": "787463000", "costOfRevenue": "296702000", "costofGoodsAndServicesSold": "296702000", "operatingIncome": "138933000", "sellingGeneralAndAdministrative": "56595000", "researchAndDevelopment": "None", "operatingExpenses": "333592000", "investmentIncomeNet": "None", "netInterestIncome": "-70146000", "interestIncome": "10734000", "interestExpense": "80880000", "nonInterestIncome": "None", "otherNonOperatingIncome": "289542000", "depreciation": "None", "depreciationAndAmortization": "196794000", "incomeBeforeTax": "347595000", "incomeTaxExpense": "-1731000", "interestAndDebtExpense": "None", "netIncomeFromContinuingOperations": "349326000", "comprehensiveIncomeNetOfTax": "None", "ebit": "257274000", "ebitda": "454068000", "netIncome": "315577000"}, {"fiscalDateEnding": "2019-09-30", "reportedCurrency": "USD", "grossProfit": "508780000", "totalRevenue": "806466000", "costOfRevenue": "297686000", "costofGoodsAndServicesSold": "297686000", "operatingIncome": "164767000", "sellingGeneralAndAdministrative": "52965000", "researchAndDevelopment": "None", "operatingExpenses": "339775000", "investmentIncomeNet": "None", "netInterestIncome": "-67732000", "interestIncome": "16842000", "interestExpense": "84574000", "nonInterestIncome": "None", "otherNonOperatingIncome": "-7793000", "depreciation": "None", "depreciationAndAmortization": "286718000", "incomeBeforeTax": "72400000", "incomeTaxExpense": "4826000", "interestAndDebtExpense": "None", "netIncomeFromContinuingOperations": "67574000", "comprehensiveIncomeNetOfTax": "None", "ebit": "164767000", "ebitda": "451485000", "netIncome": "66497000"}, {"fiscalDateEnding": "2019-06-30", "reportedCurrency": "USD", "grossProfit": "507283000", "totalRevenue": "800797000", "costOfRevenue": "293514000", "costofGoodsAndServicesSold": "293514000", "operatingIncome": "148972000", "sellingGeneralAndAdministrative": "55759000", "researchAndDevelopment": "None", "operatingExpenses": "353436000", "investmentIncomeNet": "None", "netInterestIncome": "-69071000", "interestIncome": "16980000", "interestExpense": "86051000", "nonInterestIncome": "None", "otherNonOperatingIncome": "3037000", "depreciation": "None", "depreciationAndAmortization": "290562000", "incomeBeforeTax": "65958000", "incomeTaxExpense": "4634000", "interestAndDebtExpense": "None", "netIncomeFromContinuingOperations": "61324000", "comprehensiveIncomeNetOfTax": "None", "ebit": "148972000", "ebitda": "439534000", "netIncome": "60168000"}, {"fiscalDateEnding": "2019-03-31", "reportedCurrency": "USD", "grossProfit": "522246000", "totalRevenue": "814515000", "costOfRevenue": "292269000", "costofGoodsAndServicesSold": "292269000", "operatingIncome": "141543000", "sellingGeneralAndAdministrative": "54967000", "researchAndDevelopment": "None", "operatingExpenses": "371375000", "investmentIncomeNet": "None", "netInterestIncome": "-80108000", "interestIncome": "70891000", "interestExpense": "101552000", "nonInterestIncome": "None", "otherNonOperatingIncome": "85272000", "depreciation": "None", "depreciationAndAmortization": "311486000", "incomeBeforeTax": "125263000", "incomeTaxExpense": "4266000", "interestAndDebtExpense": "None", "netIncomeFromContinuingOperations": "120997000", "comprehensiveIncomeNetOfTax": "None", "ebit": "141543000", "ebitda": "453029000", "netIncome": "95869000"}, {"fiscalDateEnding": "2018-12-31", "reportedCurrency": "USD", "grossProfit": "491037000", "totalRevenue": "778267000", "costOfRevenue": "287230000", "costofGoodsAndServicesSold": "287230000", "operatingIncome": "122847000", "sellingGeneralAndAdministrative": "41213000", "researchAndDevelopment": "0", "operatingExpenses": "341671000", "investmentIncomeNet": "None", "netInterestIncome": "None", "interestIncome": "None", "interestExpense": "84883000", "nonInterestIncome": "None", "otherNonOperatingIncome": "8790000", "depreciation": "None", "depreciationAndAmortization": "299362000", "incomeBeforeTax": "46754000", "incomeTaxExpense": "-5843000", "interestAndDebtExpense": "None", "netIncomeFromContinuingOperations": "52597000", "comprehensiveIncomeNetOfTax": "None", "ebit": "148764000", "ebitda": "448126000", "netIncome": "51559000"}, {"fiscalDateEnding": "2018-09-30", "reportedCurrency": "USD", "grossProfit": "488082000", "totalRevenue": "768924000", "costOfRevenue": "280842000", "costofGoodsAndServicesSold": "280842000", "operatingIncome": "139065000", "sellingGeneralAndAdministrative": "43650000", "researchAndDevelopment": "0", "operatingExpenses": "338746000", "investmentIncomeNet": "None", "netInterestIncome": "None", "interestIncome": "None", "interestExpense": "81832000", "nonInterestIncome": "None", "otherNonOperatingIncome": "34482000", "depreciation": "None", "depreciationAndAmortization": "293957000", "incomeBeforeTax": "92696000", "incomeTaxExpense": "2432000", "interestAndDebtExpense": "None", "netIncomeFromContinuingOperations": "90264000", "comprehensiveIncomeNetOfTax": "None", "ebit": "139065000", "ebitda": "433022000", "netIncome": "67268000"}, {"fiscalDateEnding": "2018-06-30", "reportedCurrency": "USD", "grossProfit": "497313000", "totalRevenue": "754919000", "costOfRevenue": "257606000", "costofGoodsAndServicesSold": "257606000", "operatingIncome": "144062000", "sellingGeneralAndAdministrative": "46883000", "researchAndDevelopment": "0", "operatingExpenses": "345823000", "investmentIncomeNet": "None", "netInterestIncome": "None", "interestIncome": "None", "interestExpense": "78810000", "nonInterestIncome": "None", "otherNonOperatingIncome": "25028000", "depreciation": "None", "depreciationAndAmortization": "298788000", "incomeBeforeTax": "90280000", "incomeTaxExpense": "2121000", "interestAndDebtExpense": "None", "netIncomeFromContinuingOperations": "88159000", "comprehensiveIncomeNetOfTax": "None", "ebit": "144062000", "ebitda": "442850000", "netIncome": "65134000"}, {"fiscalDateEnding": "2018-03-31", "reportedCurrency": "USD", "grossProfit": "483465000", "totalRevenue": "744368000", "costOfRevenue": "260903000", "costofGoodsAndServicesSold": "260903000", "operatingIncome": "143813000", "sellingGeneralAndAdministrative": "40020000", "researchAndDevelopment": "0", "operatingExpenses": "335240000", "investmentIncomeNet": "None", "netInterestIncome": "None", "interestIncome": "None", "interestExpense": "77027000", "nonInterestIncome": "None", "otherNonOperatingIncome": "46641000", "depreciation": "None", "depreciationAndAmortization": "294789000", "incomeBeforeTax": "113469000", "incomeTaxExpense": "3374000", "interestAndDebtExpense": "None", "netIncomeFromContinuingOperations": "110095000", "comprehensiveIncomeNetOfTax": "None", "ebit": "143813000", "ebitda": "438602000", "netIncome": "86298000"}, {"fiscalDateEnding": "2017-12-31", "reportedCurrency": "USD", "grossProfit": "469597000", "totalRevenue": "731445000", "costOfRevenue": "261848000", "costofGoodsAndServicesSold": "261848000", "operatingIncome": "117198000", "sellingGeneralAndAdministrative": "47534000", "researchAndDevelopment": "0", "operatingExpenses": "335509000", "investmentIncomeNet": "None", "netInterestIncome": "None", "interestIncome": "None", "interestExpense": "73989000", "nonInterestIncome": "None", "otherNonOperatingIncome": "36994000", "depreciation": "None", "depreciationAndAmortization": "287973000", "incomeBeforeTax": "80203000", "incomeTaxExpense": "545000", "interestAndDebtExpense": "None", "netIncomeFromContinuingOperations": "79658000", "comprehensiveIncomeNetOfTax": "None", "ebit": "154192000", "ebitda": "442165000", "netIncome": "73635000"}, {"fiscalDateEnding": "2017-09-30", "reportedCurrency": "USD", "grossProfit": "387278000", "totalRevenue": "609925000", "costOfRevenue": "222647000", "costofGoodsAndServicesSold": "222647000", "operatingIncome": "66157000", "sellingGeneralAndAdministrative": "44067000", "researchAndDevelopment": "0", "operatingExpenses": "247032000", "investmentIncomeNet": "None", "netInterestIncome": "None", "interestIncome": "None", "interestExpense": "71621000", "nonInterestIncome": "None", "otherNonOperatingIncome": "20433000", "depreciation": "None", "depreciationAndAmortization": "199914000", "incomeBeforeTax": "14970000", "incomeTaxExpense": "2494000", "interestAndDebtExpense": "None", "netIncomeFromContinuingOperations": "12475000", "comprehensiveIncomeNetOfTax": "None", "ebit": "66157000", "ebitda": "266071000", "netIncome": "12436000"}, {"fiscalDateEnding": "2017-06-30", "reportedCurrency": "USD", "grossProfit": "363112000", "totalRevenue": "565989000", "costOfRevenue": "202877000", "costofGoodsAndServicesSold": "202877000", "operatingIncome": "130657000", "sellingGeneralAndAdministrative": "40085000", "researchAndDevelopment": "0", "operatingExpenses": "218220000", "investmentIncomeNet": "None", "netInterestIncome": "None", "interestIncome": "None", "interestExpense": "57582000", "nonInterestIncome": "None", "otherNonOperatingIncome": "9135000", "depreciation": "None", "depreciationAndAmortization": "178111000", "incomeBeforeTax": "82210000", "incomeTaxExpense": "2639000", "interestAndDebtExpense": "None", "netIncomeFromContinuingOperations": "79571000", "comprehensiveIncomeNetOfTax": "None", "ebit": "130657000", "ebitda": "308768000", "netIncome": "78651000"}, {"fiscalDateEnding": "2017-03-31", "reportedCurrency": "USD", "grossProfit": "354311000", "totalRevenue": "550569000", "costOfRevenue": "196258000", "costofGoodsAndServicesSold": "196258000", "operatingIncome": "137283000", "sellingGeneralAndAdministrative": "36370000", "researchAndDevelopment": "0", "operatingExpenses": "212836000", "investmentIncomeNet": "None", "netInterestIncome": "None", "interestIncome": "None", "interestExpense": "55450000", "nonInterestIncome": "None", "otherNonOperatingIncome": "4953000", "depreciation": "None", "depreciationAndAmortization": "176466000", "incomeBeforeTax": "86786000", "incomeTaxExpense": "2223000", "interestAndDebtExpense": "None", "netIncomeFromContinuingOperations": "84563000", "comprehensiveIncomeNetOfTax": "None", "ebit": "137283000", "ebitda": "313749000", "netIncome": "66145000"}, {"fiscalDateEnding": "2016-12-31", "reportedCurrency": "USD", "grossProfit": "380422000", "totalRevenue": "576787000", "costOfRevenue": "196365000", "costofGoodsAndServicesSold": "196365000", "operatingIncome": "151122000", "sellingGeneralAndAdministrative": "42850000", "researchAndDevelopment": "0", "operatingExpenses": "219667000", "investmentIncomeNet": "None", "netInterestIncome": "None", "interestIncome": "None", "interestExpense": "57196000", "nonInterestIncome": "None", "otherNonOperatingIncome": "None", "depreciation": "None", "depreciationAndAmortization": "176581000", "incomeBeforeTax": "98444000", "incomeTaxExpense": "2304000", "interestAndDebtExpense": "None", "netIncomeFromContinuingOperations": "179142000", "comprehensiveIncomeNetOfTax": "None", "ebit": "160083000", "ebitda": "336664000", "netIncome": "77682000"}, {"fiscalDateEnding": "2016-09-30", "reportedCurrency": "USD", "grossProfit": "348481000", "totalRevenue": "546293000", "costOfRevenue": "197812000", "costofGoodsAndServicesSold": "197812000", "operatingIncome": "115750000", "sellingGeneralAndAdministrative": "46025000", "researchAndDevelopment": "0", "operatingExpenses": "224136000", "investmentIncomeNet": "None", "netInterestIncome": "None", "interestIncome": "None", "interestExpense": "63084000", "nonInterestIncome": "None", "otherNonOperatingIncome": "173489000", "depreciation": "None", "depreciationAndAmortization": "178133000", "incomeBeforeTax": "226155000", "incomeTaxExpense": "3720000", "interestAndDebtExpense": "None", "netIncomeFromContinuingOperations": "222435000", "comprehensiveIncomeNetOfTax": "None", "ebit": "115750000", "ebitda": "293883000", "netIncome": "187330000"}, {"fiscalDateEnding": "2016-06-30", "reportedCurrency": "USD", "grossProfit": "327937000", "totalRevenue": "514934000", "costOfRevenue": "186997000", "costofGoodsAndServicesSold": "186997000", "operatingIncome": "112298000", "sellingGeneralAndAdministrative": "34922000", "researchAndDevelopment": "0", "operatingExpenses": "210516000", "investmentIncomeNet": "None", "netInterestIncome": "None", "interestIncome": "None", "interestExpense": "63234000", "nonInterestIncome": "None", "otherNonOperatingIncome": "807000", "depreciation": "None", "depreciationAndAmortization": "175594000", "incomeBeforeTax": "53196000", "incomeTaxExpense": "2252000", "interestAndDebtExpense": "None", "netIncomeFromContinuingOperations": "50944000", "comprehensiveIncomeNetOfTax": "None", "ebit": "116430000", "ebitda": "292024000", "netIncome": "50375000"}, {"fiscalDateEnding": "2016-03-31", "reportedCurrency": "USD", "grossProfit": "322699000", "totalRevenue": "504199000", "costOfRevenue": "181500000", "costofGoodsAndServicesSold": "181500000", "operatingIncome": "118116000", "sellingGeneralAndAdministrative": "32220000", "researchAndDevelopment": "0", "operatingExpenses": "201235000", "investmentIncomeNet": "None", "netInterestIncome": "None", "interestIncome": "None", "interestExpense": "57885000", "nonInterestIncome": "None", "otherNonOperatingIncome": "3587000", "depreciation": "None", "depreciationAndAmortization": "169016000", "incomeBeforeTax": "64442000", "incomeTaxExpense": "2109000", "interestAndDebtExpense": "None", "netIncomeFromContinuingOperations": "62333000", "comprehensiveIncomeNetOfTax": "None", "ebit": "122327000", "ebitda": "291343000", "netIncome": "61549000"}, {"fiscalDateEnding": "2015-12-31", "reportedCurrency": "USD", "grossProfit": "316587000", "totalRevenue": "500443000", "costOfRevenue": "183856000", "costofGoodsAndServicesSold": "183856000", "operatingIncome": "41271000", "sellingGeneralAndAdministrative": "32222000", "researchAndDevelopment": "0", "operatingExpenses": "266092000", "investmentIncomeNet": "None", "netInterestIncome": "None", "interestIncome": "None", "interestExpense": "61219000", "nonInterestIncome": "None", "otherNonOperatingIncome": "4141000", "depreciation": "None", "depreciationAndAmortization": "172956000", "incomeBeforeTax": "-16305000", "incomeTaxExpense": "268000", "interestAndDebtExpense": "None", "netIncomeFromContinuingOperations": "-16573000", "comprehensiveIncomeNetOfTax": "None", "ebit": "45053000", "ebitda": "218009000", "netIncome": "-15983000"}, {"fiscalDateEnding": "2015-09-30", "reportedCurrency": "USD", "grossProfit": "275498000", "totalRevenue": "435989000", "costOfRevenue": "160491000", "costofGoodsAndServicesSold": "160491000", "operatingIncome": "104130000", "sellingGeneralAndAdministrative": "28571000", "researchAndDevelopment": "0", "operatingExpenses": "165596000", "investmentIncomeNet": "None", "netInterestIncome": "None", "interestIncome": "None", "interestExpense": "48496000", "nonInterestIncome": "None", "otherNonOperatingIncome": "3604000", "depreciation": "None", "depreciationAndAmortization": "136974000", "incomeBeforeTax": "59596000", "incomeTaxExpense": "1754000", "interestAndDebtExpense": "None", "netIncomeFromContinuingOperations": "57842000", "comprehensiveIncomeNetOfTax": "None", "ebit": "108092000", "ebitda": "245066000", "netIncome": "56978000"}, {"fiscalDateEnding": "2015-06-30", "reportedCurrency": "USD", "grossProfit": "269856000", "totalRevenue": "420295000", "costOfRevenue": "150439000", "costofGoodsAndServicesSold": "150439000", "operatingIncome": "107053000", "sellingGeneralAndAdministrative": "26466000", "researchAndDevelopment": "0", "operatingExpenses": "157984000", "investmentIncomeNet": "None", "netInterestIncome": "None", "interestIncome": "None", "interestExpense": "46345000", "nonInterestIncome": "None", "otherNonOperatingIncome": "79673000", "depreciation": "None", "depreciationAndAmortization": "131524000", "incomeBeforeTax": "140612000", "incomeTaxExpense": "2615000", "interestAndDebtExpense": "None", "netIncomeFromContinuingOperations": "137997000", "comprehensiveIncomeNetOfTax": "None", "ebit": "115255000", "ebitda": "246779000", "netIncome": "117055000"}, {"fiscalDateEnding": "2015-03-31", "reportedCurrency": "USD", "grossProfit": "258783000", "totalRevenue": "406609000", "costOfRevenue": "147826000", "costofGoodsAndServicesSold": "147826000", "operatingIncome": "149318000", "sellingGeneralAndAdministrative": "21953000", "researchAndDevelopment": "0", "operatingExpenses": "151010000", "investmentIncomeNet": "None", "netInterestIncome": "None", "interestIncome": "None", "interestExpense": "47756000", "nonInterestIncome": "None", "otherNonOperatingIncome": "20148000", "depreciation": "None", "depreciationAndAmortization": "129073000", "incomeBeforeTax": "124000000", "incomeTaxExpense": "1675000", "interestAndDebtExpense": "None", "netIncomeFromContinuingOperations": "122325000", "comprehensiveIncomeNetOfTax": "None", "ebit": "112391000", "ebitda": "241464000", "netIncome": "101728000"}, {"fiscalDateEnding": "2014-12-31", "reportedCurrency": "USD", "grossProfit": "261576000", "totalRevenue": "412216000", "costOfRevenue": "150640000", "costofGoodsAndServicesSold": "150640000", "operatingIncome": "-6166000", "sellingGeneralAndAdministrative": "23660000", "researchAndDevelopment": "0", "operatingExpenses": "157440000", "investmentIncomeNet": "None", "netInterestIncome": "None", "interestIncome": "None", "interestExpense": "46396000", "nonInterestIncome": "None", "otherNonOperatingIncome": "3023000", "depreciation": "None", "depreciationAndAmortization": "133327000", "incomeBeforeTax": "-33594000", "incomeTaxExpense": "1201000", "interestAndDebtExpense": "None", "netIncomeFromContinuingOperations": "-50740000", "comprehensiveIncomeNetOfTax": "None", "ebit": "12802000", "ebitda": "146129000", "netIncome": "-33834000"}, {"fiscalDateEnding": "2014-09-30", "reportedCurrency": "USD", "grossProfit": "255467000", "totalRevenue": "412186000", "costOfRevenue": "156719000", "costofGoodsAndServicesSold": "156719000", "operatingIncome": "82372000", "sellingGeneralAndAdministrative": "22854000", "researchAndDevelopment": "0", "operatingExpenses": "161916000", "investmentIncomeNet": "None", "netInterestIncome": "None", "interestIncome": "None", "interestExpense": "48169000", "nonInterestIncome": "None", "otherNonOperatingIncome": "3638000", "depreciation": "None", "depreciationAndAmortization": "137474000", "incomeBeforeTax": "131339000", "incomeTaxExpense": "1178000", "interestAndDebtExpense": "None", "netIncomeFromContinuingOperations": "36663000", "comprehensiveIncomeNetOfTax": "None", "ebit": "97384000", "ebitda": "234858000", "netIncome": "109314000"}, {"fiscalDateEnding": "2014-06-30", "reportedCurrency": "USD", "grossProfit": "253934000", "totalRevenue": "401446000", "costOfRevenue": "147512000", "costofGoodsAndServicesSold": "147512000", "operatingIncome": "92453000", "sellingGeneralAndAdministrative": "22217000", "researchAndDevelopment": "0", "operatingExpenses": "159960000", "investmentIncomeNet": "None", "netInterestIncome": "None", "interestIncome": "None", "interestExpense": "49229000", "nonInterestIncome": "None", "otherNonOperatingIncome": "19046000", "depreciation": "None", "depreciationAndAmortization": "137092000", "incomeBeforeTax": "62353000", "incomeTaxExpense": "1021000", "interestAndDebtExpense": "None", "netIncomeFromContinuingOperations": "61332000", "comprehensiveIncomeNetOfTax": "None", "ebit": "97451000", "ebitda": "234543000", "netIncome": "60339000"}, {"fiscalDateEnding": "2014-03-31", "reportedCurrency": "USD", "grossProfit": "250405000", "totalRevenue": "390590000", "costOfRevenue": "140185000", "costofGoodsAndServicesSold": "140185000", "operatingIncome": "90007000", "sellingGeneralAndAdministrative": "33100000", "researchAndDevelopment": "0", "operatingExpenses": "163720000", "investmentIncomeNet": "None", "netInterestIncome": "None", "interestIncome": "None", "interestExpense": "47374000", "nonInterestIncome": "None", "otherNonOperatingIncome": "4016000", "depreciation": "None", "depreciationAndAmortization": "130620000", "incomeBeforeTax": "48555000", "incomeTaxExpense": "1838000", "interestAndDebtExpense": "None", "netIncomeFromContinuingOperations": "44811000", "comprehensiveIncomeNetOfTax": "None", "ebit": "95929000", "ebitda": "226549000", "netIncome": "45912000"}, {"fiscalDateEnding": "2013-12-31", "reportedCurrency": "USD", "grossProfit": "243638000", "totalRevenue": "380931000", "costOfRevenue": "137293000", "costofGoodsAndServicesSold": "137293000", "operatingIncome": "98055000", "sellingGeneralAndAdministrative": "17692000", "researchAndDevelopment": "0", "operatingExpenses": "144475000", "investmentIncomeNet": "None", "netInterestIncome": "None", "interestIncome": "None", "interestExpense": "45904000", "nonInterestIncome": "None", "otherNonOperatingIncome": "2580000", "depreciation": "None", "depreciationAndAmortization": "126776000", "incomeBeforeTax": "55194000", "incomeTaxExpense": "-473000", "interestAndDebtExpense": "None", "netIncomeFromContinuingOperations": "55112000", "comprehensiveIncomeNetOfTax": "None", "ebit": "101098000", "ebitda": "227874000", "netIncome": "42977000"}, {"fiscalDateEnding": "2013-09-30", "reportedCurrency": "USD", "grossProfit": "225040000", "totalRevenue": "379456000", "costOfRevenue": "154416000", "costofGoodsAndServicesSold": "154416000", "operatingIncome": "85177000", "sellingGeneralAndAdministrative": "18419000", "researchAndDevelopment": "0", "operatingExpenses": "139620000", "investmentIncomeNet": "None", "netInterestIncome": "None", "interestIncome": "None", "interestExpense": "47869000", "nonInterestIncome": "None", "otherNonOperatingIncome": "1343000", "depreciation": "None", "depreciationAndAmortization": "121198000", "incomeBeforeTax": "153832000", "incomeTaxExpense": "352000", "interestAndDebtExpense": "None", "netIncomeFromContinuingOperations": "38426000", "comprehensiveIncomeNetOfTax": "None", "ebit": "87594000", "ebitda": "208792000", "netIncome": "138872000"}, {"fiscalDateEnding": "2013-06-30", "reportedCurrency": "USD", "grossProfit": "237498000", "totalRevenue": "363502000", "costOfRevenue": "126004000", "costofGoodsAndServicesSold": "126004000", "operatingIncome": "99994000", "sellingGeneralAndAdministrative": "20129000", "researchAndDevelopment": "0", "operatingExpenses": "136013000", "investmentIncomeNet": "None", "netInterestIncome": "None", "interestIncome": "None", "interestExpense": "47589000", "nonInterestIncome": "None", "otherNonOperatingIncome": "1823000", "depreciation": "None", "depreciationAndAmortization": "115867000", "incomeBeforeTax": "59831000", "incomeTaxExpense": "210000", "interestAndDebtExpense": "None", "netIncomeFromContinuingOperations": "54024000", "comprehensiveIncomeNetOfTax": "None", "ebit": "107420000", "ebitda": "223287000", "netIncome": "47077000"}, {"fiscalDateEnding": "2013-03-31", "reportedCurrency": "USD", "grossProfit": "230164000", "totalRevenue": "358370000", "costOfRevenue": "128206000", "costofGoodsAndServicesSold": "128206000", "operatingIncome": "98586000", "sellingGeneralAndAdministrative": "18156000", "researchAndDevelopment": "0", "operatingExpenses": "129815000", "investmentIncomeNet": "None", "netInterestIncome": "None", "interestIncome": "None", "interestExpense": "48078000", "nonInterestIncome": "None", "otherNonOperatingIncome": "2376000", "depreciation": "None", "depreciationAndAmortization": "111623000", "incomeBeforeTax": "52884000", "incomeTaxExpense": "1203000", "interestAndDebtExpense": "None", "netIncomeFromContinuingOperations": "51681000", "comprehensiveIncomeNetOfTax": "None", "ebit": "100962000", "ebitda": "212585000", "netIncome": "42657000"}, {"fiscalDateEnding": "2012-12-31", "reportedCurrency": "USD", "grossProfit": "223775000", "totalRevenue": "349736000", "costOfRevenue": "125961000", "costofGoodsAndServicesSold": "125961000", "operatingIncome": "94638000", "sellingGeneralAndAdministrative": "16088000", "researchAndDevelopment": "0", "operatingExpenses": "123806000", "investmentIncomeNet": "None", "netInterestIncome": "None", "interestIncome": "None", "interestExpense": "40350000", "nonInterestIncome": "None", "otherNonOperatingIncome": "None", "depreciation": "None", "depreciationAndAmortization": "107718000", "incomeBeforeTax": "55905000", "incomeTaxExpense": "10000", "interestAndDebtExpense": "None", "netIncomeFromContinuingOperations": "0", "comprehensiveIncomeNetOfTax": "None", "ebit": "95952000", "ebitda": "203670000", "netIncome": "44815000"}, {"fiscalDateEnding": "2012-09-30", "reportedCurrency": "USD", "grossProfit": "217214000", "totalRevenue": "342479000", "costOfRevenue": "125265000", "costofGoodsAndServicesSold": "125265000", "operatingIncome": "97075000", "sellingGeneralAndAdministrative": "17376000", "researchAndDevelopment": "0", "operatingExpenses": "120139000", "investmentIncomeNet": "None", "netInterestIncome": "None", "interestIncome": "None", "interestExpense": "41047000", "nonInterestIncome": "None", "otherNonOperatingIncome": "None", "depreciation": "None", "depreciationAndAmortization": "101840000", "incomeBeforeTax": "57631000", "incomeTaxExpense": "710000", "interestAndDebtExpense": "None", "netIncomeFromContinuingOperations": "0", "comprehensiveIncomeNetOfTax": "None", "ebit": "98678000", "ebitda": "200518000", "netIncome": "45615000"}, {"fiscalDateEnding": "2012-06-30", "reportedCurrency": "USD", "grossProfit": "199763000", "totalRevenue": "303704000", "costOfRevenue": "103941000", "costofGoodsAndServicesSold": "103941000", "operatingIncome": "88449000", "sellingGeneralAndAdministrative": "21977000", "researchAndDevelopment": "0", "operatingExpenses": "111314000", "investmentIncomeNet": "None", "netInterestIncome": "None", "interestIncome": "None", "interestExpense": "37681000", "nonInterestIncome": "None", "otherNonOperatingIncome": "None", "depreciation": "None", "depreciationAndAmortization": "89000000", "incomeBeforeTax": "55174000", "incomeTaxExpense": "1206000", "interestAndDebtExpense": "None", "netIncomeFromContinuingOperations": "0", "comprehensiveIncomeNetOfTax": "None", "ebit": "92855000", "ebitda": "181855000", "netIncome": "42021000"}, {"fiscalDateEnding": "2012-03-31", "reportedCurrency": "USD", "grossProfit": "187068000", "totalRevenue": "283148000", "costOfRevenue": "96080000", "costofGoodsAndServicesSold": "96080000", "operatingIncome": "85916000", "sellingGeneralAndAdministrative": "17157000", "researchAndDevelopment": "0", "operatingExpenses": "101152000", "investmentIncomeNet": "None", "netInterestIncome": "None", "interestIncome": "None", "interestExpense": "38030000", "nonInterestIncome": "None", "otherNonOperatingIncome": "None", "depreciation": "None", "depreciationAndAmortization": "83995000", "incomeBeforeTax": "49984000", "incomeTaxExpense": "721000", "interestAndDebtExpense": "None", "netIncomeFromContinuingOperations": "0", "comprehensiveIncomeNetOfTax": "None", "ebit": "88014000", "ebitda": "172009000", "netIncome": "39211000"}, {"fiscalDateEnding": "2011-12-31", "reportedCurrency": "USD", "grossProfit": "177068000", "totalRevenue": "270612000", "costOfRevenue": "93544000", "costofGoodsAndServicesSold": "93544000", "operatingIncome": "81299000", "sellingGeneralAndAdministrative": "15157000", "researchAndDevelopment": "0", "operatingExpenses": "95769000", "investmentIncomeNet": "None", "netInterestIncome": "None", "interestIncome": "None", "interestExpense": "36856000", "nonInterestIncome": "None", "otherNonOperatingIncome": "None", "depreciation": "None", "depreciationAndAmortization": "78339000", "incomeBeforeTax": "46033000", "incomeTaxExpense": "-1164000", "interestAndDebtExpense": "None", "netIncomeFromContinuingOperations": "0", "comprehensiveIncomeNetOfTax": "None", "ebit": "85162000", "ebitda": "163501000", "netIncome": "35990000"}, {"fiscalDateEnding": "2011-09-30", "reportedCurrency": "USD", "grossProfit": "170866000", "totalRevenue": "273476000", "costOfRevenue": "102610000", "costofGoodsAndServicesSold": "102610000", "operatingIncome": "71626000", "sellingGeneralAndAdministrative": "20193000", "researchAndDevelopment": "0", "operatingExpenses": "99240000", "investmentIncomeNet": "None", "netInterestIncome": "None", "interestIncome": "None", "interestExpense": "37078000", "nonInterestIncome": "None", "otherNonOperatingIncome": "3602000", "depreciation": "None", "depreciationAndAmortization": "73383000", "incomeBeforeTax": "38150000", "incomeTaxExpense": "461000", "interestAndDebtExpense": "None", "netIncomeFromContinuingOperations": "37689000", "comprehensiveIncomeNetOfTax": "None", "ebit": "80898000", "ebitda": "154281000", "netIncome": "27472000"}, {"fiscalDateEnding": "2011-06-30", "reportedCurrency": "USD", "grossProfit": "170383000", "totalRevenue": "267881000", "costOfRevenue": "97498000", "costofGoodsAndServicesSold": "97498000", "operatingIncome": "76720000", "sellingGeneralAndAdministrative": "16815000", "researchAndDevelopment": "0", "operatingExpenses": "93663000", "investmentIncomeNet": "None", "netInterestIncome": "None", "interestIncome": "None", "interestExpense": "39334000", "nonInterestIncome": "None", "otherNonOperatingIncome": "1075000", "depreciation": "None", "depreciationAndAmortization": "76848000", "incomeBeforeTax": "38824000", "incomeTaxExpense": "233000", "interestAndDebtExpense": "None", "netIncomeFromContinuingOperations": "38228000", "comprehensiveIncomeNetOfTax": "None", "ebit": "77795000", "ebitda": "154643000", "netIncome": "31990000"}, {"fiscalDateEnding": "2011-03-31", "reportedCurrency": "USD", "grossProfit": "163810000", "totalRevenue": "250741000", "costOfRevenue": "86931000", "costofGoodsAndServicesSold": "86931000", "operatingIncome": "74665000", "sellingGeneralAndAdministrative": "15137000", "researchAndDevelopment": "0", "operatingExpenses": "89145000", "investmentIncomeNet": "None", "netInterestIncome": "None", "interestIncome": "None", "interestExpense": "36082000", "nonInterestIncome": "None", "otherNonOperatingIncome": "None", "depreciation": "None", "depreciationAndAmortization": "73918000", "incomeBeforeTax": "39440000", "incomeTaxExpense": "428000", "interestAndDebtExpense": "None", "netIncomeFromContinuingOperations": "-1400000", "comprehensiveIncomeNetOfTax": "None", "ebit": "75522000", "ebitda": "149440000", "netIncome": "30980000"}, {"fiscalDateEnding": "2010-12-31", "reportedCurrency": "USD", "grossProfit": "163776000", "totalRevenue": "238672000", "costOfRevenue": "74896000", "costofGoodsAndServicesSold": "74896000", "operatingIncome": "72560000", "sellingGeneralAndAdministrative": "14833000", "researchAndDevelopment": "0", "operatingExpenses": "91216000", "investmentIncomeNet": "None", "netInterestIncome": "None", "interestIncome": "None", "interestExpense": "36583000", "nonInterestIncome": "None", "otherNonOperatingIncome": "None", "depreciation": "None", "depreciationAndAmortization": "74569000", "incomeBeforeTax": "36556000", "incomeTaxExpense": "258000", "interestAndDebtExpense": "None", "netIncomeFromContinuingOperations": "0", "comprehensiveIncomeNetOfTax": "None", "ebit": "-193122000", "ebitda": "-118553000", "netIncome": "35221000"}, {"fiscalDateEnding": "2010-09-30", "reportedCurrency": "USD", "grossProfit": "149300000", "totalRevenue": "237486000", "costOfRevenue": "88186000", "costofGoodsAndServicesSold": "88186000", "operatingIncome": "60401000", "sellingGeneralAndAdministrative": "18712000", "researchAndDevelopment": "0", "operatingExpenses": "88899000", "investmentIncomeNet": "None", "netInterestIncome": "None", "interestIncome": "None", "interestExpense": "36737000", "nonInterestIncome": "None", "otherNonOperatingIncome": "None", "depreciation": "None", "depreciationAndAmortization": "70128000", "incomeBeforeTax": "25052000", "incomeTaxExpense": "343000", "interestAndDebtExpense": "None", "netIncomeFromContinuingOperations": "0", "comprehensiveIncomeNetOfTax": "None", "ebit": "60706000", "ebitda": "130834000", "netIncome": "23036000"}, {"fiscalDateEnding": "2010-06-30", "reportedCurrency": "USD", "grossProfit": "130310000", "totalRevenue": "197464000", "costOfRevenue": "67154000", "costofGoodsAndServicesSold": "67154000", "operatingIncome": "54150000", "sellingGeneralAndAdministrative": "16300000", "researchAndDevelopment": "0", "operatingExpenses": "76160000", "investmentIncomeNet": "None", "netInterestIncome": "None", "interestIncome": "None", "interestExpense": "33162000", "nonInterestIncome": "None", "otherNonOperatingIncome": "None", "depreciation": "None", "depreciationAndAmortization": "59860000", "incomeBeforeTax": "20436000", "incomeTaxExpense": "534000", "interestAndDebtExpense": "None", "netIncomeFromContinuingOperations": "0", "comprehensiveIncomeNetOfTax": "None", "ebit": "67389000", "ebitda": "127249000", "netIncome": "19192000"}, {"fiscalDateEnding": "2010-03-31", "reportedCurrency": "USD", "grossProfit": "138537000", "totalRevenue": "191779000", "costOfRevenue": "53242000", "costofGoodsAndServicesSold": "53242000", "operatingIncome": "55195000", "sellingGeneralAndAdministrative": "13087000", "researchAndDevelopment": "0", "operatingExpenses": "83342000", "investmentIncomeNet": "None", "netInterestIncome": "None", "interestIncome": "None", "interestExpense": "30902000", "nonInterestIncome": "None", "otherNonOperatingIncome": "None", "depreciation": "None", "depreciationAndAmortization": "57532000", "incomeBeforeTax": "26302000", "incomeTaxExpense": "716000", "interestAndDebtExpense": "None", "netIncomeFromContinuingOperations": "0", "comprehensiveIncomeNetOfTax": "None", "ebit": "57204000", "ebitda": "114736000", "netIncome": "24845000"}, {"fiscalDateEnding": "2009-12-31", "reportedCurrency": "USD", "grossProfit": "115339000", "totalRevenue": "169774000", "costOfRevenue": "54435000", "costofGoodsAndServicesSold": "54435000", "operatingIncome": "50084000", "sellingGeneralAndAdministrative": "13035000", "researchAndDevelopment": "0", "operatingExpenses": "65161000", "investmentIncomeNet": "None", "netInterestIncome": "None", "interestIncome": "None", "interestExpense": "24451000", "nonInterestIncome": "None", "otherNonOperatingIncome": "None", "depreciation": "None", "depreciationAndAmortization": "50296000", "incomeBeforeTax": "24874000", "incomeTaxExpense": "-23000", "interestAndDebtExpense": "None", "netIncomeFromContinuingOperations": "0", "comprehensiveIncomeNetOfTax": "None", "ebit": "51249000", "ebitda": "101545000", "netIncome": "24387000"}, {"fiscalDateEnding": "2009-09-30", "reportedCurrency": "USD", "grossProfit": "117949000", "totalRevenue": "163227000", "costOfRevenue": "45278000", "costofGoodsAndServicesSold": "45278000", "operatingIncome": "45656000", "sellingGeneralAndAdministrative": "12155000", "researchAndDevelopment": "0", "operatingExpenses": "72293000", "investmentIncomeNet": "None", "netInterestIncome": "None", "interestIncome": "None", "interestExpense": "22559000", "nonInterestIncome": "None", "otherNonOperatingIncome": "None", "depreciation": "None", "depreciationAndAmortization": "50439000", "incomeBeforeTax": "24278000", "incomeTaxExpense": "333000", "interestAndDebtExpense": "None", "netIncomeFromContinuingOperations": "0", "comprehensiveIncomeNetOfTax": "None", "ebit": "46837000", "ebitda": "97276000", "netIncome": "22507000"}, {"fiscalDateEnding": "2009-06-30", "reportedCurrency": "USD", "grossProfit": "103557000", "totalRevenue": "155007000", "costOfRevenue": "51450000", "costofGoodsAndServicesSold": "51450000", "operatingIncome": "42846000", "sellingGeneralAndAdministrative": "11528000", "researchAndDevelopment": "0", "operatingExpenses": "60711000", "investmentIncomeNet": "None", "netInterestIncome": "None", "interestIncome": "None", "interestExpense": "22495000", "nonInterestIncome": "None", "otherNonOperatingIncome": "None", "depreciation": "None", "depreciationAndAmortization": "49183000", "incomeBeforeTax": "21495000", "incomeTaxExpense": "292000", "interestAndDebtExpense": "None", "netIncomeFromContinuingOperations": "0", "comprehensiveIncomeNetOfTax": "None", "ebit": "43990000", "ebitda": "93173000", "netIncome": "20372000"}, {"fiscalDateEnding": "2009-03-31", "reportedCurrency": "USD", "grossProfit": "97350000", "totalRevenue": "149134000", "costOfRevenue": "51784000", "costofGoodsAndServicesSold": "51784000", "operatingIncome": "39203000", "sellingGeneralAndAdministrative": "11558000", "researchAndDevelopment": "0", "operatingExpenses": "57862000", "investmentIncomeNet": "None", "netInterestIncome": "None", "interestIncome": "None", "interestExpense": "18937000", "nonInterestIncome": "None", "otherNonOperatingIncome": "None", "depreciation": "None", "depreciationAndAmortization": "44165000", "incomeBeforeTax": "21625000", "incomeTaxExpense": "436000", "interestAndDebtExpense": "None", "netIncomeFromContinuingOperations": "0", "comprehensiveIncomeNetOfTax": "None", "ebit": "3162000", "ebitda": "47327000", "netIncome": "20396000"}, {"fiscalDateEnding": "2008-12-31", "reportedCurrency": "USD", "grossProfit": "97578000", "totalRevenue": "147106000", "costOfRevenue": "49528000", "costofGoodsAndServicesSold": "49528000", "operatingIncome": "40462000", "sellingGeneralAndAdministrative": "9906000", "researchAndDevelopment": "0", "operatingExpenses": "56959000", "investmentIncomeNet": "None", "netInterestIncome": "None", "interestIncome": "None", "interestExpense": "17083000", "nonInterestIncome": "None", "otherNonOperatingIncome": "None", "depreciation": "None", "depreciationAndAmortization": "45026000", "incomeBeforeTax": "25830000", "incomeTaxExpense": "9808000", "interestAndDebtExpense": "None", "netIncomeFromContinuingOperations": "0", "comprehensiveIncomeNetOfTax": "None", "ebit": "44940000", "ebitda": "89966000", "netIncome": "24538000"}, {"fiscalDateEnding": "2008-09-30", "reportedCurrency": "USD", "grossProfit": "93543000", "totalRevenue": "142016000", "costOfRevenue": "48473000", "costofGoodsAndServicesSold": "48473000", "operatingIncome": "33532000", "sellingGeneralAndAdministrative": "11348000", "researchAndDevelopment": "0", "operatingExpenses": "108484000", "investmentIncomeNet": "None", "netInterestIncome": "None", "interestIncome": "None", "interestExpense": "15716000", "nonInterestIncome": "None", "otherNonOperatingIncome": "None", "depreciation": "None", "depreciationAndAmortization": "46520000", "incomeBeforeTax": "19069000", "incomeTaxExpense": "15347000", "interestAndDebtExpense": "None", "netIncomeFromContinuingOperations": "0", "comprehensiveIncomeNetOfTax": "None", "ebit": "32901000", "ebitda": "79421000", "netIncome": "18185000"}, {"fiscalDateEnding": "2008-06-30", "reportedCurrency": "USD", "grossProfit": "78858000", "totalRevenue": "123776000", "costOfRevenue": "44918000", "costofGoodsAndServicesSold": "44918000", "operatingIncome": "28129000", "sellingGeneralAndAdministrative": "11021000", "researchAndDevelopment": "0", "operatingExpenses": "50591000", "investmentIncomeNet": "None", "netInterestIncome": "None", "interestIncome": "None", "interestExpense": "14956000", "nonInterestIncome": "None", "otherNonOperatingIncome": "None", "depreciation": "None", "depreciationAndAmortization": "47059000", "incomeBeforeTax": "14246000", "incomeTaxExpense": "14870000", "interestAndDebtExpense": "None", "netIncomeFromContinuingOperations": "0", "comprehensiveIncomeNetOfTax": "None", "ebit": "21764000", "ebitda": "68823000", "netIncome": "13830000"}, {"fiscalDateEnding": "2008-03-31", "reportedCurrency": "USD", "grossProfit": "82983000", "totalRevenue": "114547000", "costOfRevenue": "31564000", "costofGoodsAndServicesSold": "31564000", "operatingIncome": "25221000", "sellingGeneralAndAdministrative": "8845000", "researchAndDevelopment": "0", "operatingExpenses": "89326000", "investmentIncomeNet": "None", "netInterestIncome": "None", "interestIncome": "None", "interestExpense": "15202000", "nonInterestIncome": "None", "otherNonOperatingIncome": "None", "depreciation": "None", "depreciationAndAmortization": "26233000", "incomeBeforeTax": "11108000", "incomeTaxExpense": "12904000", "interestAndDebtExpense": "None", "netIncomeFromContinuingOperations": "0", "comprehensiveIncomeNetOfTax": "None", "ebit": "38125000", "ebitda": "64358000", "netIncome": "11108000"}, {"fiscalDateEnding": "2007-12-31", "reportedCurrency": "USD", "grossProfit": "46648000", "totalRevenue": "105903000", "costOfRevenue": "59255000", "costofGoodsAndServicesSold": "59255000", "operatingIncome": "20958000", "sellingGeneralAndAdministrative": "8159000", "researchAndDevelopment": "0", "operatingExpenses": "84945000", "investmentIncomeNet": "None", "netInterestIncome": "None", "interestIncome": "None", "interestExpense": "49595000", "nonInterestIncome": "None", "otherNonOperatingIncome": "None", "depreciation": "None", "depreciationAndAmortization": "24042000", "incomeBeforeTax": "31392000", "incomeTaxExpense": "34979000", "interestAndDebtExpense": "None", "netIncomeFromContinuingOperations": "0", "comprehensiveIncomeNetOfTax": "None", "ebit": "34734000", "ebitda": "58776000", "netIncome": "5613000"}, {"fiscalDateEnding": "2007-09-30", "reportedCurrency": "USD", "grossProfit": "74255000", "totalRevenue": "104794000", "costOfRevenue": "30539000", "costofGoodsAndServicesSold": "30539000", "operatingIncome": "21425000", "sellingGeneralAndAdministrative": "7775000", "researchAndDevelopment": "0", "operatingExpenses": "83369000", "investmentIncomeNet": "None", "netInterestIncome": "None", "interestIncome": "None", "interestExpense": "16683000", "nonInterestIncome": "None", "otherNonOperatingIncome": "None", "depreciation": "None", "depreciationAndAmortization": "21961000", "incomeBeforeTax": "5135000", "incomeTaxExpense": "13384000", "interestAndDebtExpense": "None", "netIncomeFromContinuingOperations": "0", "comprehensiveIncomeNetOfTax": "None", "ebit": "35193000", "ebitda": "57154000", "netIncome": "5135000"}, {"fiscalDateEnding": "2007-06-30", "reportedCurrency": "USD", "grossProfit": "71718000", "totalRevenue": "95583000", "costOfRevenue": "23865000", "costofGoodsAndServicesSold": "23865000", "operatingIncome": "22541000", "sellingGeneralAndAdministrative": "8456000", "researchAndDevelopment": "0", "operatingExpenses": "73042000", "investmentIncomeNet": "None", "netInterestIncome": "None", "interestIncome": "None", "interestExpense": "15264000", "nonInterestIncome": "None", "otherNonOperatingIncome": "None", "depreciation": "None", "depreciationAndAmortization": "18448000", "incomeBeforeTax": "7758000", "incomeTaxExpense": "13384000", "interestAndDebtExpense": "None", "netIncomeFromContinuingOperations": "0", "comprehensiveIncomeNetOfTax": "None", "ebit": "35925000", "ebitda": "54373000", "netIncome": "7758000"}, {"fiscalDateEnding": "2007-03-31", "reportedCurrency": "USD", "grossProfit": "67728000", "totalRevenue": "88967000", "costOfRevenue": "21239000", "costofGoodsAndServicesSold": "21239000", "operatingIncome": "21965000", "sellingGeneralAndAdministrative": "7210000", "researchAndDevelopment": "0", "operatingExpenses": "67002000", "investmentIncomeNet": "None", "netInterestIncome": "None", "interestIncome": "None", "interestExpense": "16594000", "nonInterestIncome": "None", "otherNonOperatingIncome": "None", "depreciation": "None", "depreciationAndAmortization": "16829000", "incomeBeforeTax": "22086000", "incomeTaxExpense": "12570000", "interestAndDebtExpense": "None", "netIncomeFromContinuingOperations": "0", "comprehensiveIncomeNetOfTax": "None", "ebit": "34535000", "ebitda": "51364000", "netIncome": "18641000"}, {"fiscalDateEnding": "2006-12-31", "reportedCurrency": "USD", "grossProfit": "222342000", "totalRevenue": "84514000", "costOfRevenue": "-137828000", "costofGoodsAndServicesSold": "-137828000", "operatingIncome": "21658000", "sellingGeneralAndAdministrative": "6535000", "researchAndDevelopment": "0", "operatingExpenses": "62850000", "investmentIncomeNet": "None", "netInterestIncome": "None", "interestIncome": "None", "interestExpense": "51924000", "nonInterestIncome": "None", "otherNonOperatingIncome": "None", "depreciation": "None", "depreciationAndAmortization": "17130000", "incomeBeforeTax": "31392000", "incomeTaxExpense": "24969000", "interestAndDebtExpense": "None", "netIncomeFromContinuingOperations": "0", "comprehensiveIncomeNetOfTax": "None", "ebit": "16609000", "ebitda": "33739000", "netIncome": "6423000"}, {"fiscalDateEnding": "2006-09-30", "reportedCurrency": "USD", "grossProfit": "57715000", "totalRevenue": "73189000", "costOfRevenue": "15474000", "costofGoodsAndServicesSold": "15474000", "operatingIncome": "19192000", "sellingGeneralAndAdministrative": "4986000", "researchAndDevelopment": "0", "operatingExpenses": "53958000", "investmentIncomeNet": "None", "netInterestIncome": "None", "interestIncome": "None", "interestExpense": "14486000", "nonInterestIncome": "None", "otherNonOperatingIncome": "None", "depreciation": "None", "depreciationAndAmortization": "14371000", "incomeBeforeTax": "14787000", "incomeTaxExpense": "14812000", "interestAndDebtExpense": "None", "netIncomeFromContinuingOperations": "0", "comprehensiveIncomeNetOfTax": "None", "ebit": "27847000", "ebitda": "42218000", "netIncome": "11342000"}, {"fiscalDateEnding": "2006-06-30", "reportedCurrency": "USD", "grossProfit": "51090000", "totalRevenue": "64708000", "costOfRevenue": "13618000", "costofGoodsAndServicesSold": "13618000", "operatingIncome": "18591000", "sellingGeneralAndAdministrative": "4674000", "researchAndDevelopment": "0", "operatingExpenses": "45692000", "investmentIncomeNet": "None", "netInterestIncome": "None", "interestIncome": "None", "interestExpense": "11830000", "nonInterestIncome": "None", "otherNonOperatingIncome": "None", "depreciation": "None", "depreciationAndAmortization": "11452000", "incomeBeforeTax": "5095000", "incomeTaxExpense": "21980000", "interestAndDebtExpense": "None", "netIncomeFromContinuingOperations": "0", "comprehensiveIncomeNetOfTax": "None", "ebit": "24867000", "ebitda": "36319000", "netIncome": "5095000"}, {"fiscalDateEnding": "2006-03-31", "reportedCurrency": "USD", "grossProfit": "48787000", "totalRevenue": "60983000", "costOfRevenue": "12196000", "costofGoodsAndServicesSold": "12196000", "operatingIncome": "18131000", "sellingGeneralAndAdministrative": "4246000", "researchAndDevelopment": "0", "operatingExpenses": "42795000", "investmentIncomeNet": "None", "netInterestIncome": "None", "interestIncome": "None", "interestExpense": "11388000", "nonInterestIncome": "None", "otherNonOperatingIncome": "None", "depreciation": "None", "depreciationAndAmortization": "9842000", "incomeBeforeTax": "5087000", "incomeTaxExpense": "21515000", "interestAndDebtExpense": "None", "netIncomeFromContinuingOperations": "0", "comprehensiveIncomeNetOfTax": "None", "ebit": "24140000", "ebitda": "33982000", "netIncome": "5087000"}, {"fiscalDateEnding": "2005-12-31", "reportedCurrency": "USD", "grossProfit": "173920000", "totalRevenue": "62947000", "costOfRevenue": "-110973000", "costofGoodsAndServicesSold": "-110973000", "operatingIncome": "16927000", "sellingGeneralAndAdministrative": "4425000", "researchAndDevelopment": "0", "operatingExpenses": "46145000", "investmentIncomeNet": "None", "netInterestIncome": "None", "interestIncome": "None", "interestExpense": "10643000", "nonInterestIncome": "None", "otherNonOperatingIncome": "None", "depreciation": "None", "depreciationAndAmortization": "10250000", "incomeBeforeTax": "16101000", "incomeTaxExpense": "11499000", "interestAndDebtExpense": "None", "netIncomeFromContinuingOperations": "0", "comprehensiveIncomeNetOfTax": "None", "ebit": "25356000", "ebitda": "35606000", "netIncome": "4602000"}, {"fiscalDateEnding": "2005-09-30", "reportedCurrency": "USD", "grossProfit": "45799000", "totalRevenue": "56556000", "costOfRevenue": "10757000", "costofGoodsAndServicesSold": "10757000", "operatingIncome": "16773000", "sellingGeneralAndAdministrative": "3324000", "researchAndDevelopment": "0", "operatingExpenses": "39783000", "investmentIncomeNet": "None", "netInterestIncome": "None", "interestIncome": "None", "interestExpense": "10373000", "nonInterestIncome": "None", "otherNonOperatingIncome": "None", "depreciation": "None", "depreciationAndAmortization": "9169000", "incomeBeforeTax": "4425000", "incomeTaxExpense": "-17914000", "interestAndDebtExpense": "None", "netIncomeFromContinuingOperations": "0", "comprehensiveIncomeNetOfTax": "None", "ebit": "23566000", "ebitda": "32735000", "netIncome": "4425000"}, {"fiscalDateEnding": "2005-06-30", "reportedCurrency": "USD", "grossProfit": "43088000", "totalRevenue": "49663000", "costOfRevenue": "6575000", "costofGoodsAndServicesSold": "6575000", "operatingIncome": "16763000", "sellingGeneralAndAdministrative": "2453000", "researchAndDevelopment": "0", "operatingExpenses": "32900000", "investmentIncomeNet": "None", "netInterestIncome": "None", "interestIncome": "None", "interestExpense": "8938000", "nonInterestIncome": "None", "otherNonOperatingIncome": "None", "depreciation": "None", "depreciationAndAmortization": "7530000", "incomeBeforeTax": "4335000", "incomeTaxExpense": "-17074000", "interestAndDebtExpense": "None", "netIncomeFromContinuingOperations": "0", "comprehensiveIncomeNetOfTax": "None", "ebit": "22717000", "ebitda": "30247000", "netIncome": "4335000"}, {"fiscalDateEnding": "2005-03-31", "reportedCurrency": "USD", "grossProfit": "30339000", "totalRevenue": "39643000", "costOfRevenue": "9304000", "costofGoodsAndServicesSold": "9304000", "operatingIncome": "13016000", "sellingGeneralAndAdministrative": "2413000", "researchAndDevelopment": "0", "operatingExpenses": "26627000", "investmentIncomeNet": "None", "netInterestIncome": "None", "interestIncome": "None", "interestExpense": "7770000", "nonInterestIncome": "None", "otherNonOperatingIncome": "None", "depreciation": "None", "depreciationAndAmortization": "6801000", "incomeBeforeTax": "2739000", "incomeTaxExpense": "-9568000", "interestAndDebtExpense": "None", "netIncomeFromContinuingOperations": "0", "comprehensiveIncomeNetOfTax": "None", "ebit": "18476000", "ebitda": "25277000", "netIncome": "2739000"}, {"fiscalDateEnding": "2004-12-31", "reportedCurrency": "USD", "grossProfit": "30869000", "totalRevenue": "36205000", "costOfRevenue": "5336000", "costofGoodsAndServicesSold": "5336000", "operatingIncome": "-6912000", "sellingGeneralAndAdministrative": "20774000", "researchAndDevelopment": "0", "operatingExpenses": "54742000", "investmentIncomeNet": "None", "netInterestIncome": "None", "interestIncome": "None", "interestExpense": "10091000", "nonInterestIncome": "None", "otherNonOperatingIncome": "None", "depreciation": "None", "depreciationAndAmortization": "5983000", "incomeBeforeTax": "16642000", "incomeTaxExpense": "5028000", "interestAndDebtExpense": "None", "netIncomeFromContinuingOperations": "0", "comprehensiveIncomeNetOfTax": "None", "ebit": "24774000", "ebitda": "30757000", "netIncome": "-5359000"}]}