{"symbol": "ADM", "annualReports": [{"fiscalDateEnding": "2024-12-31", "reportedCurrency": "USD", "grossProfit": "5778000000", "totalRevenue": "85530000000", "costOfRevenue": "79752000000", "costofGoodsAndServicesSold": "79752000000", "operatingIncome": "2072000000", "sellingGeneralAndAdministrative": "3706000000", "researchAndDevelopment": "256000000", "operatingExpenses": "3706000000", "investmentIncomeNet": "None", "netInterestIncome": "-144000000", "interestIncome": "562000000", "interestExpense": "706000000", "nonInterestIncome": "None", "otherNonOperatingIncome": "None", "depreciation": "None", "depreciationAndAmortization": "1141000000", "incomeBeforeTax": "2255000000", "incomeTaxExpense": "476000000", "interestAndDebtExpense": "None", "netIncomeFromContinuingOperations": "1779000000", "comprehensiveIncomeNetOfTax": "None", "ebit": "2961000000", "ebitda": "4102000000", "netIncome": "1800000000"}, {"fiscalDateEnding": "2023-12-31", "reportedCurrency": "USD", "grossProfit": "7513000000", "totalRevenue": "93935000000", "costOfRevenue": "86422000000", "costofGoodsAndServicesSold": "86422000000", "operatingIncome": "4057000000", "sellingGeneralAndAdministrative": "3456000000", "researchAndDevelopment": "256000000", "operatingExpenses": "3456000000", "investmentIncomeNet": "None", "netInterestIncome": "-148000000", "interestIncome": "499000000", "interestExpense": "647000000", "nonInterestIncome": "None", "otherNonOperatingIncome": "None", "depreciation": "None", "depreciationAndAmortization": "1059000000", "incomeBeforeTax": "4294000000", "incomeTaxExpense": "828000000", "interestAndDebtExpense": "None", "netIncomeFromContinuingOperations": "3466000000", "comprehensiveIncomeNetOfTax": "None", "ebit": "4947000000", "ebitda": "6006000000", "netIncome": "3483000000"}, {"fiscalDateEnding": "2022-12-31", "reportedCurrency": "USD", "grossProfit": "7570000000", "totalRevenue": "101848000000", "costOfRevenue": "94278000000", "costofGoodsAndServicesSold": "94278000000", "operatingIncome": "5695000000", "sellingGeneralAndAdministrative": "3314000000", "researchAndDevelopment": "216000000", "operatingExpenses": "3358000000", "investmentIncomeNet": "None", "netInterestIncome": "-103000000", "interestIncome": "720000000", "interestExpense": "396000000", "nonInterestIncome": "None", "otherNonOperatingIncome": "1190000000", "depreciation": "None", "depreciationAndAmortization": "1029000000", "incomeBeforeTax": "5233000000", "incomeTaxExpense": "868000000", "interestAndDebtExpense": "None", "netIncomeFromContinuingOperations": "4365000000", "comprehensiveIncomeNetOfTax": "None", "ebit": "5638000000", "ebitda": "6667000000", "netIncome": "4340000000"}, {"fiscalDateEnding": "2021-12-31", "reportedCurrency": "USD", "grossProfit": "5987000000", "totalRevenue": "85249000000", "costOfRevenue": "79262000000", "costofGoodsAndServicesSold": "79262000000", "operatingIncome": "3778000000", "sellingGeneralAndAdministrative": "2994000000", "researchAndDevelopment": "171000000", "operatingExpenses": "2994000000", "investmentIncomeNet": "None", "netInterestIncome": "-169000000", "interestIncome": "96000000", "interestExpense": "265000000", "nonInterestIncome": "None", "otherNonOperatingIncome": "749000000", "depreciation": "None", "depreciationAndAmortization": "984000000", "incomeBeforeTax": "3313000000", "incomeTaxExpense": "578000000", "interestAndDebtExpense": "None", "netIncomeFromContinuingOperations": "2735000000", "comprehensiveIncomeNetOfTax": "None", "ebit": "3597000000", "ebitda": "4581000000", "netIncome": "2709000000"}, {"fiscalDateEnding": "2020-12-31", "reportedCurrency": "USD", "grossProfit": "4453000000", "totalRevenue": "64355000000", "costOfRevenue": "59902000000", "costofGoodsAndServicesSold": "59902000000", "operatingIncome": "2711000000", "sellingGeneralAndAdministrative": "2687000000", "researchAndDevelopment": "160000000", "operatingExpenses": "2687000000", "investmentIncomeNet": "None", "netInterestIncome": "-251000000", "interestIncome": "88000000", "interestExpense": "339000000", "nonInterestIncome": "None", "otherNonOperatingIncome": "536000000", "depreciation": "None", "depreciationAndAmortization": "976000000", "incomeBeforeTax": "1883000000", "incomeTaxExpense": "101000000", "interestAndDebtExpense": "None", "netIncomeFromContinuingOperations": "1782000000", "comprehensiveIncomeNetOfTax": "None", "ebit": "2203000000", "ebitda": "3179000000", "netIncome": "1772000000"}, {"fiscalDateEnding": "2019-12-31", "reportedCurrency": "USD", "grossProfit": "4147000000", "totalRevenue": "64656000000", "costOfRevenue": "60509000000", "costofGoodsAndServicesSold": "60509000000", "operatingIncome": "2293000000", "sellingGeneralAndAdministrative": "2493000000", "researchAndDevelopment": "154000000", "operatingExpenses": "2493000000", "investmentIncomeNet": "None", "netInterestIncome": "-210000000", "interestIncome": "192000000", "interestExpense": "402000000", "nonInterestIncome": "None", "otherNonOperatingIncome": "639000000", "depreciation": "None", "depreciationAndAmortization": "992000000", "incomeBeforeTax": "1588000000", "incomeTaxExpense": "209000000", "interestAndDebtExpense": "None", "netIncomeFromContinuingOperations": "1379000000", "comprehensiveIncomeNetOfTax": "None", "ebit": "1588000000", "ebitda": "2580000000", "netIncome": "1379000000"}, {"fiscalDateEnding": "2018-12-31", "reportedCurrency": "USD", "grossProfit": "4181000000", "totalRevenue": "64341000000", "costOfRevenue": "60160000000", "costofGoodsAndServicesSold": "60160000000", "operatingIncome": "1814000000", "sellingGeneralAndAdministrative": "2165000000", "researchAndDevelopment": "141000000", "operatingExpenses": "2165000000", "investmentIncomeNet": "None", "netInterestIncome": "-202000000", "interestIncome": "162000000", "interestExpense": "364000000", "nonInterestIncome": "None", "otherNonOperatingIncome": "579000000", "depreciation": "None", "depreciationAndAmortization": "941000000", "incomeBeforeTax": "2060000000", "incomeTaxExpense": "245000000", "interestAndDebtExpense": "None", "netIncomeFromContinuingOperations": "1815000000", "comprehensiveIncomeNetOfTax": "None", "ebit": "1924000000", "ebitda": "2865000000", "netIncome": "1810000000"}, {"fiscalDateEnding": "2017-12-31", "reportedCurrency": "USD", "grossProfit": "3506000000", "totalRevenue": "60828000000", "costOfRevenue": "57322000000", "costofGoodsAndServicesSold": "57322000000", "operatingIncome": "1289000000", "sellingGeneralAndAdministrative": "1993000000", "researchAndDevelopment": "129000000", "operatingExpenses": "1993000000", "investmentIncomeNet": "None", "netInterestIncome": "-224000000", "interestIncome": "106000000", "interestExpense": "330000000", "nonInterestIncome": "None", "otherNonOperatingIncome": "599000000", "depreciation": "None", "depreciationAndAmortization": "924000000", "incomeBeforeTax": "1609000000", "incomeTaxExpense": "7000000", "interestAndDebtExpense": "None", "netIncomeFromContinuingOperations": "1602000000", "comprehensiveIncomeNetOfTax": "None", "ebit": "1524000000", "ebitda": "2448000000", "netIncome": "1595000000"}, {"fiscalDateEnding": "2016-12-31", "reportedCurrency": "USD", "grossProfit": "3684000000", "totalRevenue": "62346000000", "costOfRevenue": "58662000000", "costofGoodsAndServicesSold": "58662000000", "operatingIncome": "1438000000", "sellingGeneralAndAdministrative": "2045000000", "researchAndDevelopment": "123000000", "operatingExpenses": "2045000000", "investmentIncomeNet": "None", "netInterestIncome": "-201000000", "interestIncome": "92000000", "interestExpense": "293000000", "nonInterestIncome": "None", "otherNonOperatingIncome": "531000000", "depreciation": "None", "depreciationAndAmortization": "900000000", "incomeBeforeTax": "1822000000", "incomeTaxExpense": "534000000", "interestAndDebtExpense": "None", "netIncomeFromContinuingOperations": "1288000000", "comprehensiveIncomeNetOfTax": "None", "ebit": "1652000000", "ebitda": "2552000000", "netIncome": "1279000000"}, {"fiscalDateEnding": "2015-12-31", "reportedCurrency": "USD", "grossProfit": "4020000000", "totalRevenue": "67702000000", "costOfRevenue": "63682000000", "costofGoodsAndServicesSold": "63682000000", "operatingIncome": "1773000000", "sellingGeneralAndAdministrative": "2010000000", "researchAndDevelopment": "122000000", "operatingExpenses": "2010000000", "investmentIncomeNet": "None", "netInterestIncome": "None", "interestIncome": "161000000", "interestExpense": "308000000", "nonInterestIncome": "None", "otherNonOperatingIncome": "782000000", "depreciation": "None", "depreciationAndAmortization": "882000000", "incomeBeforeTax": "2284000000", "incomeTaxExpense": "438000000", "interestAndDebtExpense": "None", "netIncomeFromContinuingOperations": "1846000000", "comprehensiveIncomeNetOfTax": "None", "ebit": "1981000000", "ebitda": "2863000000", "netIncome": "1849000000"}, {"fiscalDateEnding": "2014-12-31", "reportedCurrency": "USD", "grossProfit": "4768000000", "totalRevenue": "81201000000", "costOfRevenue": "76433000000", "costofGoodsAndServicesSold": "76433000000", "operatingIncome": "2616000000", "sellingGeneralAndAdministrative": "1907000000", "researchAndDevelopment": "79000000", "operatingExpenses": "1907000000", "investmentIncomeNet": "None", "netInterestIncome": "None", "interestIncome": "None", "interestExpense": "337000000", "nonInterestIncome": "None", "otherNonOperatingIncome": "711000000", "depreciation": "None", "depreciationAndAmortization": "894000000", "incomeBeforeTax": "3130000000", "incomeTaxExpense": "877000000", "interestAndDebtExpense": "None", "netIncomeFromContinuingOperations": "2253000000", "comprehensiveIncomeNetOfTax": "None", "ebit": "2835000000", "ebitda": "3729000000", "netIncome": "2248000000"}, {"fiscalDateEnding": "2013-12-31", "reportedCurrency": "USD", "grossProfit": "3889000000", "totalRevenue": "89804000000", "costOfRevenue": "85915000000", "costofGoodsAndServicesSold": "85915000000", "operatingIncome": "1819000000", "sellingGeneralAndAdministrative": "1759000000", "researchAndDevelopment": "59000000", "operatingExpenses": "1759000000", "investmentIncomeNet": "None", "netInterestIncome": "None", "interestIncome": "None", "interestExpense": "413000000", "nonInterestIncome": "None", "otherNonOperatingIncome": "566000000", "depreciation": "None", "depreciationAndAmortization": "909000000", "incomeBeforeTax": "2024000000", "incomeTaxExpense": "670000000", "interestAndDebtExpense": "None", "netIncomeFromContinuingOperations": "1354000000", "comprehensiveIncomeNetOfTax": "None", "ebit": "2130000000", "ebitda": "3039000000", "netIncome": "1342000000"}, {"fiscalDateEnding": "2012-12-31", "reportedCurrency": "USD", "grossProfit": "3668000000", "totalRevenue": "89038000000", "costOfRevenue": "85370000000", "costofGoodsAndServicesSold": "85370000000", "operatingIncome": "1765000000", "sellingGeneralAndAdministrative": "1611000000", "researchAndDevelopment": "28000000", "operatingExpenses": "2063000000", "investmentIncomeNet": "None", "netInterestIncome": "None", "interestIncome": "None", "interestExpense": "441000000", "nonInterestIncome": "None", "otherNonOperatingIncome": "None", "depreciation": "None", "depreciationAndAmortization": "848000000", "incomeBeforeTax": "1765000000", "incomeTaxExpense": "523000000", "interestAndDebtExpense": "None", "netIncomeFromContinuingOperations": "None", "comprehensiveIncomeNetOfTax": "None", "ebit": "1979000000", "ebitda": "2827000000", "netIncome": "1223000000"}, {"fiscalDateEnding": "2011-12-31", "reportedCurrency": "USD", "grossProfit": "4300000000", "totalRevenue": "80676000000", "costOfRevenue": "76376000000", "costofGoodsAndServicesSold": "76376000000", "operatingIncome": "3367000000", "sellingGeneralAndAdministrative": "1611000000", "researchAndDevelopment": "56000000", "operatingExpenses": "1611000000", "investmentIncomeNet": "None", "netInterestIncome": "None", "interestIncome": "None", "interestExpense": "482000000", "nonInterestIncome": "None", "otherNonOperatingIncome": "601000000", "depreciation": "None", "depreciationAndAmortization": "877000000", "incomeBeforeTax": "3015000000", "incomeTaxExpense": "997000000", "interestAndDebtExpense": "None", "netIncomeFromContinuingOperations": "1242000000", "comprehensiveIncomeNetOfTax": "None", "ebit": "3367000000", "ebitda": "4244000000", "netIncome": "2036000000"}, {"fiscalDateEnding": "2010-12-31", "reportedCurrency": "USD", "grossProfit": "3843000000", "totalRevenue": "61682000000", "costOfRevenue": "57839000000", "costofGoodsAndServicesSold": "57839000000", "operatingIncome": "3006000000", "sellingGeneralAndAdministrative": "1611000000", "researchAndDevelopment": "60000000", "operatingExpenses": "1398000000", "investmentIncomeNet": "None", "netInterestIncome": "None", "interestIncome": "None", "interestExpense": "422000000", "nonInterestIncome": "None", "otherNonOperatingIncome": "808000000", "depreciation": "None", "depreciationAndAmortization": "912000000", "incomeBeforeTax": "2585000000", "incomeTaxExpense": "666000000", "interestAndDebtExpense": "None", "netIncomeFromContinuingOperations": "2018000000", "comprehensiveIncomeNetOfTax": "None", "ebit": "3463000000", "ebitda": "4375000000", "netIncome": "1930000000"}, {"fiscalDateEnding": "2009-12-31", "reportedCurrency": "USD", "grossProfit": "4089000000", "totalRevenue": "69207000000", "costOfRevenue": "65118000000", "costofGoodsAndServicesSold": "65118000000", "operatingIncome": "2822000000", "sellingGeneralAndAdministrative": "1412000000", "researchAndDevelopment": "56000000", "operatingExpenses": "1412000000", "investmentIncomeNet": "None", "netInterestIncome": "None", "interestIncome": "None", "interestExpense": "430000000", "nonInterestIncome": "None", "otherNonOperatingIncome": "140000000", "depreciation": "None", "depreciationAndAmortization": "743000000", "incomeBeforeTax": "2534000000", "incomeTaxExpense": "827000000", "interestAndDebtExpense": "None", "netIncomeFromContinuingOperations": "1919000000", "comprehensiveIncomeNetOfTax": "None", "ebit": "3176000000", "ebitda": "3919000000", "netIncome": "1707000000"}, {"fiscalDateEnding": "2008-12-31", "reportedCurrency": "USD", "grossProfit": "3842000000", "totalRevenue": "69816000000", "costOfRevenue": "65974000000", "costofGoodsAndServicesSold": "65974000000", "operatingIncome": "2160000000", "sellingGeneralAndAdministrative": "1419000000", "researchAndDevelopment": "50000000", "operatingExpenses": "1419000000", "investmentIncomeNet": "None", "netInterestIncome": "None", "interestIncome": "None", "interestExpense": "469000000", "nonInterestIncome": "None", "otherNonOperatingIncome": "None", "depreciation": "None", "depreciationAndAmortization": "721000000", "incomeBeforeTax": "2624000000", "incomeTaxExpense": "822000000", "interestAndDebtExpense": "None", "netIncomeFromContinuingOperations": "None", "comprehensiveIncomeNetOfTax": "None", "ebit": "3028000000", "ebitda": "3749000000", "netIncome": "1802000000"}, {"fiscalDateEnding": "2007-12-31", "reportedCurrency": "USD", "grossProfit": "3237000000", "totalRevenue": "44018000000", "costOfRevenue": "40781000000", "costofGoodsAndServicesSold": "40781000000", "operatingIncome": "788000000", "sellingGeneralAndAdministrative": "1195000000", "researchAndDevelopment": "49000000", "operatingExpenses": "1195000000", "investmentIncomeNet": "None", "netInterestIncome": "None", "interestIncome": "None", "interestExpense": "477000000", "nonInterestIncome": "None", "otherNonOperatingIncome": "None", "depreciation": "None", "depreciationAndAmortization": "701000000", "incomeBeforeTax": "3154000000", "incomeTaxExpense": "992000000", "interestAndDebtExpense": "None", "netIncomeFromContinuingOperations": "None", "comprehensiveIncomeNetOfTax": "None", "ebit": "3121000000", "ebitda": "3822000000", "netIncome": "2162000000"}, {"fiscalDateEnding": "2006-12-31", "reportedCurrency": "USD", "grossProfit": "2965814000", "totalRevenue": "36596111000", "costOfRevenue": "33630297000", "costofGoodsAndServicesSold": "33630297000", "operatingIncome": "1500171000", "sellingGeneralAndAdministrative": "1192683000", "researchAndDevelopment": "45000000", "operatingExpenses": "1192683000", "investmentIncomeNet": "None", "netInterestIncome": "None", "interestIncome": "None", "interestExpense": "355079000", "nonInterestIncome": "None", "otherNonOperatingIncome": "None", "depreciation": "None", "depreciationAndAmortization": "656714000", "incomeBeforeTax": "1855250000", "incomeTaxExpense": "543180000", "interestAndDebtExpense": "None", "netIncomeFromContinuingOperations": "None", "comprehensiveIncomeNetOfTax": "None", "ebit": "1500171000", "ebitda": "2156885000", "netIncome": "1312070000"}, {"fiscalDateEnding": "2005-12-31", "reportedCurrency": "USD", "grossProfit": "2431339000", "totalRevenue": "35943810000", "costOfRevenue": "33512471000", "costofGoodsAndServicesSold": "33512471000", "operatingIncome": "1222312000", "sellingGeneralAndAdministrative": "1080811000", "researchAndDevelopment": "45000000", "operatingExpenses": "1080811000", "investmentIncomeNet": "None", "netInterestIncome": "None", "interestIncome": "None", "interestExpense": "294063000", "nonInterestIncome": "None", "otherNonOperatingIncome": "None", "depreciation": "None", "depreciationAndAmortization": "664652000", "incomeBeforeTax": "1516375000", "incomeTaxExpense": "471990000", "interestAndDebtExpense": "None", "netIncomeFromContinuingOperations": "None", "comprehensiveIncomeNetOfTax": "None", "ebit": "1222312000", "ebitda": "1886964000", "netIncome": "1044385000"}], "quarterlyReports": [{"fiscalDateEnding": "2024-12-31", "reportedCurrency": "USD", "grossProfit": "1358000000", "totalRevenue": "21498000000", "costOfRevenue": "20140000000", "costofGoodsAndServicesSold": "20140000000", "operatingIncome": "415000000", "sellingGeneralAndAdministrative": "943000000", "researchAndDevelopment": "None", "operatingExpenses": "943000000", "investmentIncomeNet": "None", "netInterestIncome": "-17000000", "interestIncome": "162000000", "interestExpense": "179000000", "nonInterestIncome": "None", "otherNonOperatingIncome": "None", "depreciation": "None", "depreciationAndAmortization": "287000000", "incomeBeforeTax": "667000000", "incomeTaxExpense": "106000000", "interestAndDebtExpense": "None", "netIncomeFromContinuingOperations": "561000000", "comprehensiveIncomeNetOfTax": "None", "ebit": "846000000", "ebitda": "1133000000", "netIncome": "567000000"}, {"fiscalDateEnding": "2024-09-30", "reportedCurrency": "USD", "grossProfit": "1365000000", "totalRevenue": "19937000000", "costOfRevenue": "18572000000", "costofGoodsAndServicesSold": "18572000000", "operatingIncome": "460000000", "sellingGeneralAndAdministrative": "905000000", "researchAndDevelopment": "None", "operatingExpenses": "905000000", "investmentIncomeNet": "None", "netInterestIncome": "-37000000", "interestIncome": "137000000", "interestExpense": "174000000", "nonInterestIncome": "None", "otherNonOperatingIncome": "None", "depreciation": "None", "depreciationAndAmortization": "288000000", "incomeBeforeTax": "108000000", "incomeTaxExpense": "90000000", "interestAndDebtExpense": "None", "netIncomeFromContinuingOperations": "18000000", "comprehensiveIncomeNetOfTax": "None", "ebit": "282000000", "ebitda": "570000000", "netIncome": "18000000"}, {"fiscalDateEnding": "2024-06-30", "reportedCurrency": "USD", "grossProfit": "1396000000", "totalRevenue": "22248000000", "costOfRevenue": "20852000000", "costofGoodsAndServicesSold": "20852000000", "operatingIncome": "494000000", "sellingGeneralAndAdministrative": "907000000", "researchAndDevelopment": "None", "operatingExpenses": "902000000", "investmentIncomeNet": "None", "netInterestIncome": "-47000000", "interestIncome": "140000000", "interestExpense": "187000000", "nonInterestIncome": "None", "otherNonOperatingIncome": "None", "depreciation": "None", "depreciationAndAmortization": "286000000", "incomeBeforeTax": "596000000", "incomeTaxExpense": "115000000", "interestAndDebtExpense": "None", "netIncomeFromContinuingOperations": "481000000", "comprehensiveIncomeNetOfTax": "None", "ebit": "697000000", "ebitda": "983000000", "netIncome": "486000000"}, {"fiscalDateEnding": "2024-03-31", "reportedCurrency": "USD", "grossProfit": "1659000000", "totalRevenue": "21847000000", "costOfRevenue": "20188000000", "costofGoodsAndServicesSold": "20188000000", "operatingIncome": "708000000", "sellingGeneralAndAdministrative": "951000000", "researchAndDevelopment": "None", "operatingExpenses": "951000000", "investmentIncomeNet": "None", "netInterestIncome": "-43000000", "interestIncome": "123000000", "interestExpense": "166000000", "nonInterestIncome": "None", "otherNonOperatingIncome": "None", "depreciation": "None", "depreciationAndAmortization": "280000000", "incomeBeforeTax": "885000000", "incomeTaxExpense": "166000000", "interestAndDebtExpense": "None", "netIncomeFromContinuingOperations": "719000000", "comprehensiveIncomeNetOfTax": "None", "ebit": "1051000000", "ebitda": "1331000000", "netIncome": "729000000"}, {"fiscalDateEnding": "2023-12-31", "reportedCurrency": "USD", "grossProfit": "1061000000", "totalRevenue": "22986000000", "costOfRevenue": "21925000000", "costofGoodsAndServicesSold": "21925000000", "operatingIncome": "153000000", "sellingGeneralAndAdministrative": "919000000", "researchAndDevelopment": "256000000", "operatingExpenses": "908000000", "investmentIncomeNet": "None", "netInterestIncome": "-94000000", "interestIncome": "71000000", "interestExpense": "165000000", "nonInterestIncome": "None", "otherNonOperatingIncome": "None", "depreciation": "None", "depreciationAndAmortization": "277000000", "incomeBeforeTax": "734000000", "incomeTaxExpense": "192000000", "interestAndDebtExpense": "None", "netIncomeFromContinuingOperations": "542000000", "comprehensiveIncomeNetOfTax": "None", "ebit": "899000000", "ebitda": "1176000000", "netIncome": "565000000"}, {"fiscalDateEnding": "2023-09-30", "reportedCurrency": "USD", "grossProfit": "1810000000", "totalRevenue": "21695000000", "costOfRevenue": "19885000000", "costofGoodsAndServicesSold": "19885000000", "operatingIncome": "995000000", "sellingGeneralAndAdministrative": "815000000", "researchAndDevelopment": "None", "operatingExpenses": "815000000", "investmentIncomeNet": "None", "netInterestIncome": "-3000000", "interestIncome": "80000000", "interestExpense": "155000000", "nonInterestIncome": "None", "otherNonOperatingIncome": "None", "depreciation": "None", "depreciationAndAmortization": "261000000", "incomeBeforeTax": "1031000000", "incomeTaxExpense": "207000000", "interestAndDebtExpense": "None", "netIncomeFromContinuingOperations": "824000000", "comprehensiveIncomeNetOfTax": "None", "ebit": "999000000", "ebitda": "1260000000", "netIncome": "821000000"}, {"fiscalDateEnding": "2023-06-30", "reportedCurrency": "USD", "grossProfit": "1883000000", "totalRevenue": "25190000000", "costOfRevenue": "23307000000", "costofGoodsAndServicesSold": "23307000000", "operatingIncome": "1372000000", "sellingGeneralAndAdministrative": "841000000", "researchAndDevelopment": "None", "operatingExpenses": "841000000", "investmentIncomeNet": "None", "netInterestIncome": "-38000000", "interestIncome": "142000000", "interestExpense": "180000000", "nonInterestIncome": "None", "otherNonOperatingIncome": "188000000", "depreciation": "None", "depreciationAndAmortization": "262000000", "incomeBeforeTax": "1132000000", "incomeTaxExpense": "204000000", "interestAndDebtExpense": "None", "netIncomeFromContinuingOperations": "928000000", "comprehensiveIncomeNetOfTax": "None", "ebit": "1372000000", "ebitda": "1634000000", "netIncome": "927000000"}, {"fiscalDateEnding": "2023-03-31", "reportedCurrency": "USD", "grossProfit": "2080000000", "totalRevenue": "24072000000", "costOfRevenue": "21992000000", "costofGoodsAndServicesSold": "21992000000", "operatingIncome": "1199000000", "sellingGeneralAndAdministrative": "881000000", "researchAndDevelopment": "None", "operatingExpenses": "881000000", "investmentIncomeNet": "None", "netInterestIncome": "-13000000", "interestIncome": "134000000", "interestExpense": "147000000", "nonInterestIncome": "None", "otherNonOperatingIncome": "218000000", "depreciation": "None", "depreciationAndAmortization": "259000000", "incomeBeforeTax": "1397000000", "incomeTaxExpense": "225000000", "interestAndDebtExpense": "None", "netIncomeFromContinuingOperations": "1172000000", "comprehensiveIncomeNetOfTax": "None", "ebit": "1544000000", "ebitda": "1803000000", "netIncome": "1170000000"}, {"fiscalDateEnding": "2022-12-31", "reportedCurrency": "USD", "grossProfit": "1762000000", "totalRevenue": "26231000000", "costOfRevenue": "24469000000", "costofGoodsAndServicesSold": "24469000000", "operatingIncome": "1129000000", "sellingGeneralAndAdministrative": "863000000", "researchAndDevelopment": "216000000", "operatingExpenses": "897000000", "investmentIncomeNet": "None", "netInterestIncome": "-17000000", "interestIncome": "212000000", "interestExpense": "134000000", "nonInterestIncome": "None", "otherNonOperatingIncome": "310000000", "depreciation": "None", "depreciationAndAmortization": "254000000", "incomeBeforeTax": "1213000000", "incomeTaxExpense": "189000000", "interestAndDebtExpense": "None", "netIncomeFromContinuingOperations": "1024000000", "comprehensiveIncomeNetOfTax": "None", "ebit": "1344000000", "ebitda": "1598000000", "netIncome": "1019000000"}, {"fiscalDateEnding": "2022-09-30", "reportedCurrency": "USD", "grossProfit": "1811000000", "totalRevenue": "24683000000", "costOfRevenue": "22872000000", "costofGoodsAndServicesSold": "22872000000", "operatingIncome": "1320000000", "sellingGeneralAndAdministrative": "818000000", "researchAndDevelopment": "None", "operatingExpenses": "818000000", "investmentIncomeNet": "None", "netInterestIncome": "-12000000", "interestIncome": "206000000", "interestExpense": "97000000", "nonInterestIncome": "None", "otherNonOperatingIncome": "277000000", "depreciation": "None", "depreciationAndAmortization": "260000000", "incomeBeforeTax": "1230000000", "incomeTaxExpense": "193000000", "interestAndDebtExpense": "None", "netIncomeFromContinuingOperations": "1037000000", "comprehensiveIncomeNetOfTax": "None", "ebit": "1000000000", "ebitda": "1260000000", "netIncome": "1031000000"}, {"fiscalDateEnding": "2022-06-30", "reportedCurrency": "USD", "grossProfit": "2100000000", "totalRevenue": "27284000000", "costOfRevenue": "25184000000", "costofGoodsAndServicesSold": "25184000000", "operatingIncome": "1292000000", "sellingGeneralAndAdministrative": "814000000", "researchAndDevelopment": "None", "operatingExpenses": "814000000", "investmentIncomeNet": "None", "netInterestIncome": "-73000000", "interestIncome": "151000000", "interestExpense": "73000000", "nonInterestIncome": "None", "otherNonOperatingIncome": "307000000", "depreciation": "None", "depreciationAndAmortization": "257000000", "incomeBeforeTax": "1519000000", "incomeTaxExpense": "279000000", "interestAndDebtExpense": "None", "netIncomeFromContinuingOperations": "1240000000", "comprehensiveIncomeNetOfTax": "None", "ebit": "1292000000", "ebitda": "1549000000", "netIncome": "1236000000"}, {"fiscalDateEnding": "2022-03-31", "reportedCurrency": "USD", "grossProfit": "1897000000", "totalRevenue": "23650000000", "costOfRevenue": "21753000000", "costofGoodsAndServicesSold": "21753000000", "operatingIncome": "1305000000", "sellingGeneralAndAdministrative": "829000000", "researchAndDevelopment": "None", "operatingExpenses": "829000000", "investmentIncomeNet": "None", "netInterestIncome": "-92000000", "interestIncome": "171000000", "interestExpense": "92000000", "nonInterestIncome": "None", "otherNonOperatingIncome": "296000000", "depreciation": "None", "depreciationAndAmortization": "257000000", "incomeBeforeTax": "1271000000", "incomeTaxExpense": "207000000", "interestAndDebtExpense": "None", "netIncomeFromContinuingOperations": "1064000000", "comprehensiveIncomeNetOfTax": "None", "ebit": "1074000000", "ebitda": "1331000000", "netIncome": "1054000000"}, {"fiscalDateEnding": "2021-12-31", "reportedCurrency": "USD", "grossProfit": "1650000000", "totalRevenue": "23090000000", "costOfRevenue": "21440000000", "costofGoodsAndServicesSold": "21440000000", "operatingIncome": "1091000000", "sellingGeneralAndAdministrative": "786000000", "researchAndDevelopment": "None", "operatingExpenses": "786000000", "investmentIncomeNet": "None", "netInterestIncome": "-64000000", "interestIncome": "13000000", "interestExpense": "77000000", "nonInterestIncome": "None", "otherNonOperatingIncome": "304000000", "depreciation": "None", "depreciationAndAmortization": "257000000", "incomeBeforeTax": "1011000000", "incomeTaxExpense": "214000000", "interestAndDebtExpense": "None", "netIncomeFromContinuingOperations": "797000000", "comprehensiveIncomeNetOfTax": "None", "ebit": "1090000000", "ebitda": "1347000000", "netIncome": "782000000"}, {"fiscalDateEnding": "2021-09-30", "reportedCurrency": "USD", "grossProfit": "1326000000", "totalRevenue": "20340000000", "costOfRevenue": "19014000000", "costofGoodsAndServicesSold": "19014000000", "operatingIncome": "545000000", "sellingGeneralAndAdministrative": "720000000", "researchAndDevelopment": "None", "operatingExpenses": "720000000", "investmentIncomeNet": "None", "netInterestIncome": "-61000000", "interestIncome": "69000000", "interestExpense": "61000000", "nonInterestIncome": "None", "otherNonOperatingIncome": "110000000", "depreciation": "None", "depreciationAndAmortization": "247000000", "incomeBeforeTax": "653000000", "incomeTaxExpense": "120000000", "interestAndDebtExpense": "None", "netIncomeFromContinuingOperations": "533000000", "comprehensiveIncomeNetOfTax": "None", "ebit": "606000000", "ebitda": "853000000", "netIncome": "526000000"}, {"fiscalDateEnding": "2021-06-30", "reportedCurrency": "USD", "grossProfit": "1463000000", "totalRevenue": "22926000000", "costOfRevenue": "21463000000", "costofGoodsAndServicesSold": "21463000000", "operatingIncome": "684000000", "sellingGeneralAndAdministrative": "739000000", "researchAndDevelopment": "None", "operatingExpenses": "739000000", "investmentIncomeNet": "None", "netInterestIncome": "-40000000", "interestIncome": "173000000", "interestExpense": "40000000", "nonInterestIncome": "None", "otherNonOperatingIncome": "164000000", "depreciation": "None", "depreciationAndAmortization": "243000000", "incomeBeforeTax": "825000000", "incomeTaxExpense": "113000000", "interestAndDebtExpense": "None", "netIncomeFromContinuingOperations": "712000000", "comprehensiveIncomeNetOfTax": "None", "ebit": "647000000", "ebitda": "890000000", "netIncome": "712000000"}, {"fiscalDateEnding": "2021-03-31", "reportedCurrency": "USD", "grossProfit": "1548000000", "totalRevenue": "18893000000", "costOfRevenue": "17345000000", "costofGoodsAndServicesSold": "17345000000", "operatingIncome": "725000000", "sellingGeneralAndAdministrative": "749000000", "researchAndDevelopment": "None", "operatingExpenses": "749000000", "investmentIncomeNet": "None", "netInterestIncome": "-74000000", "interestIncome": "13000000", "interestExpense": "87000000", "nonInterestIncome": "None", "otherNonOperatingIncome": "171000000", "depreciation": "None", "depreciationAndAmortization": "249000000", "incomeBeforeTax": "824000000", "incomeTaxExpense": "131000000", "interestAndDebtExpense": "None", "netIncomeFromContinuingOperations": "693000000", "comprehensiveIncomeNetOfTax": "None", "ebit": "805000000", "ebitda": "1054000000", "netIncome": "689000000"}, {"fiscalDateEnding": "2020-12-31", "reportedCurrency": "USD", "grossProfit": "1352000000", "totalRevenue": "17978000000", "costOfRevenue": "16626000000", "costofGoodsAndServicesSold": "16626000000", "operatingIncome": "814000000", "sellingGeneralAndAdministrative": "664000000", "researchAndDevelopment": "None", "operatingExpenses": "749000000", "investmentIncomeNet": "None", "netInterestIncome": "-52000000", "interestIncome": "17000000", "interestExpense": "69000000", "nonInterestIncome": "None", "otherNonOperatingIncome": "241000000", "depreciation": "None", "depreciationAndAmortization": "249000000", "incomeBeforeTax": "756000000", "incomeTaxExpense": "63000000", "interestAndDebtExpense": "None", "netIncomeFromContinuingOperations": "693000000", "comprehensiveIncomeNetOfTax": "None", "ebit": "615000000", "ebitda": "864000000", "netIncome": "687000000"}, {"fiscalDateEnding": "2020-09-30", "reportedCurrency": "USD", "grossProfit": "1042000000", "totalRevenue": "15126000000", "costOfRevenue": "14084000000", "costofGoodsAndServicesSold": "14084000000", "operatingIncome": "632000000", "sellingGeneralAndAdministrative": "636000000", "researchAndDevelopment": "None", "operatingExpenses": "636000000", "investmentIncomeNet": "None", "netInterestIncome": "-84000000", "interestIncome": "76000000", "interestExpense": "100000000", "nonInterestIncome": "None", "otherNonOperatingIncome": "-102000000", "depreciation": "None", "depreciationAndAmortization": "238000000", "incomeBeforeTax": "200000000", "incomeTaxExpense": "-26000000", "interestAndDebtExpense": "None", "netIncomeFromContinuingOperations": "226000000", "comprehensiveIncomeNetOfTax": "None", "ebit": "413000000", "ebitda": "651000000", "netIncome": "225000000"}, {"fiscalDateEnding": "2020-06-30", "reportedCurrency": "USD", "grossProfit": "1108000000", "totalRevenue": "16281000000", "costOfRevenue": "15173000000", "costofGoodsAndServicesSold": "15173000000", "operatingIncome": "398000000", "sellingGeneralAndAdministrative": "638000000", "researchAndDevelopment": "None", "operatingExpenses": "638000000", "investmentIncomeNet": "None", "netInterestIncome": "-72000000", "interestIncome": "15000000", "interestExpense": "87000000", "nonInterestIncome": "None", "otherNonOperatingIncome": "185000000", "depreciation": "None", "depreciationAndAmortization": "244000000", "incomeBeforeTax": "552000000", "incomeTaxExpense": "80000000", "interestAndDebtExpense": "None", "netIncomeFromContinuingOperations": "472000000", "comprehensiveIncomeNetOfTax": "None", "ebit": "470000000", "ebitda": "714000000", "netIncome": "469000000"}, {"fiscalDateEnding": "2020-03-31", "reportedCurrency": "USD", "grossProfit": "951000000", "totalRevenue": "14970000000", "costOfRevenue": "14019000000", "costofGoodsAndServicesSold": "14019000000", "operatingIncome": "244000000", "sellingGeneralAndAdministrative": "664000000", "researchAndDevelopment": "None", "operatingExpenses": "664000000", "investmentIncomeNet": "None", "netInterestIncome": "-43000000", "interestIncome": "40000000", "interestExpense": "83000000", "nonInterestIncome": "None", "otherNonOperatingIncome": "212000000", "depreciation": "None", "depreciationAndAmortization": "245000000", "incomeBeforeTax": "375000000", "incomeTaxExpense": "-16000000", "interestAndDebtExpense": "None", "netIncomeFromContinuingOperations": "391000000", "comprehensiveIncomeNetOfTax": "None", "ebit": "300000000", "ebitda": "545000000", "netIncome": "391000000"}, {"fiscalDateEnding": "2019-12-31", "reportedCurrency": "USD", "grossProfit": "1169000000", "totalRevenue": "16329000000", "costOfRevenue": "15160000000", "costofGoodsAndServicesSold": "15160000000", "operatingIncome": "770000000", "sellingGeneralAndAdministrative": "654000000", "researchAndDevelopment": "None", "operatingExpenses": "654000000", "investmentIncomeNet": "None", "netInterestIncome": "-45000000", "interestIncome": "50000000", "interestExpense": "95000000", "nonInterestIncome": "None", "otherNonOperatingIncome": "179000000", "depreciation": "None", "depreciationAndAmortization": "251000000", "incomeBeforeTax": "496000000", "incomeTaxExpense": "-3000000", "interestAndDebtExpense": "None", "netIncomeFromContinuingOperations": "499000000", "comprehensiveIncomeNetOfTax": "None", "ebit": "438000000", "ebitda": "689000000", "netIncome": "504000000"}, {"fiscalDateEnding": "2019-09-30", "reportedCurrency": "USD", "grossProfit": "1078000000", "totalRevenue": "16726000000", "costOfRevenue": "15648000000", "costofGoodsAndServicesSold": "15648000000", "operatingIncome": "450000000", "sellingGeneralAndAdministrative": "578000000", "researchAndDevelopment": "None", "operatingExpenses": "578000000", "investmentIncomeNet": "None", "netInterestIncome": "-50000000", "interestIncome": "47000000", "interestExpense": "97000000", "nonInterestIncome": "None", "otherNonOperatingIncome": "153000000", "depreciation": "None", "depreciationAndAmortization": "249000000", "incomeBeforeTax": "503000000", "incomeTaxExpense": "95000000", "interestAndDebtExpense": "None", "netIncomeFromContinuingOperations": "408000000", "comprehensiveIncomeNetOfTax": "None", "ebit": "502000000", "ebitda": "751000000", "netIncome": "407000000"}, {"fiscalDateEnding": "2019-06-30", "reportedCurrency": "USD", "grossProfit": "972000000", "totalRevenue": "16297000000", "costOfRevenue": "15325000000", "costofGoodsAndServicesSold": "15325000000", "operatingIncome": "504000000", "sellingGeneralAndAdministrative": "602000000", "researchAndDevelopment": "None", "operatingExpenses": "602000000", "investmentIncomeNet": "None", "netInterestIncome": "-63000000", "interestIncome": "46000000", "interestExpense": "109000000", "nonInterestIncome": "None", "otherNonOperatingIncome": "149000000", "depreciation": "None", "depreciationAndAmortization": "248000000", "incomeBeforeTax": "274000000", "incomeTaxExpense": "36000000", "interestAndDebtExpense": "None", "netIncomeFromContinuingOperations": "238000000", "comprehensiveIncomeNetOfTax": "None", "ebit": "376000000", "ebitda": "624000000", "netIncome": "235000000"}, {"fiscalDateEnding": "2019-03-31", "reportedCurrency": "USD", "grossProfit": "928000000", "totalRevenue": "15304000000", "costOfRevenue": "14376000000", "costofGoodsAndServicesSold": "14376000000", "operatingIncome": "412000000", "sellingGeneralAndAdministrative": "659000000", "researchAndDevelopment": "None", "operatingExpenses": "659000000", "investmentIncomeNet": "None", "netInterestIncome": "-52000000", "interestIncome": "19000000", "interestExpense": "101000000", "nonInterestIncome": "None", "otherNonOperatingIncome": "158000000", "depreciation": "None", "depreciationAndAmortization": "245000000", "incomeBeforeTax": "315000000", "incomeTaxExpense": "81000000", "interestAndDebtExpense": "None", "netIncomeFromContinuingOperations": "234000000", "comprehensiveIncomeNetOfTax": "None", "ebit": "271000000", "ebitda": "516000000", "netIncome": "233000000"}, {"fiscalDateEnding": "2018-12-31", "reportedCurrency": "USD", "grossProfit": "1053000000", "totalRevenue": "15947000000", "costOfRevenue": "14894000000", "costofGoodsAndServicesSold": "14894000000", "operatingIncome": "541000000", "sellingGeneralAndAdministrative": "558000000", "researchAndDevelopment": "141000000", "operatingExpenses": "558000000", "investmentIncomeNet": "None", "netInterestIncome": "None", "interestIncome": "None", "interestExpense": "97000000", "nonInterestIncome": "None", "otherNonOperatingIncome": "44000000", "depreciation": "None", "depreciationAndAmortization": "235000000", "incomeBeforeTax": "312000000", "incomeTaxExpense": "-5000000", "interestAndDebtExpense": "None", "netIncomeFromContinuingOperations": "317000000", "comprehensiveIncomeNetOfTax": "None", "ebit": "399000000", "ebitda": "634000000", "netIncome": "315000000"}, {"fiscalDateEnding": "2018-09-30", "reportedCurrency": "USD", "grossProfit": "1058000000", "totalRevenue": "15800000000", "costOfRevenue": "14742000000", "costofGoodsAndServicesSold": "14742000000", "operatingIncome": "477000000", "sellingGeneralAndAdministrative": "534000000", "researchAndDevelopment": "0", "operatingExpenses": "534000000", "investmentIncomeNet": "None", "netInterestIncome": "None", "interestIncome": "None", "interestExpense": "87000000", "nonInterestIncome": "None", "otherNonOperatingIncome": "196000000", "depreciation": "None", "depreciationAndAmortization": "232000000", "incomeBeforeTax": "632000000", "incomeTaxExpense": "96000000", "interestAndDebtExpense": "None", "netIncomeFromContinuingOperations": "536000000", "comprehensiveIncomeNetOfTax": "None", "ebit": "523000000", "ebitda": "755000000", "netIncome": "536000000"}, {"fiscalDateEnding": "2018-06-30", "reportedCurrency": "USD", "grossProfit": "1181000000", "totalRevenue": "17068000000", "costOfRevenue": "15887000000", "costofGoodsAndServicesSold": "15887000000", "operatingIncome": "574000000", "sellingGeneralAndAdministrative": "560000000", "researchAndDevelopment": "0", "operatingExpenses": "560000000", "investmentIncomeNet": "None", "netInterestIncome": "None", "interestIncome": "None", "interestExpense": "89000000", "nonInterestIncome": "None", "otherNonOperatingIncome": "144000000", "depreciation": "None", "depreciationAndAmortization": "239000000", "incomeBeforeTax": "652000000", "incomeTaxExpense": "86000000", "interestAndDebtExpense": "None", "netIncomeFromContinuingOperations": "566000000", "comprehensiveIncomeNetOfTax": "None", "ebit": "623000000", "ebitda": "862000000", "netIncome": "566000000"}, {"fiscalDateEnding": "2018-03-31", "reportedCurrency": "USD", "grossProfit": "889000000", "totalRevenue": "15526000000", "costOfRevenue": "14637000000", "costofGoodsAndServicesSold": "14637000000", "operatingIncome": "318000000", "sellingGeneralAndAdministrative": "513000000", "researchAndDevelopment": "0", "operatingExpenses": "513000000", "investmentIncomeNet": "None", "netInterestIncome": "None", "interestIncome": "None", "interestExpense": "91000000", "nonInterestIncome": "None", "otherNonOperatingIncome": "195000000", "depreciation": "None", "depreciationAndAmortization": "235000000", "incomeBeforeTax": "464000000", "incomeTaxExpense": "68000000", "interestAndDebtExpense": "None", "netIncomeFromContinuingOperations": "396000000", "comprehensiveIncomeNetOfTax": "None", "ebit": "379000000", "ebitda": "614000000", "netIncome": "393000000"}, {"fiscalDateEnding": "2017-12-31", "reportedCurrency": "USD", "grossProfit": "939000000", "totalRevenue": "16070000000", "costOfRevenue": "15131000000", "costofGoodsAndServicesSold": "15131000000", "operatingIncome": "646000000", "sellingGeneralAndAdministrative": "463000000", "researchAndDevelopment": "129000000", "operatingExpenses": "463000000", "investmentIncomeNet": "None", "netInterestIncome": "None", "interestIncome": "None", "interestExpense": "84000000", "nonInterestIncome": "None", "otherNonOperatingIncome": "184000000", "depreciation": "None", "depreciationAndAmortization": "240000000", "incomeBeforeTax": "543000000", "incomeTaxExpense": "-249000000", "interestAndDebtExpense": "None", "netIncomeFromContinuingOperations": "792000000", "comprehensiveIncomeNetOfTax": "None", "ebit": "529000000", "ebitda": "769000000", "netIncome": "788000000"}, {"fiscalDateEnding": "2017-09-30", "reportedCurrency": "USD", "grossProfit": "812000000", "totalRevenue": "14827000000", "costOfRevenue": "14015000000", "costofGoodsAndServicesSold": "14015000000", "operatingIncome": "282000000", "sellingGeneralAndAdministrative": "478000000", "researchAndDevelopment": "0", "operatingExpenses": "478000000", "investmentIncomeNet": "None", "netInterestIncome": "None", "interestIncome": "None", "interestExpense": "79000000", "nonInterestIncome": "None", "otherNonOperatingIncome": "77000000", "depreciation": "None", "depreciationAndAmortization": "232000000", "incomeBeforeTax": "225000000", "incomeTaxExpense": "30000000", "interestAndDebtExpense": "None", "netIncomeFromContinuingOperations": "195000000", "comprehensiveIncomeNetOfTax": "None", "ebit": "320000000", "ebitda": "552000000", "netIncome": "192000000"}, {"fiscalDateEnding": "2017-06-30", "reportedCurrency": "USD", "grossProfit": "887000000", "totalRevenue": "14943000000", "costOfRevenue": "14056000000", "costofGoodsAndServicesSold": "14056000000", "operatingIncome": "457000000", "sellingGeneralAndAdministrative": "531000000", "researchAndDevelopment": "0", "operatingExpenses": "531000000", "investmentIncomeNet": "None", "netInterestIncome": "None", "interestIncome": "None", "interestExpense": "86000000", "nonInterestIncome": "None", "otherNonOperatingIncome": "136000000", "depreciation": "None", "depreciationAndAmortization": "227000000", "incomeBeforeTax": "383000000", "incomeTaxExpense": "108000000", "interestAndDebtExpense": "None", "netIncomeFromContinuingOperations": "275000000", "comprehensiveIncomeNetOfTax": "None", "ebit": "457000000", "ebitda": "684000000", "netIncome": "276000000"}, {"fiscalDateEnding": "2017-03-31", "reportedCurrency": "USD", "grossProfit": "868000000", "totalRevenue": "14988000000", "costOfRevenue": "14120000000", "costofGoodsAndServicesSold": "14120000000", "operatingIncome": "533000000", "sellingGeneralAndAdministrative": "521000000", "researchAndDevelopment": "0", "operatingExpenses": "521000000", "investmentIncomeNet": "None", "netInterestIncome": "None", "interestIncome": "None", "interestExpense": "81000000", "nonInterestIncome": "None", "otherNonOperatingIncome": "202000000", "depreciation": "None", "depreciationAndAmortization": "225000000", "incomeBeforeTax": "458000000", "incomeTaxExpense": "118000000", "interestAndDebtExpense": "None", "netIncomeFromContinuingOperations": "340000000", "comprehensiveIncomeNetOfTax": "None", "ebit": "347000000", "ebitda": "572000000", "netIncome": "339000000"}, {"fiscalDateEnding": "2016-12-31", "reportedCurrency": "USD", "grossProfit": "1026000000", "totalRevenue": "16501000000", "costOfRevenue": "15475000000", "costofGoodsAndServicesSold": "15475000000", "operatingIncome": "715000000", "sellingGeneralAndAdministrative": "470000000", "researchAndDevelopment": "123000000", "operatingExpenses": "470000000", "investmentIncomeNet": "None", "netInterestIncome": "None", "interestIncome": "None", "interestExpense": "80000000", "nonInterestIncome": "None", "otherNonOperatingIncome": "191000000", "depreciation": "None", "depreciationAndAmortization": "222000000", "incomeBeforeTax": "629000000", "incomeTaxExpense": "203000000", "interestAndDebtExpense": "None", "netIncomeFromContinuingOperations": "426000000", "comprehensiveIncomeNetOfTax": "None", "ebit": "556000000", "ebitda": "778000000", "netIncome": "424000000"}, {"fiscalDateEnding": "2016-09-30", "reportedCurrency": "USD", "grossProfit": "1105000000", "totalRevenue": "15832000000", "costOfRevenue": "14727000000", "costofGoodsAndServicesSold": "14727000000", "operatingIncome": "576000000", "sellingGeneralAndAdministrative": "561000000", "researchAndDevelopment": "0", "operatingExpenses": "561000000", "investmentIncomeNet": "None", "netInterestIncome": "None", "interestIncome": "None", "interestExpense": "78000000", "nonInterestIncome": "None", "otherNonOperatingIncome": "25000000", "depreciation": "None", "depreciationAndAmortization": "226000000", "incomeBeforeTax": "480000000", "incomeTaxExpense": "136000000", "interestAndDebtExpense": "None", "netIncomeFromContinuingOperations": "344000000", "comprehensiveIncomeNetOfTax": "None", "ebit": "544000000", "ebitda": "770000000", "netIncome": "341000000"}, {"fiscalDateEnding": "2016-06-30", "reportedCurrency": "USD", "grossProfit": "757000000", "totalRevenue": "15629000000", "costOfRevenue": "14872000000", "costofGoodsAndServicesSold": "14872000000", "operatingIncome": "363000000", "sellingGeneralAndAdministrative": "520000000", "researchAndDevelopment": "0", "operatingExpenses": "520000000", "investmentIncomeNet": "None", "netInterestIncome": "None", "interestIncome": "None", "interestExpense": "65000000", "nonInterestIncome": "None", "otherNonOperatingIncome": "247000000", "depreciation": "None", "depreciationAndAmortization": "221000000", "incomeBeforeTax": "407000000", "incomeTaxExpense": "119000000", "interestAndDebtExpense": "None", "netIncomeFromContinuingOperations": "288000000", "comprehensiveIncomeNetOfTax": "None", "ebit": "237000000", "ebitda": "458000000", "netIncome": "284000000"}, {"fiscalDateEnding": "2016-03-31", "reportedCurrency": "USD", "grossProfit": "796000000", "totalRevenue": "14384000000", "costOfRevenue": "13588000000", "costofGoodsAndServicesSold": "13588000000", "operatingIncome": "273000000", "sellingGeneralAndAdministrative": "475000000", "researchAndDevelopment": "0", "operatingExpenses": "475000000", "investmentIncomeNet": "None", "netInterestIncome": "None", "interestIncome": "None", "interestExpense": "70000000", "nonInterestIncome": "None", "otherNonOperatingIncome": "68000000", "depreciation": "None", "depreciationAndAmortization": "231000000", "incomeBeforeTax": "306000000", "incomeTaxExpense": "76000000", "interestAndDebtExpense": "None", "netIncomeFromContinuingOperations": "230000000", "comprehensiveIncomeNetOfTax": "None", "ebit": "302000000", "ebitda": "533000000", "netIncome": "230000000"}, {"fiscalDateEnding": "2015-12-31", "reportedCurrency": "USD", "grossProfit": "865000000", "totalRevenue": "16445000000", "costOfRevenue": "15580000000", "costofGoodsAndServicesSold": "15580000000", "operatingIncome": "445000000", "sellingGeneralAndAdministrative": "482000000", "researchAndDevelopment": "112000000", "operatingExpenses": "482000000", "investmentIncomeNet": "None", "netInterestIncome": "None", "interestIncome": "None", "interestExpense": "73000000", "nonInterestIncome": "None", "otherNonOperatingIncome": "495000000", "depreciation": "None", "depreciationAndAmortization": "224000000", "incomeBeforeTax": "701000000", "incomeTaxExpense": "-16000000", "interestAndDebtExpense": "None", "netIncomeFromContinuingOperations": "717000000", "comprehensiveIncomeNetOfTax": "None", "ebit": "376000000", "ebitda": "600000000", "netIncome": "718000000"}, {"fiscalDateEnding": "2015-09-30", "reportedCurrency": "USD", "grossProfit": "1089000000", "totalRevenue": "16565000000", "costOfRevenue": "15476000000", "costofGoodsAndServicesSold": "15476000000", "operatingIncome": "522000000", "sellingGeneralAndAdministrative": "511000000", "researchAndDevelopment": "0", "operatingExpenses": "511000000", "investmentIncomeNet": "None", "netInterestIncome": "None", "interestIncome": "None", "interestExpense": "69000000", "nonInterestIncome": "None", "otherNonOperatingIncome": "-77000000", "depreciation": "None", "depreciationAndAmortization": "217000000", "incomeBeforeTax": "367000000", "incomeTaxExpense": "114000000", "interestAndDebtExpense": "None", "netIncomeFromContinuingOperations": "253000000", "comprehensiveIncomeNetOfTax": "None", "ebit": "570000000", "ebitda": "787000000", "netIncome": "252000000"}, {"fiscalDateEnding": "2015-06-30", "reportedCurrency": "USD", "grossProfit": "964000000", "totalRevenue": "17186000000", "costOfRevenue": "16222000000", "costofGoodsAndServicesSold": "16222000000", "operatingIncome": "381000000", "sellingGeneralAndAdministrative": "519000000", "researchAndDevelopment": "0", "operatingExpenses": "519000000", "investmentIncomeNet": "None", "netInterestIncome": "None", "interestIncome": "None", "interestExpense": "85000000", "nonInterestIncome": "None", "otherNonOperatingIncome": "197000000", "depreciation": "None", "depreciationAndAmortization": "225000000", "incomeBeforeTax": "526000000", "incomeTaxExpense": "143000000", "interestAndDebtExpense": "None", "netIncomeFromContinuingOperations": "383000000", "comprehensiveIncomeNetOfTax": "None", "ebit": "439000000", "ebitda": "664000000", "netIncome": "386000000"}, {"fiscalDateEnding": "2015-03-31", "reportedCurrency": "USD", "grossProfit": "1102000000", "totalRevenue": "17506000000", "costOfRevenue": "16404000000", "costofGoodsAndServicesSold": "16404000000", "operatingIncome": "541000000", "sellingGeneralAndAdministrative": "498000000", "researchAndDevelopment": "0", "operatingExpenses": "498000000", "investmentIncomeNet": "None", "netInterestIncome": "None", "interestIncome": "None", "interestExpense": "81000000", "nonInterestIncome": "None", "otherNonOperatingIncome": "167000000", "depreciation": "None", "depreciationAndAmortization": "216000000", "incomeBeforeTax": "690000000", "incomeTaxExpense": "197000000", "interestAndDebtExpense": "None", "netIncomeFromContinuingOperations": "493000000", "comprehensiveIncomeNetOfTax": "None", "ebit": "604000000", "ebitda": "820000000", "netIncome": "493000000"}, {"fiscalDateEnding": "2014-12-31", "reportedCurrency": "USD", "grossProfit": "1451000000", "totalRevenue": "20894000000", "costOfRevenue": "19443000000", "costofGoodsAndServicesSold": "19443000000", "operatingIncome": "1002000000", "sellingGeneralAndAdministrative": "637000000", "researchAndDevelopment": "79000000", "operatingExpenses": "637000000", "investmentIncomeNet": "None", "netInterestIncome": "None", "interestIncome": "None", "interestExpense": "86000000", "nonInterestIncome": "None", "otherNonOperatingIncome": "342000000", "depreciation": "None", "depreciationAndAmortization": "248000000", "incomeBeforeTax": "996000000", "incomeTaxExpense": "291000000", "interestAndDebtExpense": "None", "netIncomeFromContinuingOperations": "705000000", "comprehensiveIncomeNetOfTax": "None", "ebit": "814000000", "ebitda": "1062000000", "netIncome": "701000000"}, {"fiscalDateEnding": "2014-09-30", "reportedCurrency": "USD", "grossProfit": "1470000000", "totalRevenue": "18117000000", "costOfRevenue": "16647000000", "costofGoodsAndServicesSold": "16647000000", "operatingIncome": "1051000000", "sellingGeneralAndAdministrative": "451000000", "researchAndDevelopment": "0", "operatingExpenses": "451000000", "investmentIncomeNet": "None", "netInterestIncome": "None", "interestIncome": "None", "interestExpense": "79000000", "nonInterestIncome": "None", "otherNonOperatingIncome": "93000000", "depreciation": "None", "depreciationAndAmortization": "214000000", "incomeBeforeTax": "1033000000", "incomeTaxExpense": "285000000", "interestAndDebtExpense": "None", "netIncomeFromContinuingOperations": "748000000", "comprehensiveIncomeNetOfTax": "None", "ebit": "1019000000", "ebitda": "1233000000", "netIncome": "747000000"}, {"fiscalDateEnding": "2014-06-30", "reportedCurrency": "USD", "grossProfit": "1172000000", "totalRevenue": "21494000000", "costOfRevenue": "20322000000", "costofGoodsAndServicesSold": "20322000000", "operatingIncome": "691000000", "sellingGeneralAndAdministrative": "426000000", "researchAndDevelopment": "0", "operatingExpenses": "426000000", "investmentIncomeNet": "None", "netInterestIncome": "None", "interestIncome": "None", "interestExpense": "79000000", "nonInterestIncome": "None", "otherNonOperatingIncome": "99000000", "depreciation": "None", "depreciationAndAmortization": "213000000", "incomeBeforeTax": "735000000", "incomeTaxExpense": "203000000", "interestAndDebtExpense": "None", "netIncomeFromContinuingOperations": "532000000", "comprehensiveIncomeNetOfTax": "None", "ebit": "746000000", "ebitda": "959000000", "netIncome": "533000000"}, {"fiscalDateEnding": "2014-03-31", "reportedCurrency": "USD", "grossProfit": "675000000", "totalRevenue": "20696000000", "costOfRevenue": "20021000000", "costofGoodsAndServicesSold": "20021000000", "operatingIncome": "436000000", "sellingGeneralAndAdministrative": "393000000", "researchAndDevelopment": "0", "operatingExpenses": "393000000", "investmentIncomeNet": "None", "netInterestIncome": "None", "interestIncome": "None", "interestExpense": "93000000", "nonInterestIncome": "None", "otherNonOperatingIncome": "177000000", "depreciation": "None", "depreciationAndAmortization": "219000000", "incomeBeforeTax": "366000000", "incomeTaxExpense": "98000000", "interestAndDebtExpense": "None", "netIncomeFromContinuingOperations": "268000000", "comprehensiveIncomeNetOfTax": "None", "ebit": "282000000", "ebitda": "501000000", "netIncome": "267000000"}, {"fiscalDateEnding": "2013-12-31", "reportedCurrency": "USD", "grossProfit": "1170000000", "totalRevenue": "24143000000", "costOfRevenue": "22973000000", "costofGoodsAndServicesSold": "22973000000", "operatingIncome": "954000000", "sellingGeneralAndAdministrative": "442000000", "researchAndDevelopment": "59000000", "operatingExpenses": "442000000", "investmentIncomeNet": "None", "netInterestIncome": "None", "interestIncome": "None", "interestExpense": "95000000", "nonInterestIncome": "None", "otherNonOperatingIncome": "226000000", "depreciation": "None", "depreciationAndAmortization": "228000000", "incomeBeforeTax": "623000000", "incomeTaxExpense": "246000000", "interestAndDebtExpense": "None", "netIncomeFromContinuingOperations": "377000000", "comprehensiveIncomeNetOfTax": "None", "ebit": "728000000", "ebitda": "956000000", "netIncome": "374000000"}, {"fiscalDateEnding": "2013-09-30", "reportedCurrency": "USD", "grossProfit": "1156000000", "totalRevenue": "21393000000", "costOfRevenue": "20237000000", "costofGoodsAndServicesSold": "20237000000", "operatingIncome": "803000000", "sellingGeneralAndAdministrative": "429000000", "researchAndDevelopment": "0", "operatingExpenses": "429000000", "investmentIncomeNet": "None", "netInterestIncome": "None", "interestIncome": "None", "interestExpense": "105000000", "nonInterestIncome": "None", "otherNonOperatingIncome": "110000000", "depreciation": "None", "depreciationAndAmortization": "227000000", "incomeBeforeTax": "709000000", "incomeTaxExpense": "228000000", "interestAndDebtExpense": "None", "netIncomeFromContinuingOperations": "481000000", "comprehensiveIncomeNetOfTax": "None", "ebit": "803000000", "ebitda": "1030000000", "netIncome": "476000000"}, {"fiscalDateEnding": "2013-06-30", "reportedCurrency": "USD", "grossProfit": "807000000", "totalRevenue": "22541000000", "costOfRevenue": "21734000000", "costofGoodsAndServicesSold": "21734000000", "operatingIncome": "454000000", "sellingGeneralAndAdministrative": "452000000", "researchAndDevelopment": "0", "operatingExpenses": "452000000", "investmentIncomeNet": "None", "netInterestIncome": "None", "interestIncome": "None", "interestExpense": "107000000", "nonInterestIncome": "None", "otherNonOperatingIncome": "69000000", "depreciation": "None", "depreciationAndAmortization": "227000000", "incomeBeforeTax": "317000000", "incomeTaxExpense": "91000000", "interestAndDebtExpense": "None", "netIncomeFromContinuingOperations": "226000000", "comprehensiveIncomeNetOfTax": "None", "ebit": "424000000", "ebitda": "651000000", "netIncome": "223000000"}, {"fiscalDateEnding": "2013-03-31", "reportedCurrency": "USD", "grossProfit": "756000000", "totalRevenue": "21727000000", "costOfRevenue": "20971000000", "costofGoodsAndServicesSold": "20971000000", "operatingIncome": "476000000", "sellingGeneralAndAdministrative": "436000000", "researchAndDevelopment": "0", "operatingExpenses": "436000000", "investmentIncomeNet": "None", "netInterestIncome": "None", "interestIncome": "None", "interestExpense": "106000000", "nonInterestIncome": "None", "otherNonOperatingIncome": "161000000", "depreciation": "None", "depreciationAndAmortization": "227000000", "incomeBeforeTax": "375000000", "incomeTaxExpense": "105000000", "interestAndDebtExpense": "None", "netIncomeFromContinuingOperations": "270000000", "comprehensiveIncomeNetOfTax": "None", "ebit": "481000000", "ebitda": "708000000", "netIncome": "269000000"}, {"fiscalDateEnding": "2012-12-31", "reportedCurrency": "USD", "grossProfit": "996000000", "totalRevenue": "24921000000", "costOfRevenue": "23925000000", "costofGoodsAndServicesSold": "23925000000", "operatingIncome": "617000000", "sellingGeneralAndAdministrative": "479000000", "researchAndDevelopment": "None", "operatingExpenses": "379000000", "investmentIncomeNet": "None", "netInterestIncome": "None", "interestIncome": "None", "interestExpense": "106000000", "nonInterestIncome": "None", "otherNonOperatingIncome": "None", "depreciation": "None", "depreciationAndAmortization": "218000000", "incomeBeforeTax": "702000000", "incomeTaxExpense": "192000000", "interestAndDebtExpense": "None", "netIncomeFromContinuingOperations": "None", "comprehensiveIncomeNetOfTax": "None", "ebit": "596000000", "ebitda": "814000000", "netIncome": "510000000"}, {"fiscalDateEnding": "2012-09-30", "reportedCurrency": "USD", "grossProfit": "806000000", "totalRevenue": "21808000000", "costOfRevenue": "21002000000", "costofGoodsAndServicesSold": "21002000000", "operatingIncome": "559000000", "sellingGeneralAndAdministrative": "390000000", "researchAndDevelopment": "0", "operatingExpenses": "390000000", "investmentIncomeNet": "None", "netInterestIncome": "None", "interestIncome": "None", "interestExpense": "106000000", "nonInterestIncome": "None", "otherNonOperatingIncome": "131000000", "depreciation": "None", "depreciationAndAmortization": "217000000", "incomeBeforeTax": "295000000", "incomeTaxExpense": "111000000", "interestAndDebtExpense": "None", "netIncomeFromContinuingOperations": "184000000", "comprehensiveIncomeNetOfTax": "None", "ebit": "401000000", "ebitda": "618000000", "netIncome": "182000000"}, {"fiscalDateEnding": "2012-06-30", "reportedCurrency": "USD", "grossProfit": "813000000", "totalRevenue": "22675000000", "costOfRevenue": "21862000000", "costofGoodsAndServicesSold": "21862000000", "operatingIncome": "549000000", "sellingGeneralAndAdministrative": "394000000", "researchAndDevelopment": "27000000", "operatingExpenses": "394000000", "investmentIncomeNet": "None", "netInterestIncome": "None", "interestIncome": "None", "interestExpense": "116000000", "nonInterestIncome": "None", "otherNonOperatingIncome": "113000000", "depreciation": "None", "depreciationAndAmortization": "220000000", "incomeBeforeTax": "416000000", "incomeTaxExpense": "123000000", "interestAndDebtExpense": "None", "netIncomeFromContinuingOperations": "293000000", "comprehensiveIncomeNetOfTax": "None", "ebit": "532000000", "ebitda": "752000000", "netIncome": "284000000"}, {"fiscalDateEnding": "2012-03-31", "reportedCurrency": "USD", "grossProfit": "1008000000", "totalRevenue": "21155000000", "costOfRevenue": "20147000000", "costofGoodsAndServicesSold": "20147000000", "operatingIncome": "747000000", "sellingGeneralAndAdministrative": "402000000", "researchAndDevelopment": "29000000", "operatingExpenses": "402000000", "investmentIncomeNet": "None", "netInterestIncome": "None", "interestIncome": "None", "interestExpense": "116000000", "nonInterestIncome": "None", "otherNonOperatingIncome": "163000000", "depreciation": "None", "depreciationAndAmortization": "214000000", "incomeBeforeTax": "568000000", "incomeTaxExpense": "163000000", "interestAndDebtExpense": "None", "netIncomeFromContinuingOperations": "405000000", "comprehensiveIncomeNetOfTax": "None", "ebit": "684000000", "ebitda": "898000000", "netIncome": "399000000"}, {"fiscalDateEnding": "2011-12-31", "reportedCurrency": "USD", "grossProfit": "813000000", "totalRevenue": "23306000000", "costOfRevenue": "22493000000", "costofGoodsAndServicesSold": "22493000000", "operatingIncome": "539000000", "sellingGeneralAndAdministrative": "423000000", "researchAndDevelopment": "29000000", "operatingExpenses": "423000000", "investmentIncomeNet": "None", "netInterestIncome": "None", "interestIncome": "None", "interestExpense": "96000000", "nonInterestIncome": "None", "otherNonOperatingIncome": "179000000", "depreciation": "None", "depreciationAndAmortization": "207000000", "incomeBeforeTax": "121000000", "incomeTaxExpense": "38000000", "interestAndDebtExpense": "None", "netIncomeFromContinuingOperations": "83000000", "comprehensiveIncomeNetOfTax": "None", "ebit": "10000000", "ebitda": "217000000", "netIncome": "80000000"}, {"fiscalDateEnding": "2011-09-30", "reportedCurrency": "USD", "grossProfit": "1034000000", "totalRevenue": "21902000000", "costOfRevenue": "20868000000", "costofGoodsAndServicesSold": "20868000000", "operatingIncome": "791000000", "sellingGeneralAndAdministrative": "407000000", "researchAndDevelopment": "0", "operatingExpenses": "407000000", "investmentIncomeNet": "None", "netInterestIncome": "None", "interestIncome": "None", "interestExpense": "113000000", "nonInterestIncome": "None", "otherNonOperatingIncome": "146000000", "depreciation": "None", "depreciationAndAmortization": "207000000", "incomeBeforeTax": "660000000", "incomeTaxExpense": "199000000", "interestAndDebtExpense": "None", "netIncomeFromContinuingOperations": "461000000", "comprehensiveIncomeNetOfTax": "None", "ebit": "773000000", "ebitda": "980000000", "netIncome": "460000000"}, {"fiscalDateEnding": "2011-06-30", "reportedCurrency": "USD", "grossProfit": "1098000000", "totalRevenue": "22870000000", "costOfRevenue": "21772000000", "costofGoodsAndServicesSold": "21772000000", "operatingIncome": "1019000000", "sellingGeneralAndAdministrative": "423000000", "researchAndDevelopment": "60000000", "operatingExpenses": "423000000", "investmentIncomeNet": "None", "netInterestIncome": "None", "interestIncome": "None", "interestExpense": "129000000", "nonInterestIncome": "None", "otherNonOperatingIncome": "571000000", "depreciation": "None", "depreciationAndAmortization": "212000000", "incomeBeforeTax": "764000000", "incomeTaxExpense": "385000000", "interestAndDebtExpense": "None", "netIncomeFromContinuingOperations": "379000000", "comprehensiveIncomeNetOfTax": "None", "ebit": "893000000", "ebitda": "1105000000", "netIncome": "381000000"}, {"fiscalDateEnding": "2011-03-31", "reportedCurrency": "USD", "grossProfit": "1160000000", "totalRevenue": "20077000000", "costOfRevenue": "18917000000", "costofGoodsAndServicesSold": "18917000000", "operatingIncome": "836000000", "sellingGeneralAndAdministrative": "395000000", "researchAndDevelopment": "0", "operatingExpenses": "395000000", "investmentIncomeNet": "None", "netInterestIncome": "None", "interestIncome": "None", "interestExpense": "121000000", "nonInterestIncome": "None", "otherNonOperatingIncome": "26000000", "depreciation": "None", "depreciationAndAmortization": "202000000", "incomeBeforeTax": "791000000", "incomeTaxExpense": "223000000", "interestAndDebtExpense": "None", "netIncomeFromContinuingOperations": "568000000", "comprehensiveIncomeNetOfTax": "None", "ebit": "912000000", "ebitda": "1114000000", "netIncome": "578000000"}, {"fiscalDateEnding": "2010-12-31", "reportedCurrency": "USD", "grossProfit": "1234000000", "totalRevenue": "20930000000", "costOfRevenue": "19696000000", "costofGoodsAndServicesSold": "19696000000", "operatingIncome": "1410000000", "sellingGeneralAndAdministrative": "412000000", "researchAndDevelopment": "0", "operatingExpenses": "412000000", "investmentIncomeNet": "None", "netInterestIncome": "None", "interestIncome": "None", "interestExpense": "232000000", "nonInterestIncome": "None", "otherNonOperatingIncome": "176000000", "depreciation": "None", "depreciationAndAmortization": "211000000", "incomeBeforeTax": "998000000", "incomeTaxExpense": "269000000", "interestAndDebtExpense": "None", "netIncomeFromContinuingOperations": "729000000", "comprehensiveIncomeNetOfTax": "None", "ebit": "1113000000", "ebitda": "1324000000", "netIncome": "732000000"}, {"fiscalDateEnding": "2010-09-30", "reportedCurrency": "USD", "grossProfit": "808000000", "totalRevenue": "16799000000", "costOfRevenue": "15991000000", "costofGoodsAndServicesSold": "15991000000", "operatingIncome": "582000000", "sellingGeneralAndAdministrative": "381000000", "researchAndDevelopment": "0", "operatingExpenses": "381000000", "investmentIncomeNet": "None", "netInterestIncome": "None", "interestIncome": "None", "interestExpense": "117000000", "nonInterestIncome": "None", "otherNonOperatingIncome": "35000000", "depreciation": "None", "depreciationAndAmortization": "252000000", "incomeBeforeTax": "462000000", "incomeTaxExpense": "120000000", "interestAndDebtExpense": "None", "netIncomeFromContinuingOperations": "342000000", "comprehensiveIncomeNetOfTax": "None", "ebit": "579000000", "ebitda": "831000000", "netIncome": "345000000"}, {"fiscalDateEnding": "2010-06-30", "reportedCurrency": "USD", "grossProfit": "926000000", "totalRevenue": "15703000000", "costOfRevenue": "14777000000", "costofGoodsAndServicesSold": "14777000000", "operatingIncome": "699000000", "sellingGeneralAndAdministrative": "331000000", "researchAndDevelopment": "56000000", "operatingExpenses": "331000000", "investmentIncomeNet": "None", "netInterestIncome": "None", "interestIncome": "None", "interestExpense": "118000000", "nonInterestIncome": "None", "otherNonOperatingIncome": "-45000000", "depreciation": "None", "depreciationAndAmortization": "239000000", "incomeBeforeTax": "550000000", "incomeTaxExpense": "105000000", "interestAndDebtExpense": "None", "netIncomeFromContinuingOperations": "445000000", "comprehensiveIncomeNetOfTax": "None", "ebit": "668000000", "ebitda": "907000000", "netIncome": "446000000"}, {"fiscalDateEnding": "2010-03-31", "reportedCurrency": "USD", "grossProfit": "891000000", "totalRevenue": "15145000000", "costOfRevenue": "14254000000", "costofGoodsAndServicesSold": "14254000000", "operatingIncome": "676000000", "sellingGeneralAndAdministrative": "355000000", "researchAndDevelopment": "0", "operatingExpenses": "355000000", "investmentIncomeNet": "None", "netInterestIncome": "None", "interestIncome": "None", "interestExpense": "101000000", "nonInterestIncome": "None", "otherNonOperatingIncome": "-2000000", "depreciation": "None", "depreciationAndAmortization": "242000000", "incomeBeforeTax": "534000000", "incomeTaxExpense": "118000000", "interestAndDebtExpense": "None", "netIncomeFromContinuingOperations": "416000000", "comprehensiveIncomeNetOfTax": "None", "ebit": "635000000", "ebitda": "877000000", "netIncome": "421000000"}, {"fiscalDateEnding": "2009-12-31", "reportedCurrency": "USD", "grossProfit": "1053000000", "totalRevenue": "15913000000", "costOfRevenue": "14860000000", "costofGoodsAndServicesSold": "14860000000", "operatingIncome": "834000000", "sellingGeneralAndAdministrative": "358000000", "researchAndDevelopment": "0", "operatingExpenses": "269000000", "investmentIncomeNet": "None", "netInterestIncome": "None", "interestIncome": "None", "interestExpense": "105000000", "nonInterestIncome": "None", "otherNonOperatingIncome": "89000000", "depreciation": "None", "depreciationAndAmortization": "235000000", "incomeBeforeTax": "784000000", "incomeTaxExpense": "223000000", "interestAndDebtExpense": "None", "netIncomeFromContinuingOperations": "561000000", "comprehensiveIncomeNetOfTax": "None", "ebit": "974000000", "ebitda": "1209000000", "netIncome": "567000000"}, {"fiscalDateEnding": "2009-09-30", "reportedCurrency": "USD", "grossProfit": "973000000", "totalRevenue": "14921000000", "costOfRevenue": "13948000000", "costofGoodsAndServicesSold": "13948000000", "operatingIncome": "771000000", "sellingGeneralAndAdministrative": "354000000", "researchAndDevelopment": "0", "operatingExpenses": "354000000", "investmentIncomeNet": "None", "netInterestIncome": "None", "interestIncome": "None", "interestExpense": "98000000", "nonInterestIncome": "None", "otherNonOperatingIncome": "98000000", "depreciation": "None", "depreciationAndAmortization": "196000000", "incomeBeforeTax": "717000000", "incomeTaxExpense": "220000000", "interestAndDebtExpense": "None", "netIncomeFromContinuingOperations": "497000000", "comprehensiveIncomeNetOfTax": "None", "ebit": "575000000", "ebitda": "771000000", "netIncome": "496000000"}, {"fiscalDateEnding": "2009-06-30", "reportedCurrency": "USD", "grossProfit": "361000000", "totalRevenue": "16532000000", "costOfRevenue": "16171000000", "costofGoodsAndServicesSold": "16171000000", "operatingIncome": "106000000", "sellingGeneralAndAdministrative": "320000000", "researchAndDevelopment": "50000000", "operatingExpenses": "320000000", "investmentIncomeNet": "None", "netInterestIncome": "None", "interestIncome": "None", "interestExpense": "88000000", "nonInterestIncome": "None", "otherNonOperatingIncome": "None", "depreciation": "None", "depreciationAndAmortization": "191000000", "incomeBeforeTax": "62000000", "incomeTaxExpense": "-2000000", "interestAndDebtExpense": "None", "netIncomeFromContinuingOperations": "0", "comprehensiveIncomeNetOfTax": "None", "ebit": "150000000", "ebitda": "341000000", "netIncome": "64000000"}, {"fiscalDateEnding": "2009-03-31", "reportedCurrency": "USD", "grossProfit": "649000000", "totalRevenue": "14842000000", "costOfRevenue": "14193000000", "costofGoodsAndServicesSold": "14193000000", "operatingIncome": "167000000", "sellingGeneralAndAdministrative": "346000000", "researchAndDevelopment": "0", "operatingExpenses": "346000000", "investmentIncomeNet": "None", "netInterestIncome": "None", "interestIncome": "None", "interestExpense": "93000000", "nonInterestIncome": "None", "otherNonOperatingIncome": "None", "depreciation": "None", "depreciationAndAmortization": "182000000", "incomeBeforeTax": "152000000", "incomeTaxExpense": "144000000", "interestAndDebtExpense": "None", "netIncomeFromContinuingOperations": "0", "comprehensiveIncomeNetOfTax": "None", "ebit": "259000000", "ebitda": "441000000", "netIncome": "8000000"}, {"fiscalDateEnding": "2008-12-31", "reportedCurrency": "USD", "grossProfit": "1212000000", "totalRevenue": "16673000000", "costOfRevenue": "15461000000", "costofGoodsAndServicesSold": "15461000000", "operatingIncome": "804000000", "sellingGeneralAndAdministrative": "337000000", "researchAndDevelopment": "0", "operatingExpenses": "337000000", "investmentIncomeNet": "None", "netInterestIncome": "None", "interestIncome": "None", "interestExpense": "71000000", "nonInterestIncome": "None", "otherNonOperatingIncome": "None", "depreciation": "None", "depreciationAndAmortization": "180000000", "incomeBeforeTax": "826000000", "incomeTaxExpense": "241000000", "interestAndDebtExpense": "None", "netIncomeFromContinuingOperations": "0", "comprehensiveIncomeNetOfTax": "None", "ebit": "897000000", "ebitda": "1077000000", "netIncome": "585000000"}, {"fiscalDateEnding": "2008-09-30", "reportedCurrency": "USD", "grossProfit": "1867000000", "totalRevenue": "21160000000", "costOfRevenue": "19293000000", "costofGoodsAndServicesSold": "19293000000", "operatingIncome": "1416000000", "sellingGeneralAndAdministrative": "409000000", "researchAndDevelopment": "0", "operatingExpenses": "409000000", "investmentIncomeNet": "None", "netInterestIncome": "None", "interestIncome": "None", "interestExpense": "78000000", "nonInterestIncome": "None", "otherNonOperatingIncome": "None", "depreciation": "None", "depreciationAndAmortization": "177000000", "incomeBeforeTax": "1494000000", "incomeTaxExpense": "444000000", "interestAndDebtExpense": "None", "netIncomeFromContinuingOperations": "0", "comprehensiveIncomeNetOfTax": "None", "ebit": "1416000000", "ebitda": "1593000000", "netIncome": "1050000000"}, {"fiscalDateEnding": "2008-06-30", "reportedCurrency": "USD", "grossProfit": "807000000", "totalRevenue": "21784000000", "costOfRevenue": "20977000000", "costofGoodsAndServicesSold": "20977000000", "operatingIncome": "368000000", "sellingGeneralAndAdministrative": "348000000", "researchAndDevelopment": "49000000", "operatingExpenses": "348000000", "investmentIncomeNet": "None", "netInterestIncome": "None", "interestIncome": "None", "interestExpense": "170000000", "nonInterestIncome": "None", "otherNonOperatingIncome": "None", "depreciation": "None", "depreciationAndAmortization": "181000000", "incomeBeforeTax": "538000000", "incomeTaxExpense": "166000000", "interestAndDebtExpense": "None", "netIncomeFromContinuingOperations": "0", "comprehensiveIncomeNetOfTax": "None", "ebit": "368000000", "ebitda": "549000000", "netIncome": "372000000"}, {"fiscalDateEnding": "2008-03-31", "reportedCurrency": "USD", "grossProfit": "1157000000", "totalRevenue": "18708000000", "costOfRevenue": "17551000000", "costofGoodsAndServicesSold": "17551000000", "operatingIncome": "789000000", "sellingGeneralAndAdministrative": "378000000", "researchAndDevelopment": "0", "operatingExpenses": "378000000", "investmentIncomeNet": "None", "netInterestIncome": "None", "interestIncome": "None", "interestExpense": "10000000", "nonInterestIncome": "None", "otherNonOperatingIncome": "None", "depreciation": "None", "depreciationAndAmortization": "180000000", "incomeBeforeTax": "755000000", "incomeTaxExpense": "238000000", "interestAndDebtExpense": "None", "netIncomeFromContinuingOperations": "0", "comprehensiveIncomeNetOfTax": "None", "ebit": "779000000", "ebitda": "959000000", "netIncome": "517000000"}, {"fiscalDateEnding": "2007-12-31", "reportedCurrency": "USD", "grossProfit": "948000000", "totalRevenue": "16496000000", "costOfRevenue": "15548000000", "costofGoodsAndServicesSold": "15548000000", "operatingIncome": "546000000", "sellingGeneralAndAdministrative": "338000000", "researchAndDevelopment": "0", "operatingExpenses": "338000000", "investmentIncomeNet": "None", "netInterestIncome": "None", "interestIncome": "None", "interestExpense": "139000000", "nonInterestIncome": "None", "otherNonOperatingIncome": "None", "depreciation": "None", "depreciationAndAmortization": "175000000", "incomeBeforeTax": "685000000", "incomeTaxExpense": "212000000", "interestAndDebtExpense": "None", "netIncomeFromContinuingOperations": "0", "comprehensiveIncomeNetOfTax": "None", "ebit": "546000000", "ebitda": "721000000", "netIncome": "473000000"}, {"fiscalDateEnding": "2007-09-30", "reportedCurrency": "USD", "grossProfit": "930000000", "totalRevenue": "12828000000", "costOfRevenue": "11898000000", "costofGoodsAndServicesSold": "11898000000", "operatingIncome": "721000000", "sellingGeneralAndAdministrative": "354000000", "researchAndDevelopment": "0", "operatingExpenses": "354000000", "investmentIncomeNet": "None", "netInterestIncome": "None", "interestIncome": "None", "interestExpense": "145000000", "nonInterestIncome": "None", "otherNonOperatingIncome": "None", "depreciation": "None", "depreciationAndAmortization": "185000000", "incomeBeforeTax": "647000000", "incomeTaxExpense": "206000000", "interestAndDebtExpense": "None", "netIncomeFromContinuingOperations": "0", "comprehensiveIncomeNetOfTax": "None", "ebit": "576000000", "ebitda": "761000000", "netIncome": "441000000"}, {"fiscalDateEnding": "2007-06-30", "reportedCurrency": "USD", "grossProfit": "717592000", "totalRevenue": "12213889000", "costOfRevenue": "11496297000", "costofGoodsAndServicesSold": "11496297000", "operatingIncome": "-570453000", "sellingGeneralAndAdministrative": "292917000", "researchAndDevelopment": "45000000", "operatingExpenses": "292917000", "investmentIncomeNet": "None", "netInterestIncome": "None", "interestIncome": "None", "interestExpense": "1964269000", "nonInterestIncome": "None", "otherNonOperatingIncome": "None", "depreciation": "None", "depreciationAndAmortization": "181224000", "incomeBeforeTax": "1393816000", "incomeTaxExpense": "438720000", "interestAndDebtExpense": "None", "netIncomeFromContinuingOperations": "0", "comprehensiveIncomeNetOfTax": "None", "ebit": "-570453000", "ebitda": "-389229000", "netIncome": "955096000"}, {"fiscalDateEnding": "2007-03-31", "reportedCurrency": "USD", "grossProfit": "745910000", "totalRevenue": "11381150000", "costOfRevenue": "10635240000", "costofGoodsAndServicesSold": "10635240000", "operatingIncome": "691027000", "sellingGeneralAndAdministrative": "294037000", "researchAndDevelopment": "0", "operatingExpenses": "294037000", "investmentIncomeNet": "None", "netInterestIncome": "None", "interestIncome": "None", "interestExpense": "239154000", "nonInterestIncome": "None", "otherNonOperatingIncome": "None", "depreciation": "None", "depreciationAndAmortization": "174847000", "incomeBeforeTax": "556204000", "incomeTaxExpense": "193313000", "interestAndDebtExpense": "None", "netIncomeFromContinuingOperations": "0", "comprehensiveIncomeNetOfTax": "None", "ebit": "452153000", "ebitda": "627000000", "netIncome": "362891000"}, {"fiscalDateEnding": "2006-12-31", "reportedCurrency": "USD", "grossProfit": "907920000", "totalRevenue": "10976039000", "costOfRevenue": "10068119000", "costofGoodsAndServicesSold": "10068119000", "operatingIncome": "692830000", "sellingGeneralAndAdministrative": "298211000", "researchAndDevelopment": "0", "operatingExpenses": "298211000", "investmentIncomeNet": "None", "netInterestIncome": "None", "interestIncome": "None", "interestExpense": "83121000", "nonInterestIncome": "None", "otherNonOperatingIncome": "None", "depreciation": "None", "depreciationAndAmortization": "173804000", "incomeBeforeTax": "628727000", "incomeTaxExpense": "187459000", "interestAndDebtExpense": "None", "netIncomeFromContinuingOperations": "0", "comprehensiveIncomeNetOfTax": "None", "ebit": "610071000", "ebitda": "783875000", "netIncome": "441268000"}, {"fiscalDateEnding": "2006-09-30", "reportedCurrency": "USD", "grossProfit": "865578000", "totalRevenue": "9446922000", "costOfRevenue": "8581344000", "costofGoodsAndServicesSold": "8581344000", "operatingIncome": "635199000", "sellingGeneralAndAdministrative": "309835000", "researchAndDevelopment": "0", "operatingExpenses": "309835000", "investmentIncomeNet": "None", "netInterestIncome": "None", "interestIncome": "None", "interestExpense": "79456000", "nonInterestIncome": "None", "otherNonOperatingIncome": "None", "depreciation": "None", "depreciationAndAmortization": "171125000", "incomeBeforeTax": "575253000", "incomeTaxExpense": "172508000", "interestAndDebtExpense": "None", "netIncomeFromContinuingOperations": "0", "comprehensiveIncomeNetOfTax": "None", "ebit": "555743000", "ebitda": "726868000", "netIncome": "402745000"}, {"fiscalDateEnding": "2006-06-30", "reportedCurrency": "USD", "grossProfit": "828903000", "totalRevenue": "9547336000", "costOfRevenue": "8718433000", "costofGoodsAndServicesSold": "8718433000", "operatingIncome": "295629000", "sellingGeneralAndAdministrative": "296541000", "researchAndDevelopment": "45000000", "operatingExpenses": "296541000", "investmentIncomeNet": "None", "netInterestIncome": "None", "interestIncome": "None", "interestExpense": "286222000", "nonInterestIncome": "None", "otherNonOperatingIncome": "None", "depreciation": "None", "depreciationAndAmortization": "165934000", "incomeBeforeTax": "581851000", "incomeTaxExpense": "171592000", "interestAndDebtExpense": "None", "netIncomeFromContinuingOperations": "0", "comprehensiveIncomeNetOfTax": "None", "ebit": "295629000", "ebitda": "461563000", "netIncome": "410259000"}, {"fiscalDateEnding": "2006-03-31", "reportedCurrency": "USD", "grossProfit": "770732000", "totalRevenue": "9122841000", "costOfRevenue": "8352109000", "costofGoodsAndServicesSold": "8352109000", "operatingIncome": "499710000", "sellingGeneralAndAdministrative": "297295000", "researchAndDevelopment": "0", "operatingExpenses": "297295000", "investmentIncomeNet": "None", "netInterestIncome": "None", "interestIncome": "None", "interestExpense": "26273000", "nonInterestIncome": "None", "otherNonOperatingIncome": "None", "depreciation": "None", "depreciationAndAmortization": "163515000", "incomeBeforeTax": "492963000", "incomeTaxExpense": "145167000", "interestAndDebtExpense": "None", "netIncomeFromContinuingOperations": "0", "comprehensiveIncomeNetOfTax": "None", "ebit": "473437000", "ebitda": "636952000", "netIncome": "347796000"}, {"fiscalDateEnding": "2005-12-31", "reportedCurrency": "USD", "grossProfit": "783468000", "totalRevenue": "9298985000", "costOfRevenue": "8515517000", "costofGoodsAndServicesSold": "8515517000", "operatingIncome": "587947000", "sellingGeneralAndAdministrative": "294392000", "researchAndDevelopment": "0", "operatingExpenses": "294392000", "investmentIncomeNet": "None", "netInterestIncome": "None", "interestIncome": "None", "interestExpense": "98871000", "nonInterestIncome": "None", "otherNonOperatingIncome": "None", "depreciation": "None", "depreciationAndAmortization": "163092000", "incomeBeforeTax": "506704000", "incomeTaxExpense": "139027000", "interestAndDebtExpense": "None", "netIncomeFromContinuingOperations": "0", "comprehensiveIncomeNetOfTax": "None", "ebit": "489076000", "ebitda": "652168000", "netIncome": "367677000"}, {"fiscalDateEnding": "2005-09-30", "reportedCurrency": "USD", "grossProfit": "582711000", "totalRevenue": "8626949000", "costOfRevenue": "8044238000", "costofGoodsAndServicesSold": "8044238000", "operatingIncome": "282780000", "sellingGeneralAndAdministrative": "304455000", "researchAndDevelopment": "0", "operatingExpenses": "304455000", "investmentIncomeNet": "None", "netInterestIncome": "None", "interestIncome": "None", "interestExpense": "9048000", "nonInterestIncome": "None", "otherNonOperatingIncome": "None", "depreciation": "None", "depreciationAndAmortization": "164173000", "incomeBeforeTax": "273732000", "incomeTaxExpense": "87394000", "interestAndDebtExpense": "None", "netIncomeFromContinuingOperations": "0", "comprehensiveIncomeNetOfTax": "None", "ebit": "282780000", "ebitda": "446953000", "netIncome": "186338000"}, {"fiscalDateEnding": "2005-06-30", "reportedCurrency": "USD", "grossProfit": "524343000", "totalRevenue": "9423702000", "costOfRevenue": "8899359000", "costofGoodsAndServicesSold": "8899359000", "operatingIncome": "260945000", "sellingGeneralAndAdministrative": "279166000", "researchAndDevelopment": "40000000", "operatingExpenses": "279166000", "investmentIncomeNet": "None", "netInterestIncome": "None", "interestIncome": "None", "interestExpense": "6095000", "nonInterestIncome": "None", "otherNonOperatingIncome": "None", "depreciation": "None", "depreciationAndAmortization": "157053000", "incomeBeforeTax": "267040000", "incomeTaxExpense": "71556000", "interestAndDebtExpense": "None", "netIncomeFromContinuingOperations": "0", "comprehensiveIncomeNetOfTax": "None", "ebit": "260945000", "ebitda": "417998000", "netIncome": "195484000"}, {"fiscalDateEnding": "2005-03-31", "reportedCurrency": "USD", "grossProfit": "574856000", "totalRevenue": "8484171000", "costOfRevenue": "7909315000", "costofGoodsAndServicesSold": "7909315000", "operatingIncome": "179886000", "sellingGeneralAndAdministrative": "280395000", "researchAndDevelopment": "0", "operatingExpenses": "280395000", "investmentIncomeNet": "None", "netInterestIncome": "None", "interestIncome": "None", "interestExpense": "229150000", "nonInterestIncome": "None", "otherNonOperatingIncome": "None", "depreciation": "None", "depreciationAndAmortization": "170513000", "incomeBeforeTax": "409036000", "incomeTaxExpense": "139941000", "interestAndDebtExpense": "None", "netIncomeFromContinuingOperations": "0", "comprehensiveIncomeNetOfTax": "None", "ebit": "179886000", "ebitda": "350399000", "netIncome": "269095000"}, {"fiscalDateEnding": "2004-12-31", "reportedCurrency": "USD", "grossProfit": "668708000", "totalRevenue": "9063526000", "costOfRevenue": "8394818000", "costofGoodsAndServicesSold": "8394818000", "operatingIncome": "343572000", "sellingGeneralAndAdministrative": "269741000", "researchAndDevelopment": "0", "operatingExpenses": "269741000", "investmentIncomeNet": "None", "netInterestIncome": "None", "interestIncome": "None", "interestExpense": "110790000", "nonInterestIncome": "None", "otherNonOperatingIncome": "None", "depreciation": "None", "depreciationAndAmortization": "169639000", "incomeBeforeTax": "454362000", "incomeTaxExpense": "140853000", "interestAndDebtExpense": "None", "netIncomeFromContinuingOperations": "0", "comprehensiveIncomeNetOfTax": "None", "ebit": "343572000", "ebitda": "513211000", "netIncome": "313509000"}]}