{"symbol": "SW", "annualReports": [{"fiscalDateEnding": "2024-12-31", "reportedCurrency": "USD", "grossProfit": "4195000000", "totalRevenue": "21109000000", "costOfRevenue": "16914000000", "costofGoodsAndServicesSold": "16914000000", "operatingIncome": "1007000000", "sellingGeneralAndAdministrative": "2793000000", "researchAndDevelopment": "None", "operatingExpenses": "3188000000", "investmentIncomeNet": "None", "netInterestIncome": "-398000000", "interestIncome": "127000000", "interestExpense": "525000000", "nonInterestIncome": "None", "otherNonOperatingIncome": "None", "depreciation": "None", "depreciationAndAmortization": "1464000000", "incomeBeforeTax": "560000000", "incomeTaxExpense": "241000000", "interestAndDebtExpense": "None", "netIncomeFromContinuingOperations": "319000000", "comprehensiveIncomeNetOfTax": "None", "ebit": "1085000000", "ebitda": "2549000000", "netIncome": "319000000"}, {"fiscalDateEnding": "2023-12-31", "reportedCurrency": "USD", "grossProfit": "4186149340", "totalRevenue": "12460067429", "costOfRevenue": "8273918089", "costofGoodsAndServicesSold": "8273918089", "operatingIncome": "1382855247", "sellingGeneralAndAdministrative": "1610567622", "researchAndDevelopment": "None", "operatingExpenses": "2803294091", "investmentIncomeNet": "None", "netInterestIncome": "-163599182", "interestIncome": "33161996.35", "interestExpense": "196761178", "nonInterestIncome": "None", "otherNonOperatingIncome": "None", "depreciation": "None", "depreciationAndAmortization": "701928922", "incomeBeforeTax": "1166196871", "incomeTaxExpense": "327198364", "interestAndDebtExpense": "None", "netIncomeFromContinuingOperations": "838998507.71", "comprehensiveIncomeNetOfTax": "None", "ebit": "1362958050", "ebitda": "2064886972", "netIncome": "837893107"}, {"fiscalDateEnding": "2022-12-31", "reportedCurrency": "USD", "grossProfit": "4063000000", "totalRevenue": "12815000000", "costOfRevenue": "8752000000", "costofGoodsAndServicesSold": "8752000000", "operatingIncome": "1439000000", "sellingGeneralAndAdministrative": "1440000000", "researchAndDevelopment": "None", "operatingExpenses": "2401000000", "investmentIncomeNet": "None", "netInterestIncome": "-159787236.32", "interestIncome": "9651578.03", "interestExpense": "158000000", "nonInterestIncome": "None", "otherNonOperatingIncome": "None", "depreciation": "None", "depreciationAndAmortization": "630000000", "incomeBeforeTax": "1293000000", "incomeTaxExpense": "348000000", "interestAndDebtExpense": "None", "netIncomeFromContinuingOperations": "1013415693.47", "comprehensiveIncomeNetOfTax": "None", "ebit": "1601659320", "ebitda": "2231659320", "netIncome": "1012343295"}, {"fiscalDateEnding": "2021-12-31", "reportedCurrency": "USD", "grossProfit": "3092000000", "totalRevenue": "10107000000", "costOfRevenue": "7015000000", "costofGoodsAndServicesSold": "7015000000", "operatingIncome": "1073000000", "sellingGeneralAndAdministrative": "1196000000", "researchAndDevelopment": "None", "operatingExpenses": "2019000000", "investmentIncomeNet": "None", "netInterestIncome": "-141527592.22", "interestIncome": "3396662.21", "interestExpense": "128000000", "nonInterestIncome": "None", "otherNonOperatingIncome": "None", "depreciation": "None", "depreciationAndAmortization": "553000000", "incomeBeforeTax": "913000000", "incomeTaxExpense": "234000000", "interestAndDebtExpense": "None", "netIncomeFromContinuingOperations": "768777880.94", "comprehensiveIncomeNetOfTax": "None", "ebit": "1251759855", "ebitda": "1804759855", "netIncome": "768777880"}, {"fiscalDateEnding": "2020-12-31", "reportedCurrency": "USD", "grossProfit": "2874000000", "totalRevenue": "8530000000", "costOfRevenue": "5656000000", "costofGoodsAndServicesSold": "5656000000", "operatingIncome": "891000000", "sellingGeneralAndAdministrative": "1227000000", "researchAndDevelopment": "None", "operatingExpenses": "1952000000", "investmentIncomeNet": "None", "netInterestIncome": "-168503394.67", "interestIncome": "3689855.36", "interestExpense": "140000000", "nonInterestIncome": "None", "otherNonOperatingIncome": "None", "depreciation": "None", "depreciationAndAmortization": "557000000", "incomeBeforeTax": "748000000", "incomeTaxExpense": "201000000", "interestAndDebtExpense": "None", "netIncomeFromContinuingOperations": "672783626.88", "comprehensiveIncomeNetOfTax": "None", "ebit": "1220280330", "ebitda": "1777280330", "netIncome": "670323723"}, {"fiscalDateEnding": "2019-12-31", "reportedCurrency": "USD", "grossProfit": "3366117035", "totalRevenue": "10135316784", "costOfRevenue": "6769199749", "costofGoodsAndServicesSold": "6769199749", "operatingIncome": "990232099", "sellingGeneralAndAdministrative": "1358768706", "researchAndDevelopment": "None", "operatingExpenses": "2176494309", "investmentIncomeNet": "None", "netInterestIncome": "None", "interestIncome": "None", "interestExpense": "210592346", "nonInterestIncome": "None", "otherNonOperatingIncome": "None", "depreciation": "None", "depreciationAndAmortization": "606013083", "incomeBeforeTax": "758356483", "incomeTaxExpense": "216193207", "interestAndDebtExpense": "None", "netIncomeFromContinuingOperations": "None", "comprehensiveIncomeNetOfTax": "None", "ebit": "968948831", "ebitda": "1574961914", "netIncome": "533201899"}], "quarterlyReports": [{"fiscalDateEnding": "2024-12-31", "reportedCurrency": "USD", "grossProfit": "1442000000", "totalRevenue": "7539000000", "costOfRevenue": "6097000000", "costofGoodsAndServicesSold": "6097000000", "operatingIncome": "401000000", "sellingGeneralAndAdministrative": "996000000", "researchAndDevelopment": "None", "operatingExpenses": "1041000000", "investmentIncomeNet": "None", "netInterestIncome": "-173000000", "interestIncome": "31000000", "interestExpense": "204000000", "nonInterestIncome": "None", "otherNonOperatingIncome": "None", "depreciation": "None", "depreciationAndAmortization": "-26000000", "incomeBeforeTax": "223000000", "incomeTaxExpense": "77000000", "interestAndDebtExpense": "None", "netIncomeFromContinuingOperations": "146000000", "comprehensiveIncomeNetOfTax": "None", "ebit": "427000000", "ebitda": "401000000", "netIncome": "146000000"}, {"fiscalDateEnding": "2024-09-30", "reportedCurrency": "USD", "grossProfit": "1350000000", "totalRevenue": "7671000000", "costOfRevenue": "6321000000", "costofGoodsAndServicesSold": "6321000000", "operatingIncome": "55000000", "sellingGeneralAndAdministrative": "1027999999", "researchAndDevelopment": "None", "operatingExpenses": "1295000000", "investmentIncomeNet": "None", "netInterestIncome": "-167000000", "interestIncome": "42000000", "interestExpense": "209000000", "nonInterestIncome": "None", "otherNonOperatingIncome": "None", "depreciation": "None", "depreciationAndAmortization": "37000000", "incomeBeforeTax": "-117000000", "incomeTaxExpense": "33000000", "interestAndDebtExpense": "None", "netIncomeFromContinuingOperations": "-150000000", "comprehensiveIncomeNetOfTax": "None", "ebit": "55000000", "ebitda": "92000000", "netIncome": "-150000000"}, {"fiscalDateEnding": "2024-06-30", "reportedCurrency": "USD", "grossProfit": "1413021917", "totalRevenue": "5941137768", "costOfRevenue": "4528115851", "costofGoodsAndServicesSold": "4528115851", "operatingIncome": "-11461.14", "sellingGeneralAndAdministrative": "11461.14", "researchAndDevelopment": "None", "operatingExpenses": "11461.14", "investmentIncomeNet": "None", "netInterestIncome": "None", "interestIncome": "None", "interestExpense": "58414305", "nonInterestIncome": "None", "otherNonOperatingIncome": "None", "depreciation": "None", "depreciationAndAmortization": "310200106", "incomeBeforeTax": "-11460.21", "incomeTaxExpense": "131935759", "interestAndDebtExpense": "None", "netIncomeFromContinuingOperations": "-12300", "comprehensiveIncomeNetOfTax": "None", "ebit": "-310211567.14", "ebitda": "-11461.14", "netIncome": "-11460.21"}, {"fiscalDateEnding": "2024-03-31", "reportedCurrency": "USD", "grossProfit": "660655000", "totalRevenue": "2726365000", "costOfRevenue": "2065710000", "costofGoodsAndServicesSold": "2065710000", "operatingIncome": "285663500", "sellingGeneralAndAdministrative": "None", "researchAndDevelopment": "None", "operatingExpenses": "353590000", "investmentIncomeNet": "None", "netInterestIncome": "None", "interestIncome": "None", "interestExpense": "None", "nonInterestIncome": "None", "otherNonOperatingIncome": "None", "depreciation": "None", "depreciationAndAmortization": "None", "incomeBeforeTax": "248443500", "incomeTaxExpense": "-70718000", "interestAndDebtExpense": "None", "netIncomeFromContinuingOperations": "None", "comprehensiveIncomeNetOfTax": "None", "ebit": "None", "ebitda": "285663500", "netIncome": "177725500"}, {"fiscalDateEnding": "2023-12-31", "reportedCurrency": "USD", "grossProfit": "1799663038", "totalRevenue": "5341981766", "costOfRevenue": "3542318728", "costofGoodsAndServicesSold": "3542318728", "operatingIncome": "492425545", "sellingGeneralAndAdministrative": "1491273310.12", "researchAndDevelopment": "None", "operatingExpenses": "1307237489", "investmentIncomeNet": "None", "netInterestIncome": "-54599182", "interestIncome": "13161996.35", "interestExpense": "76665055", "nonInterestIncome": "None", "otherNonOperatingIncome": "None", "depreciation": "None", "depreciationAndAmortization": "321403502", "incomeBeforeTax": "388239704", "incomeTaxExpense": "111066041", "interestAndDebtExpense": "None", "netIncomeFromContinuingOperations": "61998507.71", "comprehensiveIncomeNetOfTax": "None", "ebit": "492425548", "ebitda": "813829050", "netIncome": "277173662"}, {"fiscalDateEnding": "2023-09-30", "reportedCurrency": "USD", "grossProfit": "703669516", "totalRevenue": "2764415958", "costOfRevenue": "2060746441", "costofGoodsAndServicesSold": "2060746441", "operatingIncome": "335712950", "sellingGeneralAndAdministrative": "371000000", "researchAndDevelopment": "None", "operatingExpenses": "367956566", "investmentIncomeNet": "None", "netInterestIncome": "-39000000", "interestIncome": "7000000", "interestExpense": "43623716", "nonInterestIncome": "None", "otherNonOperatingIncome": "None", "depreciation": "None", "depreciationAndAmortization": "90360724", "incomeBeforeTax": "286399183", "incomeTaxExpense": "69228941", "interestAndDebtExpense": "None", "netIncomeFromContinuingOperations": "229000000", "comprehensiveIncomeNetOfTax": "None", "ebit": "239662176", "ebitda": "330022900", "netIncome": "217170241"}, {"fiscalDateEnding": "2023-06-30", "reportedCurrency": "USD", "grossProfit": "1937960924", "totalRevenue": "5783168669", "costOfRevenue": "3845207744", "costofGoodsAndServicesSold": "3845207744", "operatingIncome": "739120061", "sellingGeneralAndAdministrative": "None", "researchAndDevelopment": "None", "operatingExpenses": "1198840860", "investmentIncomeNet": "None", "netInterestIncome": "None", "interestIncome": "None", "interestExpense": "80252983", "nonInterestIncome": "None", "otherNonOperatingIncome": "None", "depreciation": "None", "depreciationAndAmortization": "305159491", "incomeBeforeTax": "651931639", "incomeTaxExpense": "181312295", "interestAndDebtExpense": "None", "netIncomeFromContinuingOperations": "None", "comprehensiveIncomeNetOfTax": "None", "ebit": "806117859", "ebitda": "1138938640", "netIncome": "471610121"}, {"fiscalDateEnding": "2022-12-31", "reportedCurrency": "USD", "grossProfit": "1940585760", "totalRevenue": "6054326269", "costOfRevenue": "4113740508", "costofGoodsAndServicesSold": "4113740508", "operatingIncome": "772091376", "sellingGeneralAndAdministrative": "None", "researchAndDevelopment": "None", "operatingExpenses": "1168494385", "investmentIncomeNet": "None", "netInterestIncome": "None", "interestIncome": "None", "interestExpense": "78150712", "nonInterestIncome": "None", "otherNonOperatingIncome": "None", "depreciation": "None", "depreciationAndAmortization": "306011825", "incomeBeforeTax": "491502070", "incomeTaxExpense": "144060951", "interestAndDebtExpense": "None", "netIncomeFromContinuingOperations": "None", "comprehensiveIncomeNetOfTax": "None", "ebit": "772091377", "ebitda": "1078103202", "netIncome": "348382692"}, {"fiscalDateEnding": "2022-06-30", "reportedCurrency": "USD", "grossProfit": "2089960578", "totalRevenue": "6665533612", "costOfRevenue": "4575573033", "costofGoodsAndServicesSold": "4575573033", "operatingIncome": "874818661", "sellingGeneralAndAdministrative": "None", "researchAndDevelopment": "None", "operatingExpenses": "1215141914", "investmentIncomeNet": "None", "netInterestIncome": "None", "interestIncome": "None", "interestExpense": "69943735", "nonInterestIncome": "None", "otherNonOperatingIncome": "None", "depreciation": "None", "depreciationAndAmortization": "318400587", "incomeBeforeTax": "801743118", "incomeTaxExpense": "203567588", "interestAndDebtExpense": "None", "netIncomeFromContinuingOperations": "None", "comprehensiveIncomeNetOfTax": "None", "ebit": "874818666", "ebitda": "1193219253", "netIncome": "599219465"}, {"fiscalDateEnding": "2021-12-31", "reportedCurrency": "USD", "grossProfit": "1677677684", "totalRevenue": "5556091806", "costOfRevenue": "3878414122", "costofGoodsAndServicesSold": "3878414122", "operatingIncome": "613135408", "sellingGeneralAndAdministrative": "None", "researchAndDevelopment": "None", "operatingExpenses": "1064542276", "investmentIncomeNet": "None", "netInterestIncome": "None", "interestIncome": "None", "interestExpense": "62439498", "nonInterestIncome": "None", "otherNonOperatingIncome": "None", "depreciation": "None", "depreciationAndAmortization": "286607535", "incomeBeforeTax": "509751974", "incomeTaxExpense": "132044185", "interestAndDebtExpense": "None", "netIncomeFromContinuingOperations": "None", "comprehensiveIncomeNetOfTax": "None", "ebit": "613135406", "ebitda": "899742941", "netIncome": "379754985"}, {"fiscalDateEnding": "2021-06-30", "reportedCurrency": "USD", "grossProfit": "1475659270", "totalRevenue": "4751968153", "costOfRevenue": "3276308882", "costofGoodsAndServicesSold": "3276308882", "operatingIncome": "483423131", "sellingGeneralAndAdministrative": "None", "researchAndDevelopment": "None", "operatingExpenses": "992236136", "investmentIncomeNet": "None", "netInterestIncome": "None", "interestIncome": "None", "interestExpense": "60935688", "nonInterestIncome": "None", "otherNonOperatingIncome": "None", "depreciation": "None", "depreciationAndAmortization": "277257384", "incomeBeforeTax": "419440659", "incomeTaxExpense": "106637455", "interestAndDebtExpense": "None", "netIncomeFromContinuingOperations": "None", "comprehensiveIncomeNetOfTax": "None", "ebit": "483423130", "ebitda": "760680514", "netIncome": "312803203"}, {"fiscalDateEnding": "2020-12-31", "reportedCurrency": "USD", "grossProfit": "1411441117", "totalRevenue": "4168809362", "costOfRevenue": "2757368245", "costofGoodsAndServicesSold": "2757368245", "operatingIncome": "454744165", "sellingGeneralAndAdministrative": "None", "researchAndDevelopment": "None", "operatingExpenses": "956696948", "investmentIncomeNet": "None", "netInterestIncome": "None", "interestIncome": "None", "interestExpense": "59733344", "nonInterestIncome": "None", "otherNonOperatingIncome": "None", "depreciation": "None", "depreciationAndAmortization": "273617254", "incomeBeforeTax": "351655977", "incomeTaxExpense": "92490339", "interestAndDebtExpense": "None", "netIncomeFromContinuingOperations": "None", "comprehensiveIncomeNetOfTax": "None", "ebit": "454744169", "ebitda": "728361423", "netIncome": "258202197"}, {"fiscalDateEnding": "2020-06-30", "reportedCurrency": "USD", "grossProfit": "1378887080", "totalRevenue": "4113174165", "costOfRevenue": "2734287084", "costofGoodsAndServicesSold": "2734287084", "operatingIncome": "438425416", "sellingGeneralAndAdministrative": "None", "researchAndDevelopment": "None", "operatingExpenses": "940461663", "investmentIncomeNet": "None", "netInterestIncome": "None", "interestIncome": "None", "interestExpense": "64589458", "nonInterestIncome": "None", "otherNonOperatingIncome": "None", "depreciation": "None", "depreciationAndAmortization": "267165488", "incomeBeforeTax": "373835957", "incomeTaxExpense": "102755956", "interestAndDebtExpense": "None", "netIncomeFromContinuingOperations": "None", "comprehensiveIncomeNetOfTax": "None", "ebit": "438425418", "ebitda": "705590906", "netIncome": "271080000"}]}