{"symbol": "HII", "annualReports": [{"fiscalDateEnding": "2024-12-31", "reportedCurrency": "USD", "grossProfit": "1450000000", "totalRevenue": "11535000000", "costOfRevenue": "10085000000", "costofGoodsAndServicesSold": "10085000000", "operatingIncome": "535000000", "sellingGeneralAndAdministrative": "973000000", "researchAndDevelopment": "None", "operatingExpenses": "973000000", "investmentIncomeNet": "None", "netInterestIncome": "-95000000", "interestIncome": "None", "interestExpense": "95000000", "nonInterestIncome": "None", "otherNonOperatingIncome": "None", "depreciation": "None", "depreciationAndAmortization": "-13000000", "incomeBeforeTax": "643000000", "incomeTaxExpense": "93000000", "interestAndDebtExpense": "None", "netIncomeFromContinuingOperations": "550000000", "comprehensiveIncomeNetOfTax": "None", "ebit": "548000000", "ebitda": "535000000", "netIncome": "550000000"}, {"fiscalDateEnding": "2023-12-31", "reportedCurrency": "USD", "grossProfit": "1646000000", "totalRevenue": "11454000000", "costOfRevenue": "9808000000", "costofGoodsAndServicesSold": "9808000000", "operatingIncome": "781000000", "sellingGeneralAndAdministrative": "1022000000", "researchAndDevelopment": "35000000", "operatingExpenses": "865000000", "investmentIncomeNet": "None", "netInterestIncome": "-95000000", "interestIncome": "None", "interestExpense": "95000000", "nonInterestIncome": "None", "otherNonOperatingIncome": "None", "depreciation": "None", "depreciationAndAmortization": "347000000", "incomeBeforeTax": "853000000", "incomeTaxExpense": "172000000", "interestAndDebtExpense": "None", "netIncomeFromContinuingOperations": "681000000", "comprehensiveIncomeNetOfTax": "None", "ebit": "948000000", "ebitda": "1295000000", "netIncome": "681000000"}, {"fiscalDateEnding": "2022-12-31", "reportedCurrency": "USD", "grossProfit": "1440000000", "totalRevenue": "10676000000", "costOfRevenue": "9236000000", "costofGoodsAndServicesSold": "9236000000", "operatingIncome": "773000000", "sellingGeneralAndAdministrative": "924000000", "researchAndDevelopment": "40000000", "operatingExpenses": "923000000", "investmentIncomeNet": "None", "netInterestIncome": "-102000000", "interestIncome": "102000000", "interestExpense": "102000000", "nonInterestIncome": "None", "otherNonOperatingIncome": "-20000000", "depreciation": "None", "depreciationAndAmortization": "358000000", "incomeBeforeTax": "719000000", "incomeTaxExpense": "140000000", "interestAndDebtExpense": "None", "netIncomeFromContinuingOperations": "579000000", "comprehensiveIncomeNetOfTax": "None", "ebit": "821000000", "ebitda": "1179000000", "netIncome": "579000000"}, {"fiscalDateEnding": "2021-12-31", "reportedCurrency": "USD", "grossProfit": "1368000000", "totalRevenue": "9524000000", "costOfRevenue": "8156000000", "costofGoodsAndServicesSold": "8156000000", "operatingIncome": "513000000", "sellingGeneralAndAdministrative": "898000000", "researchAndDevelopment": "34000000", "operatingExpenses": "896000000", "investmentIncomeNet": "None", "netInterestIncome": "-89000000", "interestIncome": "89000000", "interestExpense": "89000000", "nonInterestIncome": "None", "otherNonOperatingIncome": "17000000", "depreciation": "None", "depreciationAndAmortization": "293000000", "incomeBeforeTax": "622000000", "incomeTaxExpense": "78000000", "interestAndDebtExpense": "None", "netIncomeFromContinuingOperations": "544000000", "comprehensiveIncomeNetOfTax": "None", "ebit": "711000000", "ebitda": "1004000000", "netIncome": "544000000"}, {"fiscalDateEnding": "2020-12-31", "reportedCurrency": "USD", "grossProfit": "1670000000", "totalRevenue": "9361000000", "costOfRevenue": "7691000000", "costofGoodsAndServicesSold": "7691000000", "operatingIncome": "799000000", "sellingGeneralAndAdministrative": "904000000", "researchAndDevelopment": "31000000", "operatingExpenses": "903000000", "investmentIncomeNet": "None", "netInterestIncome": "-114000000", "interestIncome": "114000000", "interestExpense": "114000000", "nonInterestIncome": "None", "otherNonOperatingIncome": "6000000", "depreciation": "None", "depreciationAndAmortization": "247000000", "incomeBeforeTax": "810000000", "incomeTaxExpense": "114000000", "interestAndDebtExpense": "None", "netIncomeFromContinuingOperations": "696000000", "comprehensiveIncomeNetOfTax": "None", "ebit": "903000000", "ebitda": "1150000000", "netIncome": "696000000"}, {"fiscalDateEnding": "2019-12-31", "reportedCurrency": "USD", "grossProfit": "1531000000", "totalRevenue": "8899000000", "costOfRevenue": "7368000000", "costofGoodsAndServicesSold": "7368000000", "operatingIncome": "736000000", "sellingGeneralAndAdministrative": "788000000", "researchAndDevelopment": "23000000", "operatingExpenses": "788000000", "investmentIncomeNet": "None", "netInterestIncome": "-70000000", "interestIncome": "70000000", "interestExpense": "70000000", "nonInterestIncome": "None", "otherNonOperatingIncome": "5000000", "depreciation": "None", "depreciationAndAmortization": "227000000", "incomeBeforeTax": "683000000", "incomeTaxExpense": "134000000", "interestAndDebtExpense": "None", "netIncomeFromContinuingOperations": "549000000", "comprehensiveIncomeNetOfTax": "None", "ebit": "753000000", "ebitda": "980000000", "netIncome": "549000000"}, {"fiscalDateEnding": "2018-12-31", "reportedCurrency": "USD", "grossProfit": "1791000000", "totalRevenue": "8176000000", "costOfRevenue": "6385000000", "costofGoodsAndServicesSold": "6385000000", "operatingIncome": "951000000", "sellingGeneralAndAdministrative": "871000000", "researchAndDevelopment": "25000000", "operatingExpenses": "857000000", "investmentIncomeNet": "None", "netInterestIncome": "-58000000", "interestIncome": "58000000", "interestExpense": "58000000", "nonInterestIncome": "None", "otherNonOperatingIncome": "2000000", "depreciation": "None", "depreciationAndAmortization": "203000000", "incomeBeforeTax": "971000000", "incomeTaxExpense": "135000000", "interestAndDebtExpense": "None", "netIncomeFromContinuingOperations": "836000000", "comprehensiveIncomeNetOfTax": "None", "ebit": "1029000000", "ebitda": "1232000000", "netIncome": "836000000"}, {"fiscalDateEnding": "2017-12-31", "reportedCurrency": "USD", "grossProfit": "1423000000", "totalRevenue": "7441000000", "costOfRevenue": "6018000000", "costofGoodsAndServicesSold": "6018000000", "operatingIncome": "865000000", "sellingGeneralAndAdministrative": "570000000", "researchAndDevelopment": "17000000", "operatingExpenses": "570000000", "investmentIncomeNet": "None", "netInterestIncome": "-94000000", "interestIncome": "94000000", "interestExpense": "94000000", "nonInterestIncome": "None", "otherNonOperatingIncome": "15000000", "depreciation": "None", "depreciationAndAmortization": "205000000", "incomeBeforeTax": "772000000", "incomeTaxExpense": "293000000", "interestAndDebtExpense": "None", "netIncomeFromContinuingOperations": "479000000", "comprehensiveIncomeNetOfTax": "None", "ebit": "844000000", "ebitda": "1049000000", "netIncome": "479000000"}, {"fiscalDateEnding": "2016-12-31", "reportedCurrency": "USD", "grossProfit": "1460000000", "totalRevenue": "7068000000", "costOfRevenue": "5608000000", "costofGoodsAndServicesSold": "5608000000", "operatingIncome": "858000000", "sellingGeneralAndAdministrative": "623000000", "researchAndDevelopment": "19000000", "operatingExpenses": "608000000", "investmentIncomeNet": "None", "netInterestIncome": "-74000000", "interestIncome": "74000000", "interestExpense": "74000000", "nonInterestIncome": "None", "otherNonOperatingIncome": "-1000000", "depreciation": "None", "depreciationAndAmortization": "186000000", "incomeBeforeTax": "784000000", "incomeTaxExpense": "211000000", "interestAndDebtExpense": "None", "netIncomeFromContinuingOperations": "573000000", "comprehensiveIncomeNetOfTax": "None", "ebit": "858000000", "ebitda": "1044000000", "netIncome": "573000000"}, {"fiscalDateEnding": "2015-12-31", "reportedCurrency": "USD", "grossProfit": "1503000000", "totalRevenue": "7020000000", "costOfRevenue": "5517000000", "costofGoodsAndServicesSold": "5517000000", "operatingIncome": "769000000", "sellingGeneralAndAdministrative": "669000000", "researchAndDevelopment": "19000000", "operatingExpenses": "669000000", "investmentIncomeNet": "None", "netInterestIncome": "None", "interestIncome": "137000000", "interestExpense": "137000000", "nonInterestIncome": "None", "otherNonOperatingIncome": "-5000000", "depreciation": "None", "depreciationAndAmortization": "180000000", "incomeBeforeTax": "632000000", "incomeTaxExpense": "228000000", "interestAndDebtExpense": "None", "netIncomeFromContinuingOperations": "404000000", "comprehensiveIncomeNetOfTax": "None", "ebit": "769000000", "ebitda": "949000000", "netIncome": "404000000"}, {"fiscalDateEnding": "2014-12-31", "reportedCurrency": "USD", "grossProfit": "1417000000", "totalRevenue": "6957000000", "costOfRevenue": "5540000000", "costofGoodsAndServicesSold": "5540000000", "operatingIncome": "655000000", "sellingGeneralAndAdministrative": "726000000", "researchAndDevelopment": "18000000", "operatingExpenses": "726000000", "investmentIncomeNet": "None", "netInterestIncome": "None", "interestIncome": "None", "interestExpense": "149000000", "nonInterestIncome": "None", "otherNonOperatingIncome": "1000000", "depreciation": "None", "depreciationAndAmortization": "194000000", "incomeBeforeTax": "507000000", "incomeTaxExpense": "169000000", "interestAndDebtExpense": "None", "netIncomeFromContinuingOperations": "338000000", "comprehensiveIncomeNetOfTax": "None", "ebit": "619000000", "ebitda": "813000000", "netIncome": "338000000"}, {"fiscalDateEnding": "2013-12-31", "reportedCurrency": "USD", "grossProfit": "1237000000", "totalRevenue": "6820000000", "costOfRevenue": "5583000000", "costofGoodsAndServicesSold": "5583000000", "operatingIncome": "512000000", "sellingGeneralAndAdministrative": "739000000", "researchAndDevelopment": "22000000", "operatingExpenses": "739000000", "investmentIncomeNet": "None", "netInterestIncome": "None", "interestIncome": "None", "interestExpense": "118000000", "nonInterestIncome": "None", "otherNonOperatingIncome": "4000000", "depreciation": "None", "depreciationAndAmortization": "226000000", "incomeBeforeTax": "394000000", "incomeTaxExpense": "133000000", "interestAndDebtExpense": "None", "netIncomeFromContinuingOperations": "261000000", "comprehensiveIncomeNetOfTax": "None", "ebit": "512000000", "ebitda": "738000000", "netIncome": "261000000"}, {"fiscalDateEnding": "2012-12-31", "reportedCurrency": "USD", "grossProfit": "1079000000", "totalRevenue": "6708000000", "costOfRevenue": "5629000000", "costofGoodsAndServicesSold": "5629000000", "operatingIncome": "358000000", "sellingGeneralAndAdministrative": "739000000", "researchAndDevelopment": "21000000", "operatingExpenses": "739000000", "investmentIncomeNet": "None", "netInterestIncome": "None", "interestIncome": "None", "interestExpense": "117000000", "nonInterestIncome": "None", "otherNonOperatingIncome": "None", "depreciation": "None", "depreciationAndAmortization": "184000000", "incomeBeforeTax": "241000000", "incomeTaxExpense": "95000000", "interestAndDebtExpense": "None", "netIncomeFromContinuingOperations": "146000000", "comprehensiveIncomeNetOfTax": "None", "ebit": "358000000", "ebitda": "542000000", "netIncome": "146000000"}, {"fiscalDateEnding": "2011-12-31", "reportedCurrency": "USD", "grossProfit": "1024000000", "totalRevenue": "6575000000", "costOfRevenue": "5551000000", "costofGoodsAndServicesSold": "5551000000", "operatingIncome": "110000000", "sellingGeneralAndAdministrative": "624000000", "researchAndDevelopment": "24000000", "operatingExpenses": "624000000", "investmentIncomeNet": "None", "netInterestIncome": "None", "interestIncome": "None", "interestExpense": "104000000", "nonInterestIncome": "None", "otherNonOperatingIncome": "None", "depreciation": "None", "depreciationAndAmortization": "184000000", "incomeBeforeTax": "6000000", "incomeTaxExpense": "100000000", "interestAndDebtExpense": "None", "netIncomeFromContinuingOperations": "-94000000", "comprehensiveIncomeNetOfTax": "None", "ebit": "400000000", "ebitda": "584000000", "netIncome": "-94000000"}, {"fiscalDateEnding": "2010-12-31", "reportedCurrency": "USD", "grossProfit": "892000000", "totalRevenue": "6723000000", "costOfRevenue": "5831000000", "costofGoodsAndServicesSold": "5831000000", "operatingIncome": "241000000", "sellingGeneralAndAdministrative": "670000000", "researchAndDevelopment": "23000000", "operatingExpenses": "670000000", "investmentIncomeNet": "None", "netInterestIncome": "None", "interestIncome": "None", "interestExpense": "40000000", "nonInterestIncome": "None", "otherNonOperatingIncome": "None", "depreciation": "None", "depreciationAndAmortization": "183000000", "incomeBeforeTax": "199000000", "incomeTaxExpense": "68000000", "interestAndDebtExpense": "None", "netIncomeFromContinuingOperations": "None", "comprehensiveIncomeNetOfTax": "None", "ebit": "239000000", "ebitda": "422000000", "netIncome": "131000000"}, {"fiscalDateEnding": "2009-12-31", "reportedCurrency": "USD", "grossProfit": "1036000000", "totalRevenue": "6292000000", "costOfRevenue": "5256000000", "costofGoodsAndServicesSold": "5256000000", "operatingIncome": "211000000", "sellingGeneralAndAdministrative": "639000000", "researchAndDevelopment": "21000000", "operatingExpenses": "None", "investmentIncomeNet": "None", "netInterestIncome": "None", "interestIncome": "None", "interestExpense": "0", "nonInterestIncome": "None", "otherNonOperatingIncome": "None", "depreciation": "None", "depreciationAndAmortization": "None", "incomeBeforeTax": "176000000", "incomeTaxExpense": "52000000", "interestAndDebtExpense": "None", "netIncomeFromContinuingOperations": "None", "comprehensiveIncomeNetOfTax": "None", "ebit": "None", "ebitda": "None", "netIncome": "124000000"}], "quarterlyReports": [{"fiscalDateEnding": "2024-12-31", "reportedCurrency": "USD", "grossProfit": "321000000", "totalRevenue": "3004000000", "costOfRevenue": "2683000000", "costofGoodsAndServicesSold": "2683000000", "operatingIncome": "110000000", "sellingGeneralAndAdministrative": "234000000", "researchAndDevelopment": "None", "operatingExpenses": "234000000", "investmentIncomeNet": "None", "netInterestIncome": "-27000000", "interestIncome": "None", "interestExpense": "27000000", "nonInterestIncome": "None", "otherNonOperatingIncome": "None", "depreciation": "None", "depreciationAndAmortization": "84000000", "incomeBeforeTax": "131000000", "incomeTaxExpense": "8000000", "interestAndDebtExpense": "None", "netIncomeFromContinuingOperations": "123000000", "comprehensiveIncomeNetOfTax": "None", "ebit": "158000000", "ebitda": "242000000", "netIncome": "123000000"}, {"fiscalDateEnding": "2024-09-30", "reportedCurrency": "USD", "grossProfit": "322000000", "totalRevenue": "2749000000", "costOfRevenue": "2427000000", "costofGoodsAndServicesSold": "2427000000", "operatingIncome": "82000000", "sellingGeneralAndAdministrative": "252000000", "researchAndDevelopment": "None", "operatingExpenses": "252000000", "investmentIncomeNet": "None", "netInterestIncome": "-23000000", "interestIncome": "None", "interestExpense": "23000000", "nonInterestIncome": "None", "otherNonOperatingIncome": "None", "depreciation": "None", "depreciationAndAmortization": "82000000", "incomeBeforeTax": "112000000", "incomeTaxExpense": "11000000", "interestAndDebtExpense": "None", "netIncomeFromContinuingOperations": "101000000", "comprehensiveIncomeNetOfTax": "None", "ebit": "135000000", "ebitda": "217000000", "netIncome": "101000000"}, {"fiscalDateEnding": "2024-06-30", "reportedCurrency": "USD", "grossProfit": "432000000", "totalRevenue": "2977000000", "costOfRevenue": "2545000000", "costofGoodsAndServicesSold": "2545000000", "operatingIncome": "177000000", "sellingGeneralAndAdministrative": "255000000", "researchAndDevelopment": "None", "operatingExpenses": "255000000", "investmentIncomeNet": "None", "netInterestIncome": "-24000000", "interestIncome": "None", "interestExpense": "24000000", "nonInterestIncome": "None", "otherNonOperatingIncome": "None", "depreciation": "None", "depreciationAndAmortization": "80000000", "incomeBeforeTax": "216000000", "incomeTaxExpense": "43000000", "interestAndDebtExpense": "None", "netIncomeFromContinuingOperations": "173000000", "comprehensiveIncomeNetOfTax": "None", "ebit": "240000000", "ebitda": "320000000", "netIncome": "173000000"}, {"fiscalDateEnding": "2024-03-31", "reportedCurrency": "USD", "grossProfit": "375000000", "totalRevenue": "2805000000", "costOfRevenue": "2430000000", "costofGoodsAndServicesSold": "2430000000", "operatingIncome": "154000000", "sellingGeneralAndAdministrative": "232000000", "researchAndDevelopment": "None", "operatingExpenses": "233000000", "investmentIncomeNet": "None", "netInterestIncome": "-21000000", "interestIncome": "None", "interestExpense": "21000000", "nonInterestIncome": "None", "otherNonOperatingIncome": "None", "depreciation": "None", "depreciationAndAmortization": "80000000", "incomeBeforeTax": "184000000", "incomeTaxExpense": "31000000", "interestAndDebtExpense": "None", "netIncomeFromContinuingOperations": "153000000", "comprehensiveIncomeNetOfTax": "None", "ebit": "205000000", "ebitda": "285000000", "netIncome": "153000000"}, {"fiscalDateEnding": "2023-12-31", "reportedCurrency": "USD", "grossProfit": "491000000", "totalRevenue": "3177000000", "costOfRevenue": "2686000000", "costofGoodsAndServicesSold": "2686000000", "operatingIncome": "312000000", "sellingGeneralAndAdministrative": "311000000", "researchAndDevelopment": "35000000", "operatingExpenses": "191000000", "investmentIncomeNet": "None", "netInterestIncome": "-25000000", "interestIncome": "None", "interestExpense": "25000000", "nonInterestIncome": "None", "otherNonOperatingIncome": "None", "depreciation": "None", "depreciationAndAmortization": "88000000", "incomeBeforeTax": "332000000", "incomeTaxExpense": "58000000", "interestAndDebtExpense": "None", "netIncomeFromContinuingOperations": "274000000", "comprehensiveIncomeNetOfTax": "None", "ebit": "357000000", "ebitda": "445000000", "netIncome": "274000000"}, {"fiscalDateEnding": "2023-09-30", "reportedCurrency": "USD", "grossProfit": "416000000", "totalRevenue": "2816000000", "costOfRevenue": "2400000000", "costofGoodsAndServicesSold": "2400000000", "operatingIncome": "172000000", "sellingGeneralAndAdministrative": "253000000", "researchAndDevelopment": "None", "operatingExpenses": "253000000", "investmentIncomeNet": "None", "netInterestIncome": "-22000000", "interestIncome": "22000000", "interestExpense": "22000000", "nonInterestIncome": "None", "otherNonOperatingIncome": "None", "depreciation": "None", "depreciationAndAmortization": "85000000", "incomeBeforeTax": "189000000", "incomeTaxExpense": "41000000", "interestAndDebtExpense": "None", "netIncomeFromContinuingOperations": "148000000", "comprehensiveIncomeNetOfTax": "None", "ebit": "211000000", "ebitda": "296000000", "netIncome": "148000000"}, {"fiscalDateEnding": "2023-06-30", "reportedCurrency": "USD", "grossProfit": "389000000", "totalRevenue": "2787000000", "costOfRevenue": "2398000000", "costofGoodsAndServicesSold": "2398000000", "operatingIncome": "156000000", "sellingGeneralAndAdministrative": "238000000", "researchAndDevelopment": "None", "operatingExpenses": "237000000", "investmentIncomeNet": "None", "netInterestIncome": "-24000000", "interestIncome": "24000000", "interestExpense": "24000000", "nonInterestIncome": "None", "otherNonOperatingIncome": "None", "depreciation": "None", "depreciationAndAmortization": "87000000", "incomeBeforeTax": "169000000", "incomeTaxExpense": "39000000", "interestAndDebtExpense": "None", "netIncomeFromContinuingOperations": "130000000", "comprehensiveIncomeNetOfTax": "None", "ebit": "193000000", "ebitda": "280000000", "netIncome": "130000000"}, {"fiscalDateEnding": "2023-03-31", "reportedCurrency": "USD", "grossProfit": "350000000", "totalRevenue": "2674000000", "costOfRevenue": "2324000000", "costofGoodsAndServicesSold": "2324000000", "operatingIncome": "141000000", "sellingGeneralAndAdministrative": "220000000", "researchAndDevelopment": "None", "operatingExpenses": "221000000", "investmentIncomeNet": "None", "netInterestIncome": "-24000000", "interestIncome": "24000000", "interestExpense": "24000000", "nonInterestIncome": "None", "otherNonOperatingIncome": "9000000", "depreciation": "None", "depreciationAndAmortization": "87000000", "incomeBeforeTax": "163000000", "incomeTaxExpense": "34000000", "interestAndDebtExpense": "None", "netIncomeFromContinuingOperations": "129000000", "comprehensiveIncomeNetOfTax": "None", "ebit": "187000000", "ebitda": "274000000", "netIncome": "129000000"}, {"fiscalDateEnding": "2022-12-31", "reportedCurrency": "USD", "grossProfit": "339000000", "totalRevenue": "2812000000", "costOfRevenue": "2473000000", "costofGoodsAndServicesSold": "2473000000", "operatingIncome": "105000000", "sellingGeneralAndAdministrative": "236000000", "researchAndDevelopment": "40000000", "operatingExpenses": "235000000", "investmentIncomeNet": "None", "netInterestIncome": "-23000000", "interestIncome": "23000000", "interestExpense": "23000000", "nonInterestIncome": "None", "otherNonOperatingIncome": "12000000", "depreciation": "None", "depreciationAndAmortization": "95000000", "incomeBeforeTax": "159000000", "incomeTaxExpense": "36000000", "interestAndDebtExpense": "None", "netIncomeFromContinuingOperations": "123000000", "comprehensiveIncomeNetOfTax": "None", "ebit": "182000000", "ebitda": "277000000", "netIncome": "123000000"}, {"fiscalDateEnding": "2022-09-30", "reportedCurrency": "USD", "grossProfit": "362000000", "totalRevenue": "2626000000", "costOfRevenue": "2264000000", "costofGoodsAndServicesSold": "2264000000", "operatingIncome": "176000000", "sellingGeneralAndAdministrative": "244000000", "researchAndDevelopment": "None", "operatingExpenses": "244000000", "investmentIncomeNet": "None", "netInterestIncome": "-27000000", "interestIncome": "27000000", "interestExpense": "27000000", "nonInterestIncome": "None", "otherNonOperatingIncome": "-14000000", "depreciation": "None", "depreciationAndAmortization": "89000000", "incomeBeforeTax": "162000000", "incomeTaxExpense": "24000000", "interestAndDebtExpense": "None", "netIncomeFromContinuingOperations": "138000000", "comprehensiveIncomeNetOfTax": "None", "ebit": "189000000", "ebitda": "278000000", "netIncome": "138000000"}, {"fiscalDateEnding": "2022-06-30", "reportedCurrency": "USD", "grossProfit": "390000000", "totalRevenue": "2662000000", "costOfRevenue": "2272000000", "costofGoodsAndServicesSold": "2272000000", "operatingIncome": "191000000", "sellingGeneralAndAdministrative": "227000000", "researchAndDevelopment": "None", "operatingExpenses": "226000000", "investmentIncomeNet": "None", "netInterestIncome": "-26000000", "interestIncome": "26000000", "interestExpense": "26000000", "nonInterestIncome": "None", "otherNonOperatingIncome": "-11000000", "depreciation": "None", "depreciationAndAmortization": "87000000", "incomeBeforeTax": "222000000", "incomeTaxExpense": "44000000", "interestAndDebtExpense": "None", "netIncomeFromContinuingOperations": "178000000", "comprehensiveIncomeNetOfTax": "None", "ebit": "248000000", "ebitda": "335000000", "netIncome": "178000000"}, {"fiscalDateEnding": "2022-03-31", "reportedCurrency": "USD", "grossProfit": "349000000", "totalRevenue": "2576000000", "costOfRevenue": "2227000000", "costofGoodsAndServicesSold": "2227000000", "operatingIncome": "195000000", "sellingGeneralAndAdministrative": "217000000", "researchAndDevelopment": "None", "operatingExpenses": "218000000", "investmentIncomeNet": "None", "netInterestIncome": "-26000000", "interestIncome": "26000000", "interestExpense": "26000000", "nonInterestIncome": "None", "otherNonOperatingIncome": "-7000000", "depreciation": "None", "depreciationAndAmortization": "87000000", "incomeBeforeTax": "176000000", "incomeTaxExpense": "36000000", "interestAndDebtExpense": "None", "netIncomeFromContinuingOperations": "140000000", "comprehensiveIncomeNetOfTax": "None", "ebit": "202000000", "ebitda": "289000000", "netIncome": "140000000"}, {"fiscalDateEnding": "2021-12-31", "reportedCurrency": "USD", "grossProfit": "373000000", "totalRevenue": "2677000000", "costOfRevenue": "2304000000", "costofGoodsAndServicesSold": "2304000000", "operatingIncome": "120000000", "sellingGeneralAndAdministrative": "262000000", "researchAndDevelopment": "34000000", "operatingExpenses": "263000000", "investmentIncomeNet": "None", "netInterestIncome": "-26000000", "interestIncome": "26000000", "interestExpense": "26000000", "nonInterestIncome": "None", "otherNonOperatingIncome": "6000000", "depreciation": "None", "depreciationAndAmortization": "91000000", "incomeBeforeTax": "147000000", "incomeTaxExpense": "27000000", "interestAndDebtExpense": "None", "netIncomeFromContinuingOperations": "120000000", "comprehensiveIncomeNetOfTax": "None", "ebit": "173000000", "ebitda": "264000000", "netIncome": "120000000"}, {"fiscalDateEnding": "2021-09-30", "reportedCurrency": "USD", "grossProfit": "331000000", "totalRevenue": "2338000000", "costOfRevenue": "2007000000", "costofGoodsAndServicesSold": "2007000000", "operatingIncome": "118000000", "sellingGeneralAndAdministrative": "226000000", "researchAndDevelopment": "None", "operatingExpenses": "224000000", "investmentIncomeNet": "None", "netInterestIncome": "-24000000", "interestIncome": "24000000", "interestExpense": "24000000", "nonInterestIncome": "None", "otherNonOperatingIncome": "1000000", "depreciation": "None", "depreciationAndAmortization": "74000000", "incomeBeforeTax": "141000000", "incomeTaxExpense": "-6000000", "interestAndDebtExpense": "None", "netIncomeFromContinuingOperations": "147000000", "comprehensiveIncomeNetOfTax": "None", "ebit": "165000000", "ebitda": "239000000", "netIncome": "147000000"}, {"fiscalDateEnding": "2021-06-30", "reportedCurrency": "USD", "grossProfit": "322000000", "totalRevenue": "2231000000", "costOfRevenue": "1909000000", "costofGoodsAndServicesSold": "1909000000", "operatingIncome": "128000000", "sellingGeneralAndAdministrative": "204000000", "researchAndDevelopment": "None", "operatingExpenses": "206000000", "investmentIncomeNet": "None", "netInterestIncome": "-18000000", "interestIncome": "18000000", "interestExpense": "18000000", "nonInterestIncome": "None", "otherNonOperatingIncome": "7000000", "depreciation": "None", "depreciationAndAmortization": "63000000", "incomeBeforeTax": "161000000", "incomeTaxExpense": "32000000", "interestAndDebtExpense": "None", "netIncomeFromContinuingOperations": "129000000", "comprehensiveIncomeNetOfTax": "None", "ebit": "179000000", "ebitda": "242000000", "netIncome": "129000000"}, {"fiscalDateEnding": "2021-03-31", "reportedCurrency": "USD", "grossProfit": "342000000", "totalRevenue": "2278000000", "costOfRevenue": "1936000000", "costofGoodsAndServicesSold": "1936000000", "operatingIncome": "147000000", "sellingGeneralAndAdministrative": "206000000", "researchAndDevelopment": "None", "operatingExpenses": "203000000", "investmentIncomeNet": "None", "netInterestIncome": "-21000000", "interestIncome": "21000000", "interestExpense": "21000000", "nonInterestIncome": "None", "otherNonOperatingIncome": "3000000", "depreciation": "None", "depreciationAndAmortization": "65000000", "incomeBeforeTax": "173000000", "incomeTaxExpense": "25000000", "interestAndDebtExpense": "None", "netIncomeFromContinuingOperations": "148000000", "comprehensiveIncomeNetOfTax": "None", "ebit": "194000000", "ebitda": "259000000", "netIncome": "148000000"}, {"fiscalDateEnding": "2020-12-31", "reportedCurrency": "USD", "grossProfit": "547000000", "totalRevenue": "2757000000", "costOfRevenue": "2210000000", "costofGoodsAndServicesSold": "2210000000", "operatingIncome": "305000000", "sellingGeneralAndAdministrative": "256000000", "researchAndDevelopment": "31000000", "operatingExpenses": "255000000", "investmentIncomeNet": "None", "netInterestIncome": "-46000000", "interestIncome": "46000000", "interestExpense": "46000000", "nonInterestIncome": "None", "otherNonOperatingIncome": "14000000", "depreciation": "None", "depreciationAndAmortization": "70000000", "incomeBeforeTax": "303000000", "incomeTaxExpense": "54000000", "interestAndDebtExpense": "None", "netIncomeFromContinuingOperations": "249000000", "comprehensiveIncomeNetOfTax": "None", "ebit": "349000000", "ebitda": "419000000", "netIncome": "249000000"}, {"fiscalDateEnding": "2020-09-30", "reportedCurrency": "USD", "grossProfit": "436000000", "totalRevenue": "2314000000", "costOfRevenue": "1878000000", "costofGoodsAndServicesSold": "1878000000", "operatingIncome": "222000000", "sellingGeneralAndAdministrative": "220000000", "researchAndDevelopment": "None", "operatingExpenses": "220000000", "investmentIncomeNet": "None", "netInterestIncome": "-27000000", "interestIncome": "27000000", "interestExpense": "27000000", "nonInterestIncome": "None", "otherNonOperatingIncome": "3000000", "depreciation": "None", "depreciationAndAmortization": "59000000", "incomeBeforeTax": "226000000", "incomeTaxExpense": "4000000", "interestAndDebtExpense": "None", "netIncomeFromContinuingOperations": "222000000", "comprehensiveIncomeNetOfTax": "None", "ebit": "253000000", "ebitda": "312000000", "netIncome": "222000000"}, {"fiscalDateEnding": "2020-06-30", "reportedCurrency": "USD", "grossProfit": "264000000", "totalRevenue": "2027000000", "costOfRevenue": "1763000000", "costofGoodsAndServicesSold": "1763000000", "operatingIncome": "57000000", "sellingGeneralAndAdministrative": "214000000", "researchAndDevelopment": "None", "operatingExpenses": "214000000", "investmentIncomeNet": "None", "netInterestIncome": "-25000000", "interestIncome": "25000000", "interestExpense": "25000000", "nonInterestIncome": "None", "otherNonOperatingIncome": "4000000", "depreciation": "None", "depreciationAndAmortization": "60000000", "incomeBeforeTax": "65000000", "incomeTaxExpense": "12000000", "interestAndDebtExpense": "None", "netIncomeFromContinuingOperations": "53000000", "comprehensiveIncomeNetOfTax": "None", "ebit": "90000000", "ebitda": "150000000", "netIncome": "53000000"}, {"fiscalDateEnding": "2020-03-31", "reportedCurrency": "USD", "grossProfit": "423000000", "totalRevenue": "2263000000", "costOfRevenue": "1840000000", "costofGoodsAndServicesSold": "1840000000", "operatingIncome": "215000000", "sellingGeneralAndAdministrative": "214000000", "researchAndDevelopment": "None", "operatingExpenses": "214000000", "investmentIncomeNet": "None", "netInterestIncome": "-16000000", "interestIncome": "16000000", "interestExpense": "16000000", "nonInterestIncome": "None", "otherNonOperatingIncome": "-15000000", "depreciation": "None", "depreciationAndAmortization": "58000000", "incomeBeforeTax": "216000000", "incomeTaxExpense": "44000000", "interestAndDebtExpense": "None", "netIncomeFromContinuingOperations": "172000000", "comprehensiveIncomeNetOfTax": "None", "ebit": "232000000", "ebitda": "290000000", "netIncome": "172000000"}, {"fiscalDateEnding": "2019-12-31", "reportedCurrency": "USD", "grossProfit": "432000000", "totalRevenue": "2412000000", "costOfRevenue": "1980000000", "costofGoodsAndServicesSold": "1980000000", "operatingIncome": "186000000", "sellingGeneralAndAdministrative": "224000000", "researchAndDevelopment": "23000000", "operatingExpenses": "224000000", "investmentIncomeNet": "None", "netInterestIncome": "-18000000", "interestIncome": "18000000", "interestExpense": "18000000", "nonInterestIncome": "None", "otherNonOperatingIncome": "-1000000", "depreciation": "None", "depreciationAndAmortization": "66000000", "incomeBeforeTax": "172000000", "incomeTaxExpense": "23000000", "interestAndDebtExpense": "None", "netIncomeFromContinuingOperations": "149000000", "comprehensiveIncomeNetOfTax": "None", "ebit": "190000000", "ebitda": "256000000", "netIncome": "149000000"}, {"fiscalDateEnding": "2019-09-30", "reportedCurrency": "USD", "grossProfit": "417000000", "totalRevenue": "2219000000", "costOfRevenue": "1802000000", "costofGoodsAndServicesSold": "1802000000", "operatingIncome": "214000000", "sellingGeneralAndAdministrative": "209000000", "researchAndDevelopment": "None", "operatingExpenses": "209000000", "investmentIncomeNet": "None", "netInterestIncome": "-18000000", "interestIncome": "18000000", "interestExpense": "18000000", "nonInterestIncome": "None", "otherNonOperatingIncome": "None", "depreciation": "None", "depreciationAndAmortization": "55000000", "incomeBeforeTax": "198000000", "incomeTaxExpense": "44000000", "interestAndDebtExpense": "None", "netIncomeFromContinuingOperations": "154000000", "comprehensiveIncomeNetOfTax": "None", "ebit": "216000000", "ebitda": "271000000", "netIncome": "154000000"}, {"fiscalDateEnding": "2019-06-30", "reportedCurrency": "USD", "grossProfit": "354000000", "totalRevenue": "2188000000", "costOfRevenue": "1834000000", "costofGoodsAndServicesSold": "1834000000", "operatingIncome": "175000000", "sellingGeneralAndAdministrative": "184000000", "researchAndDevelopment": "None", "operatingExpenses": "184000000", "investmentIncomeNet": "None", "netInterestIncome": "-18000000", "interestIncome": "18000000", "interestExpense": "18000000", "nonInterestIncome": "None", "otherNonOperatingIncome": "5000000", "depreciation": "None", "depreciationAndAmortization": "54000000", "incomeBeforeTax": "164000000", "incomeTaxExpense": "36000000", "interestAndDebtExpense": "None", "netIncomeFromContinuingOperations": "128000000", "comprehensiveIncomeNetOfTax": "None", "ebit": "182000000", "ebitda": "236000000", "netIncome": "128000000"}, {"fiscalDateEnding": "2019-03-31", "reportedCurrency": "USD", "grossProfit": "328000000", "totalRevenue": "2080000000", "costOfRevenue": "1752000000", "costofGoodsAndServicesSold": "1752000000", "operatingIncome": "161000000", "sellingGeneralAndAdministrative": "171000000", "researchAndDevelopment": "None", "operatingExpenses": "171000000", "investmentIncomeNet": "None", "netInterestIncome": "-16000000", "interestIncome": "16000000", "interestExpense": "16000000", "nonInterestIncome": "None", "otherNonOperatingIncome": "1000000", "depreciation": "None", "depreciationAndAmortization": "52000000", "incomeBeforeTax": "149000000", "incomeTaxExpense": "31000000", "interestAndDebtExpense": "None", "netIncomeFromContinuingOperations": "118000000", "comprehensiveIncomeNetOfTax": "None", "ebit": "165000000", "ebitda": "217000000", "netIncome": "118000000"}, {"fiscalDateEnding": "2018-12-31", "reportedCurrency": "USD", "grossProfit": "470000000", "totalRevenue": "2199000000", "costOfRevenue": "1729000000", "costofGoodsAndServicesSold": "1729000000", "operatingIncome": "213000000", "sellingGeneralAndAdministrative": "262000000", "researchAndDevelopment": "25000000", "operatingExpenses": "262000000", "investmentIncomeNet": "None", "netInterestIncome": "None", "interestIncome": "None", "interestExpense": "14000000", "nonInterestIncome": "None", "otherNonOperatingIncome": "2000000", "depreciation": "None", "depreciationAndAmortization": "46000000", "incomeBeforeTax": "219000000", "incomeTaxExpense": "7000000", "interestAndDebtExpense": "None", "netIncomeFromContinuingOperations": "212000000", "comprehensiveIncomeNetOfTax": "None", "ebit": "233000000", "ebitda": "279000000", "netIncome": "212000000"}, {"fiscalDateEnding": "2018-09-30", "reportedCurrency": "USD", "grossProfit": "490000000", "totalRevenue": "2083000000", "costOfRevenue": "1593000000", "costofGoodsAndServicesSold": "1593000000", "operatingIncome": "290000000", "sellingGeneralAndAdministrative": "208000000", "researchAndDevelopment": "0", "operatingExpenses": "208000000", "investmentIncomeNet": "None", "netInterestIncome": "None", "interestIncome": "None", "interestExpense": "14000000", "nonInterestIncome": "None", "otherNonOperatingIncome": "None", "depreciation": "None", "depreciationAndAmortization": "54000000", "incomeBeforeTax": "295000000", "incomeTaxExpense": "66000000", "interestAndDebtExpense": "None", "netIncomeFromContinuingOperations": "229000000", "comprehensiveIncomeNetOfTax": "None", "ebit": "309000000", "ebitda": "363000000", "netIncome": "229000000"}, {"fiscalDateEnding": "2018-06-30", "reportedCurrency": "USD", "grossProfit": "452000000", "totalRevenue": "2020000000", "costOfRevenue": "1568000000", "costofGoodsAndServicesSold": "1568000000", "operatingIncome": "257000000", "sellingGeneralAndAdministrative": "209000000", "researchAndDevelopment": "0", "operatingExpenses": "197000000", "investmentIncomeNet": "None", "netInterestIncome": "None", "interestIncome": "None", "interestExpense": "15000000", "nonInterestIncome": "None", "otherNonOperatingIncome": "-1000000", "depreciation": "None", "depreciationAndAmortization": "53000000", "incomeBeforeTax": "262000000", "incomeTaxExpense": "23000000", "interestAndDebtExpense": "None", "netIncomeFromContinuingOperations": "239000000", "comprehensiveIncomeNetOfTax": "None", "ebit": "277000000", "ebitda": "330000000", "netIncome": "239000000"}, {"fiscalDateEnding": "2018-03-31", "reportedCurrency": "USD", "grossProfit": "379000000", "totalRevenue": "1874000000", "costOfRevenue": "1495000000", "costofGoodsAndServicesSold": "1495000000", "operatingIncome": "191000000", "sellingGeneralAndAdministrative": "192000000", "researchAndDevelopment": "0", "operatingExpenses": "190000000", "investmentIncomeNet": "None", "netInterestIncome": "None", "interestIncome": "None", "interestExpense": "15000000", "nonInterestIncome": "None", "otherNonOperatingIncome": "1000000", "depreciation": "None", "depreciationAndAmortization": "50000000", "incomeBeforeTax": "195000000", "incomeTaxExpense": "39000000", "interestAndDebtExpense": "None", "netIncomeFromContinuingOperations": "156000000", "comprehensiveIncomeNetOfTax": "None", "ebit": "210000000", "ebitda": "260000000", "netIncome": "156000000"}, {"fiscalDateEnding": "2017-12-31", "reportedCurrency": "USD", "grossProfit": "398000000", "totalRevenue": "1996000000", "costOfRevenue": "1598000000", "costofGoodsAndServicesSold": "1598000000", "operatingIncome": "227000000", "sellingGeneralAndAdministrative": "173000000", "researchAndDevelopment": "17000000", "operatingExpenses": "173000000", "investmentIncomeNet": "None", "netInterestIncome": "None", "interestIncome": "None", "interestExpense": "41000000", "nonInterestIncome": "None", "otherNonOperatingIncome": "5000000", "depreciation": "None", "depreciationAndAmortization": "52000000", "incomeBeforeTax": "187000000", "incomeTaxExpense": "123000000", "interestAndDebtExpense": "None", "netIncomeFromContinuingOperations": "64000000", "comprehensiveIncomeNetOfTax": "None", "ebit": "206000000", "ebitda": "258000000", "netIncome": "64000000"}, {"fiscalDateEnding": "2017-09-30", "reportedCurrency": "USD", "grossProfit": "365000000", "totalRevenue": "1863000000", "costOfRevenue": "1498000000", "costofGoodsAndServicesSold": "1498000000", "operatingIncome": "237000000", "sellingGeneralAndAdministrative": "135000000", "researchAndDevelopment": "0", "operatingExpenses": "135000000", "investmentIncomeNet": "None", "netInterestIncome": "None", "interestIncome": "None", "interestExpense": "18000000", "nonInterestIncome": "None", "otherNonOperatingIncome": "4000000", "depreciation": "None", "depreciationAndAmortization": "51000000", "incomeBeforeTax": "220000000", "incomeTaxExpense": "71000000", "interestAndDebtExpense": "None", "netIncomeFromContinuingOperations": "149000000", "comprehensiveIncomeNetOfTax": "None", "ebit": "238000000", "ebitda": "289000000", "netIncome": "149000000"}, {"fiscalDateEnding": "2017-06-30", "reportedCurrency": "USD", "grossProfit": "369000000", "totalRevenue": "1858000000", "costOfRevenue": "1489000000", "costofGoodsAndServicesSold": "1489000000", "operatingIncome": "237000000", "sellingGeneralAndAdministrative": "133000000", "researchAndDevelopment": "0", "operatingExpenses": "133000000", "investmentIncomeNet": "None", "netInterestIncome": "None", "interestIncome": "None", "interestExpense": "17000000", "nonInterestIncome": "None", "otherNonOperatingIncome": "1000000", "depreciation": "None", "depreciationAndAmortization": "50000000", "incomeBeforeTax": "218000000", "incomeTaxExpense": "71000000", "interestAndDebtExpense": "None", "netIncomeFromContinuingOperations": "147000000", "comprehensiveIncomeNetOfTax": "None", "ebit": "235000000", "ebitda": "285000000", "netIncome": "147000000"}, {"fiscalDateEnding": "2017-03-31", "reportedCurrency": "USD", "grossProfit": "291000000", "totalRevenue": "1724000000", "costOfRevenue": "1433000000", "costofGoodsAndServicesSold": "1433000000", "operatingIncome": "164000000", "sellingGeneralAndAdministrative": "129000000", "researchAndDevelopment": "0", "operatingExpenses": "129000000", "investmentIncomeNet": "None", "netInterestIncome": "None", "interestIncome": "None", "interestExpense": "18000000", "nonInterestIncome": "None", "otherNonOperatingIncome": "5000000", "depreciation": "None", "depreciationAndAmortization": "52000000", "incomeBeforeTax": "147000000", "incomeTaxExpense": "28000000", "interestAndDebtExpense": "None", "netIncomeFromContinuingOperations": "119000000", "comprehensiveIncomeNetOfTax": "None", "ebit": "165000000", "ebitda": "217000000", "netIncome": "119000000"}, {"fiscalDateEnding": "2016-12-31", "reportedCurrency": "USD", "grossProfit": "442000000", "totalRevenue": "1922000000", "costOfRevenue": "1480000000", "costofGoodsAndServicesSold": "1480000000", "operatingIncome": "268000000", "sellingGeneralAndAdministrative": "188000000", "researchAndDevelopment": "19000000", "operatingExpenses": "173000000", "investmentIncomeNet": "None", "netInterestIncome": "None", "interestIncome": "None", "interestExpense": "18000000", "nonInterestIncome": "None", "otherNonOperatingIncome": "-1000000", "depreciation": "None", "depreciationAndAmortization": "47000000", "incomeBeforeTax": "251000000", "incomeTaxExpense": "54000000", "interestAndDebtExpense": "None", "netIncomeFromContinuingOperations": "197000000", "comprehensiveIncomeNetOfTax": "None", "ebit": "269000000", "ebitda": "316000000", "netIncome": "197000000"}, {"fiscalDateEnding": "2016-09-30", "reportedCurrency": "USD", "grossProfit": "316000000", "totalRevenue": "1683000000", "costOfRevenue": "1367000000", "costofGoodsAndServicesSold": "1367000000", "operatingIncome": "175000000", "sellingGeneralAndAdministrative": "147000000", "researchAndDevelopment": "0", "operatingExpenses": "147000000", "investmentIncomeNet": "None", "netInterestIncome": "None", "interestIncome": "None", "interestExpense": "19000000", "nonInterestIncome": "None", "otherNonOperatingIncome": "2000000", "depreciation": "None", "depreciationAndAmortization": "45000000", "incomeBeforeTax": "157000000", "incomeTaxExpense": "50000000", "interestAndDebtExpense": "None", "netIncomeFromContinuingOperations": "107000000", "comprehensiveIncomeNetOfTax": "None", "ebit": "176000000", "ebitda": "221000000", "netIncome": "107000000"}, {"fiscalDateEnding": "2016-06-30", "reportedCurrency": "USD", "grossProfit": "367000000", "totalRevenue": "1700000000", "costOfRevenue": "1333000000", "costofGoodsAndServicesSold": "1333000000", "operatingIncome": "217000000", "sellingGeneralAndAdministrative": "151000000", "researchAndDevelopment": "0", "operatingExpenses": "151000000", "investmentIncomeNet": "None", "netInterestIncome": "None", "interestIncome": "None", "interestExpense": "18000000", "nonInterestIncome": "None", "otherNonOperatingIncome": "None", "depreciation": "None", "depreciationAndAmortization": "48000000", "incomeBeforeTax": "199000000", "incomeTaxExpense": "66000000", "interestAndDebtExpense": "None", "netIncomeFromContinuingOperations": "133000000", "comprehensiveIncomeNetOfTax": "None", "ebit": "217000000", "ebitda": "265000000", "netIncome": "133000000"}, {"fiscalDateEnding": "2016-03-31", "reportedCurrency": "USD", "grossProfit": "335000000", "totalRevenue": "1763000000", "costOfRevenue": "1428000000", "costofGoodsAndServicesSold": "1428000000", "operatingIncome": "198000000", "sellingGeneralAndAdministrative": "137000000", "researchAndDevelopment": "0", "operatingExpenses": "137000000", "investmentIncomeNet": "None", "netInterestIncome": "None", "interestIncome": "None", "interestExpense": "19000000", "nonInterestIncome": "None", "otherNonOperatingIncome": "-2000000", "depreciation": "None", "depreciationAndAmortization": "46000000", "incomeBeforeTax": "177000000", "incomeTaxExpense": "41000000", "interestAndDebtExpense": "None", "netIncomeFromContinuingOperations": "136000000", "comprehensiveIncomeNetOfTax": "None", "ebit": "196000000", "ebitda": "242000000", "netIncome": "136000000"}, {"fiscalDateEnding": "2015-12-31", "reportedCurrency": "USD", "grossProfit": "355000000", "totalRevenue": "1905000000", "costOfRevenue": "1550000000", "costofGoodsAndServicesSold": "1550000000", "operatingIncome": "144000000", "sellingGeneralAndAdministrative": "196000000", "researchAndDevelopment": "19000000", "operatingExpenses": "196000000", "investmentIncomeNet": "None", "netInterestIncome": "None", "interestIncome": "None", "interestExpense": "64000000", "nonInterestIncome": "None", "otherNonOperatingIncome": "2000000", "depreciation": "None", "depreciationAndAmortization": "45000000", "incomeBeforeTax": "80000000", "incomeTaxExpense": "30000000", "interestAndDebtExpense": "None", "netIncomeFromContinuingOperations": "50000000", "comprehensiveIncomeNetOfTax": "None", "ebit": "144000000", "ebitda": "189000000", "netIncome": "50000000"}, {"fiscalDateEnding": "2015-09-30", "reportedCurrency": "USD", "grossProfit": "344000000", "totalRevenue": "1800000000", "costOfRevenue": "1456000000", "costofGoodsAndServicesSold": "1456000000", "operatingIncome": "200000000", "sellingGeneralAndAdministrative": "150000000", "researchAndDevelopment": "0", "operatingExpenses": "150000000", "investmentIncomeNet": "None", "netInterestIncome": "None", "interestIncome": "None", "interestExpense": "25000000", "nonInterestIncome": "None", "otherNonOperatingIncome": "-7000000", "depreciation": "None", "depreciationAndAmortization": "45000000", "incomeBeforeTax": "175000000", "incomeTaxExpense": "64000000", "interestAndDebtExpense": "None", "netIncomeFromContinuingOperations": "111000000", "comprehensiveIncomeNetOfTax": "None", "ebit": "200000000", "ebitda": "245000000", "netIncome": "111000000"}, {"fiscalDateEnding": "2015-06-30", "reportedCurrency": "USD", "grossProfit": "499000000", "totalRevenue": "1745000000", "costOfRevenue": "1246000000", "costofGoodsAndServicesSold": "1246000000", "operatingIncome": "269000000", "sellingGeneralAndAdministrative": "173000000", "researchAndDevelopment": "0", "operatingExpenses": "173000000", "investmentIncomeNet": "None", "netInterestIncome": "None", "interestIncome": "None", "interestExpense": "25000000", "nonInterestIncome": "None", "otherNonOperatingIncome": "2000000", "depreciation": "None", "depreciationAndAmortization": "44000000", "incomeBeforeTax": "244000000", "incomeTaxExpense": "88000000", "interestAndDebtExpense": "None", "netIncomeFromContinuingOperations": "156000000", "comprehensiveIncomeNetOfTax": "None", "ebit": "269000000", "ebitda": "313000000", "netIncome": "156000000"}, {"fiscalDateEnding": "2015-03-31", "reportedCurrency": "USD", "grossProfit": "305000000", "totalRevenue": "1570000000", "costOfRevenue": "1265000000", "costofGoodsAndServicesSold": "1265000000", "operatingIncome": "156000000", "sellingGeneralAndAdministrative": "150000000", "researchAndDevelopment": "0", "operatingExpenses": "150000000", "investmentIncomeNet": "None", "netInterestIncome": "None", "interestIncome": "None", "interestExpense": "23000000", "nonInterestIncome": "None", "otherNonOperatingIncome": "-2000000", "depreciation": "None", "depreciationAndAmortization": "46000000", "incomeBeforeTax": "133000000", "incomeTaxExpense": "46000000", "interestAndDebtExpense": "None", "netIncomeFromContinuingOperations": "87000000", "comprehensiveIncomeNetOfTax": "None", "ebit": "156000000", "ebitda": "202000000", "netIncome": "87000000"}, {"fiscalDateEnding": "2014-12-31", "reportedCurrency": "USD", "grossProfit": "407000000", "totalRevenue": "1927000000", "costOfRevenue": "1520000000", "costofGoodsAndServicesSold": "1520000000", "operatingIncome": "144000000", "sellingGeneralAndAdministrative": "217000000", "researchAndDevelopment": "18000000", "operatingExpenses": "217000000", "investmentIncomeNet": "None", "netInterestIncome": "None", "interestIncome": "None", "interestExpense": "66000000", "nonInterestIncome": "None", "otherNonOperatingIncome": "1000000", "depreciation": "None", "depreciationAndAmortization": "38000000", "incomeBeforeTax": "79000000", "incomeTaxExpense": "27000000", "interestAndDebtExpense": "None", "netIncomeFromContinuingOperations": "52000000", "comprehensiveIncomeNetOfTax": "None", "ebit": "145000000", "ebitda": "183000000", "netIncome": "52000000"}, {"fiscalDateEnding": "2014-09-30", "reportedCurrency": "USD", "grossProfit": "353000000", "totalRevenue": "1717000000", "costOfRevenue": "1364000000", "costofGoodsAndServicesSold": "1364000000", "operatingIncome": "171000000", "sellingGeneralAndAdministrative": "189000000", "researchAndDevelopment": "0", "operatingExpenses": "189000000", "investmentIncomeNet": "None", "netInterestIncome": "None", "interestIncome": "None", "interestExpense": "27000000", "nonInterestIncome": "None", "otherNonOperatingIncome": "-2000000", "depreciation": "None", "depreciationAndAmortization": "47000000", "incomeBeforeTax": "144000000", "incomeTaxExpense": "48000000", "interestAndDebtExpense": "None", "netIncomeFromContinuingOperations": "96000000", "comprehensiveIncomeNetOfTax": "None", "ebit": "124000000", "ebitda": "171000000", "netIncome": "96000000"}, {"fiscalDateEnding": "2014-06-30", "reportedCurrency": "USD", "grossProfit": "350000000", "totalRevenue": "1719000000", "costOfRevenue": "1369000000", "costofGoodsAndServicesSold": "1369000000", "operatingIncome": "181000000", "sellingGeneralAndAdministrative": "170000000", "researchAndDevelopment": "0", "operatingExpenses": "170000000", "investmentIncomeNet": "None", "netInterestIncome": "None", "interestIncome": "None", "interestExpense": "29000000", "nonInterestIncome": "None", "otherNonOperatingIncome": "1000000", "depreciation": "None", "depreciationAndAmortization": "49000000", "incomeBeforeTax": "152000000", "incomeTaxExpense": "52000000", "interestAndDebtExpense": "None", "netIncomeFromContinuingOperations": "100000000", "comprehensiveIncomeNetOfTax": "None", "ebit": "181000000", "ebitda": "230000000", "netIncome": "100000000"}, {"fiscalDateEnding": "2014-03-31", "reportedCurrency": "USD", "grossProfit": "307000000", "totalRevenue": "1594000000", "costOfRevenue": "1287000000", "costofGoodsAndServicesSold": "1287000000", "operatingIncome": "159000000", "sellingGeneralAndAdministrative": "150000000", "researchAndDevelopment": "0", "operatingExpenses": "150000000", "investmentIncomeNet": "None", "netInterestIncome": "None", "interestIncome": "None", "interestExpense": "27000000", "nonInterestIncome": "None", "otherNonOperatingIncome": "1000000", "depreciation": "None", "depreciationAndAmortization": "60000000", "incomeBeforeTax": "132000000", "incomeTaxExpense": "42000000", "interestAndDebtExpense": "None", "netIncomeFromContinuingOperations": "90000000", "comprehensiveIncomeNetOfTax": "None", "ebit": "159000000", "ebitda": "219000000", "netIncome": "90000000"}, {"fiscalDateEnding": "2013-12-31", "reportedCurrency": "USD", "grossProfit": "371000000", "totalRevenue": "1938000000", "costOfRevenue": "1567000000", "costofGoodsAndServicesSold": "1567000000", "operatingIncome": "174000000", "sellingGeneralAndAdministrative": "198000000", "researchAndDevelopment": "22000000", "operatingExpenses": "198000000", "investmentIncomeNet": "None", "netInterestIncome": "None", "interestIncome": "None", "interestExpense": "31000000", "nonInterestIncome": "None", "otherNonOperatingIncome": "1000000", "depreciation": "None", "depreciationAndAmortization": "75000000", "incomeBeforeTax": "143000000", "incomeTaxExpense": "52000000", "interestAndDebtExpense": "None", "netIncomeFromContinuingOperations": "91000000", "comprehensiveIncomeNetOfTax": "None", "ebit": "174000000", "ebitda": "249000000", "netIncome": "91000000"}, {"fiscalDateEnding": "2013-09-30", "reportedCurrency": "USD", "grossProfit": "304000000", "totalRevenue": "1637000000", "costOfRevenue": "1333000000", "costofGoodsAndServicesSold": "1333000000", "operatingIncome": "127000000", "sellingGeneralAndAdministrative": "186000000", "researchAndDevelopment": "0", "operatingExpenses": "186000000", "investmentIncomeNet": "None", "netInterestIncome": "None", "interestIncome": "None", "interestExpense": "28000000", "nonInterestIncome": "None", "otherNonOperatingIncome": "2000000", "depreciation": "None", "depreciationAndAmortization": "58000000", "incomeBeforeTax": "99000000", "incomeTaxExpense": "30000000", "interestAndDebtExpense": "None", "netIncomeFromContinuingOperations": "69000000", "comprehensiveIncomeNetOfTax": "None", "ebit": "127000000", "ebitda": "185000000", "netIncome": "69000000"}, {"fiscalDateEnding": "2013-06-30", "reportedCurrency": "USD", "grossProfit": "299000000", "totalRevenue": "1683000000", "costOfRevenue": "1384000000", "costofGoodsAndServicesSold": "1384000000", "operatingIncome": "116000000", "sellingGeneralAndAdministrative": "185000000", "researchAndDevelopment": "0", "operatingExpenses": "185000000", "investmentIncomeNet": "None", "netInterestIncome": "None", "interestIncome": "None", "interestExpense": "29000000", "nonInterestIncome": "None", "otherNonOperatingIncome": "-1000000", "depreciation": "None", "depreciationAndAmortization": "44000000", "incomeBeforeTax": "87000000", "incomeTaxExpense": "30000000", "interestAndDebtExpense": "None", "netIncomeFromContinuingOperations": "57000000", "comprehensiveIncomeNetOfTax": "None", "ebit": "116000000", "ebitda": "160000000", "netIncome": "57000000"}, {"fiscalDateEnding": "2013-03-31", "reportedCurrency": "USD", "grossProfit": "263000000", "totalRevenue": "1562000000", "costOfRevenue": "1299000000", "costofGoodsAndServicesSold": "1299000000", "operatingIncome": "95000000", "sellingGeneralAndAdministrative": "170000000", "researchAndDevelopment": "0", "operatingExpenses": "170000000", "investmentIncomeNet": "None", "netInterestIncome": "None", "interestIncome": "None", "interestExpense": "30000000", "nonInterestIncome": "None", "otherNonOperatingIncome": "2000000", "depreciation": "None", "depreciationAndAmortization": "49000000", "incomeBeforeTax": "65000000", "incomeTaxExpense": "21000000", "interestAndDebtExpense": "None", "netIncomeFromContinuingOperations": "44000000", "comprehensiveIncomeNetOfTax": "None", "ebit": "95000000", "ebitda": "144000000", "netIncome": "44000000"}, {"fiscalDateEnding": "2012-12-31", "reportedCurrency": "USD", "grossProfit": "334000000", "totalRevenue": "1823000000", "costOfRevenue": "1489000000", "costofGoodsAndServicesSold": "1489000000", "operatingIncome": "106000000", "sellingGeneralAndAdministrative": "233000000", "researchAndDevelopment": "21000000", "operatingExpenses": "233000000", "investmentIncomeNet": "None", "netInterestIncome": "None", "interestIncome": "None", "interestExpense": "29000000", "nonInterestIncome": "None", "otherNonOperatingIncome": "None", "depreciation": "None", "depreciationAndAmortization": "47000000", "incomeBeforeTax": "77000000", "incomeTaxExpense": "27000000", "interestAndDebtExpense": "None", "netIncomeFromContinuingOperations": "50000000", "comprehensiveIncomeNetOfTax": "None", "ebit": "106000000", "ebitda": "153000000", "netIncome": "50000000"}, {"fiscalDateEnding": "2012-09-30", "reportedCurrency": "USD", "grossProfit": "223000000", "totalRevenue": "1596000000", "costOfRevenue": "1373000000", "costofGoodsAndServicesSold": "1373000000", "operatingIncome": "66000000", "sellingGeneralAndAdministrative": "164000000", "researchAndDevelopment": "0", "operatingExpenses": "164000000", "investmentIncomeNet": "None", "netInterestIncome": "None", "interestIncome": "None", "interestExpense": "29000000", "nonInterestIncome": "None", "otherNonOperatingIncome": "None", "depreciation": "None", "depreciationAndAmortization": "45000000", "incomeBeforeTax": "37000000", "incomeTaxExpense": "24000000", "interestAndDebtExpense": "None", "netIncomeFromContinuingOperations": "13000000", "comprehensiveIncomeNetOfTax": "None", "ebit": "21000000", "ebitda": "66000000", "netIncome": "13000000"}, {"fiscalDateEnding": "2012-06-30", "reportedCurrency": "USD", "grossProfit": "278000000", "totalRevenue": "1721000000", "costOfRevenue": "1443000000", "costofGoodsAndServicesSold": "1443000000", "operatingIncome": "106000000", "sellingGeneralAndAdministrative": "176000000", "researchAndDevelopment": "0", "operatingExpenses": "176000000", "investmentIncomeNet": "None", "netInterestIncome": "None", "interestIncome": "None", "interestExpense": "29000000", "nonInterestIncome": "None", "otherNonOperatingIncome": "None", "depreciation": "None", "depreciationAndAmortization": "45000000", "incomeBeforeTax": "77000000", "incomeTaxExpense": "27000000", "interestAndDebtExpense": "None", "netIncomeFromContinuingOperations": "50000000", "comprehensiveIncomeNetOfTax": "None", "ebit": "61000000", "ebitda": "106000000", "netIncome": "50000000"}, {"fiscalDateEnding": "2012-03-31", "reportedCurrency": "USD", "grossProfit": "230000000", "totalRevenue": "1568000000", "costOfRevenue": "1338000000", "costofGoodsAndServicesSold": "1338000000", "operatingIncome": "80000000", "sellingGeneralAndAdministrative": "150000000", "researchAndDevelopment": "0", "operatingExpenses": "150000000", "investmentIncomeNet": "None", "netInterestIncome": "None", "interestIncome": "None", "interestExpense": "30000000", "nonInterestIncome": "None", "otherNonOperatingIncome": "None", "depreciation": "None", "depreciationAndAmortization": "47000000", "incomeBeforeTax": "50000000", "incomeTaxExpense": "17000000", "interestAndDebtExpense": "None", "netIncomeFromContinuingOperations": "33000000", "comprehensiveIncomeNetOfTax": "None", "ebit": "33000000", "ebitda": "80000000", "netIncome": "33000000"}, {"fiscalDateEnding": "2011-12-31", "reportedCurrency": "USD", "grossProfit": "267000000", "totalRevenue": "1735000000", "costOfRevenue": "1468000000", "costofGoodsAndServicesSold": "1468000000", "operatingIncome": "124000000", "sellingGeneralAndAdministrative": "153000000", "researchAndDevelopment": "24000000", "operatingExpenses": "153000000", "investmentIncomeNet": "None", "netInterestIncome": "None", "interestIncome": "None", "interestExpense": "29000000", "nonInterestIncome": "None", "otherNonOperatingIncome": "None", "depreciation": "None", "depreciationAndAmortization": "46000000", "incomeBeforeTax": "95000000", "incomeTaxExpense": "26000000", "interestAndDebtExpense": "None", "netIncomeFromContinuingOperations": "0", "comprehensiveIncomeNetOfTax": "None", "ebit": "124000000", "ebitda": "170000000", "netIncome": "69000000"}, {"fiscalDateEnding": "2011-09-30", "reportedCurrency": "USD", "grossProfit": "263000000", "totalRevenue": "1593000000", "costOfRevenue": "1330000000", "costofGoodsAndServicesSold": "1330000000", "operatingIncome": "-190000000", "sellingGeneralAndAdministrative": "153000000", "researchAndDevelopment": "0", "operatingExpenses": "153000000", "investmentIncomeNet": "None", "netInterestIncome": "None", "interestIncome": "None", "interestExpense": "30000000", "nonInterestIncome": "None", "otherNonOperatingIncome": "None", "depreciation": "None", "depreciationAndAmortization": "47000000", "incomeBeforeTax": "-220000000", "incomeTaxExpense": "28000000", "interestAndDebtExpense": "None", "netIncomeFromContinuingOperations": "-248000000", "comprehensiveIncomeNetOfTax": "None", "ebit": "-190000000", "ebitda": "-143000000", "netIncome": "-248000000"}, {"fiscalDateEnding": "2011-06-30", "reportedCurrency": "USD", "grossProfit": "260000000", "totalRevenue": "1563000000", "costOfRevenue": "1303000000", "costofGoodsAndServicesSold": "1303000000", "operatingIncome": "91000000", "sellingGeneralAndAdministrative": "169000000", "researchAndDevelopment": "0", "operatingExpenses": "169000000", "investmentIncomeNet": "None", "netInterestIncome": "None", "interestIncome": "None", "interestExpense": "30000000", "nonInterestIncome": "None", "otherNonOperatingIncome": "None", "depreciation": "None", "depreciationAndAmortization": "46000000", "incomeBeforeTax": "61000000", "incomeTaxExpense": "21000000", "interestAndDebtExpense": "None", "netIncomeFromContinuingOperations": "40000000", "comprehensiveIncomeNetOfTax": "None", "ebit": "45000000", "ebitda": "91000000", "netIncome": "40000000"}, {"fiscalDateEnding": "2011-03-31", "reportedCurrency": "USD", "grossProfit": "234000000", "totalRevenue": "1684000000", "costOfRevenue": "1450000000", "costofGoodsAndServicesSold": "1450000000", "operatingIncome": "85000000", "sellingGeneralAndAdministrative": "149000000", "researchAndDevelopment": "0", "operatingExpenses": "149000000", "investmentIncomeNet": "None", "netInterestIncome": "None", "interestIncome": "None", "interestExpense": "15000000", "nonInterestIncome": "None", "otherNonOperatingIncome": "None", "depreciation": "None", "depreciationAndAmortization": "45000000", "incomeBeforeTax": "70000000", "incomeTaxExpense": "25000000", "interestAndDebtExpense": "None", "netIncomeFromContinuingOperations": "0", "comprehensiveIncomeNetOfTax": "None", "ebit": "40000000", "ebitda": "85000000", "netIncome": "45000000"}, {"fiscalDateEnding": "2010-12-31", "reportedCurrency": "USD", "grossProfit": "275000000", "totalRevenue": "1736000000", "costOfRevenue": "1461000000", "costofGoodsAndServicesSold": "1461000000", "operatingIncome": "97000000", "sellingGeneralAndAdministrative": "197000000", "researchAndDevelopment": "23000000", "operatingExpenses": "197000000", "investmentIncomeNet": "None", "netInterestIncome": "None", "interestIncome": "None", "interestExpense": "10000000", "nonInterestIncome": "None", "otherNonOperatingIncome": "None", "depreciation": "None", "depreciationAndAmortization": "40000000", "incomeBeforeTax": "85000000", "incomeTaxExpense": "26000000", "interestAndDebtExpense": "None", "netIncomeFromContinuingOperations": "0", "comprehensiveIncomeNetOfTax": "None", "ebit": "95000000", "ebitda": "135000000", "netIncome": "59000000"}, {"fiscalDateEnding": "2010-09-30", "reportedCurrency": "USD", "grossProfit": "235000000", "totalRevenue": "1665000000", "costOfRevenue": "1430000000", "costofGoodsAndServicesSold": "1430000000", "operatingIncome": "77000000", "sellingGeneralAndAdministrative": "158000000", "researchAndDevelopment": "0", "operatingExpenses": "158000000", "investmentIncomeNet": "None", "netInterestIncome": "None", "interestIncome": "None", "interestExpense": "10000000", "nonInterestIncome": "None", "otherNonOperatingIncome": "None", "depreciation": "None", "depreciationAndAmortization": "47000000", "incomeBeforeTax": "67000000", "incomeTaxExpense": "25000000", "interestAndDebtExpense": "None", "netIncomeFromContinuingOperations": "0", "comprehensiveIncomeNetOfTax": "None", "ebit": "77000000", "ebitda": "124000000", "netIncome": "42000000"}, {"fiscalDateEnding": "2010-06-30", "reportedCurrency": "USD", "grossProfit": "141000000", "totalRevenue": "1610000000", "costOfRevenue": "1469000000", "costofGoodsAndServicesSold": "1469000000", "operatingIncome": "-20000000", "sellingGeneralAndAdministrative": "161000000", "researchAndDevelopment": "0", "operatingExpenses": "161000000", "investmentIncomeNet": "None", "netInterestIncome": "None", "interestIncome": "None", "interestExpense": "10000000", "nonInterestIncome": "None", "otherNonOperatingIncome": "None", "depreciation": "None", "depreciationAndAmortization": "46000000", "incomeBeforeTax": "-30000000", "incomeTaxExpense": "-19000000", "interestAndDebtExpense": "None", "netIncomeFromContinuingOperations": "0", "comprehensiveIncomeNetOfTax": "None", "ebit": "-20000000", "ebitda": "26000000", "netIncome": "-11000000"}, {"fiscalDateEnding": "2010-03-31", "reportedCurrency": "USD", "grossProfit": "241000000", "totalRevenue": "1712000000", "costOfRevenue": "1471000000", "costofGoodsAndServicesSold": "1471000000", "operatingIncome": "87000000", "sellingGeneralAndAdministrative": "154000000", "researchAndDevelopment": "0", "operatingExpenses": "154000000", "investmentIncomeNet": "None", "netInterestIncome": "None", "interestIncome": "None", "interestExpense": "10000000", "nonInterestIncome": "None", "otherNonOperatingIncome": "None", "depreciation": "None", "depreciationAndAmortization": "50000000", "incomeBeforeTax": "77000000", "incomeTaxExpense": "36000000", "interestAndDebtExpense": "None", "netIncomeFromContinuingOperations": "0", "comprehensiveIncomeNetOfTax": "None", "ebit": "87000000", "ebitda": "137000000", "netIncome": "41000000"}, {"fiscalDateEnding": "2009-12-31", "reportedCurrency": "USD", "grossProfit": "1036000000", "totalRevenue": "1682000000", "costOfRevenue": "1617000000", "costofGoodsAndServicesSold": "1617000000", "operatingIncome": "65000000", "sellingGeneralAndAdministrative": "639000000", "researchAndDevelopment": "21000000", "operatingExpenses": "0", "investmentIncomeNet": "None", "netInterestIncome": "None", "interestIncome": "None", "interestExpense": "36000000", "nonInterestIncome": "None", "otherNonOperatingIncome": "None", "depreciation": "None", "depreciationAndAmortization": "None", "incomeBeforeTax": "63000000", "incomeTaxExpense": "20000000", "interestAndDebtExpense": "None", "netIncomeFromContinuingOperations": "0", "comprehensiveIncomeNetOfTax": "None", "ebit": "0", "ebitda": "None", "netIncome": "43000000"}, {"fiscalDateEnding": "2009-09-30", "reportedCurrency": "USD", "grossProfit": "0", "totalRevenue": "1656000000", "costOfRevenue": "1574000000", "costofGoodsAndServicesSold": "1574000000", "operatingIncome": "82000000", "sellingGeneralAndAdministrative": "0", "researchAndDevelopment": "0", "operatingExpenses": "0", "investmentIncomeNet": "None", "netInterestIncome": "None", "interestIncome": "None", "interestExpense": "0", "nonInterestIncome": "None", "otherNonOperatingIncome": "None", "depreciation": "None", "depreciationAndAmortization": "None", "incomeBeforeTax": "71000000", "incomeTaxExpense": "19000000", "interestAndDebtExpense": "None", "netIncomeFromContinuingOperations": "0", "comprehensiveIncomeNetOfTax": "None", "ebit": "0", "ebitda": "None", "netIncome": "52000000"}, {"fiscalDateEnding": "2009-06-30", "reportedCurrency": "USD", "grossProfit": "0", "totalRevenue": "1544000000", "costOfRevenue": "1548000000", "costofGoodsAndServicesSold": "1548000000", "operatingIncome": "-68000000", "sellingGeneralAndAdministrative": "0", "researchAndDevelopment": "0", "operatingExpenses": "0", "investmentIncomeNet": "None", "netInterestIncome": "None", "interestIncome": "None", "interestExpense": "0", "nonInterestIncome": "None", "otherNonOperatingIncome": "None", "depreciation": "None", "depreciationAndAmortization": "None", "incomeBeforeTax": "-57000000", "incomeTaxExpense": "-18000000", "interestAndDebtExpense": "None", "netIncomeFromContinuingOperations": "0", "comprehensiveIncomeNetOfTax": "None", "ebit": "0", "ebitda": "None", "netIncome": "-39000000"}, {"fiscalDateEnding": "2009-03-31", "reportedCurrency": "USD", "grossProfit": "0", "totalRevenue": "1410000000", "costOfRevenue": "1342000000", "costofGoodsAndServicesSold": "1342000000", "operatingIncome": "68000000", "sellingGeneralAndAdministrative": "0", "researchAndDevelopment": "0", "operatingExpenses": "0", "investmentIncomeNet": "None", "netInterestIncome": "None", "interestIncome": "None", "interestExpense": "0", "nonInterestIncome": "None", "otherNonOperatingIncome": "None", "depreciation": "None", "depreciationAndAmortization": "None", "incomeBeforeTax": "57000000", "incomeTaxExpense": "18000000", "interestAndDebtExpense": "None", "netIncomeFromContinuingOperations": "0", "comprehensiveIncomeNetOfTax": "None", "ebit": "0", "ebitda": "None", "netIncome": "39000000"}]}