{"symbol": "JCI", "annualReports": [{"fiscalDateEnding": "2024-09-30", "reportedCurrency": "USD", "grossProfit": "8077000000", "totalRevenue": "22952000000", "costOfRevenue": "14875000000", "costofGoodsAndServicesSold": "14875000000", "operatingIncome": "2416000000", "sellingGeneralAndAdministrative": "5661000000", "researchAndDevelopment": "None", "operatingExpenses": "5661000000", "investmentIncomeNet": "None", "netInterestIncome": "-402000000", "interestIncome": "17000000", "interestExpense": "381000000", "nonInterestIncome": "None", "otherNonOperatingIncome": "None", "depreciation": "None", "depreciationAndAmortization": "816000000", "incomeBeforeTax": "1522000000", "incomeTaxExpense": "111000000", "interestAndDebtExpense": "None", "netIncomeFromContinuingOperations": "1411000000", "comprehensiveIncomeNetOfTax": "None", "ebit": "1984000000", "ebitda": "2800000000", "netIncome": "1705000000"}, {"fiscalDateEnding": "2023-09-30", "reportedCurrency": "USD", "grossProfit": "8971000000", "totalRevenue": "26793000000", "costOfRevenue": "17822000000", "costofGoodsAndServicesSold": "17822000000", "operatingIncome": "2790000000", "sellingGeneralAndAdministrative": "6181000000", "researchAndDevelopment": "320000000", "operatingExpenses": "6181000000", "investmentIncomeNet": "None", "netInterestIncome": "-281000000", "interestIncome": "18000000", "interestExpense": "281000000", "nonInterestIncome": "None", "otherNonOperatingIncome": "None", "depreciation": "None", "depreciationAndAmortization": "848000000", "incomeBeforeTax": "1710000000", "incomeTaxExpense": "-323000000", "interestAndDebtExpense": "None", "netIncomeFromContinuingOperations": "2033000000", "comprehensiveIncomeNetOfTax": "None", "ebit": "2830000000", "ebitda": "3678000000", "netIncome": "1849000000"}, {"fiscalDateEnding": "2022-09-30", "reportedCurrency": "USD", "grossProfit": "8343000000", "totalRevenue": "25299000000", "costOfRevenue": "16956000000", "costofGoodsAndServicesSold": "16956000000", "operatingIncome": "2644000000", "sellingGeneralAndAdministrative": "5945000000", "researchAndDevelopment": "295000000", "operatingExpenses": "5945000000", "investmentIncomeNet": "None", "netInterestIncome": "-213000000", "interestIncome": "213000000", "interestExpense": "213000000", "nonInterestIncome": "None", "otherNonOperatingIncome": "246000000", "depreciation": "None", "depreciationAndAmortization": "830000000", "incomeBeforeTax": "1710000000", "incomeTaxExpense": "-13000000", "interestAndDebtExpense": "None", "netIncomeFromContinuingOperations": "1723000000", "comprehensiveIncomeNetOfTax": "None", "ebit": "2644000000", "ebitda": "3474000000", "netIncome": "1532000000"}, {"fiscalDateEnding": "2021-09-30", "reportedCurrency": "USD", "grossProfit": "8059000000", "totalRevenue": "23668000000", "costOfRevenue": "15609000000", "costofGoodsAndServicesSold": "15609000000", "operatingIncome": "3062000000", "sellingGeneralAndAdministrative": "5258000000", "researchAndDevelopment": "275000000", "operatingExpenses": "5258000000", "investmentIncomeNet": "None", "netInterestIncome": "-206000000", "interestIncome": "206000000", "interestExpense": "206000000", "nonInterestIncome": "None", "otherNonOperatingIncome": "261000000", "depreciation": "None", "depreciationAndAmortization": "845000000", "incomeBeforeTax": "2614000000", "incomeTaxExpense": "868000000", "interestAndDebtExpense": "None", "netIncomeFromContinuingOperations": "1746000000", "comprehensiveIncomeNetOfTax": "None", "ebit": "3062000000", "ebitda": "3907000000", "netIncome": "1637000000"}, {"fiscalDateEnding": "2020-09-30", "reportedCurrency": "USD", "grossProfit": "7411000000", "totalRevenue": "22317000000", "costOfRevenue": "14906000000", "costofGoodsAndServicesSold": "14906000000", "operatingIncome": "1917000000", "sellingGeneralAndAdministrative": "5665000000", "researchAndDevelopment": "274000000", "operatingExpenses": "5665000000", "investmentIncomeNet": "None", "netInterestIncome": "-231000000", "interestIncome": "205000000", "interestExpense": "231000000", "nonInterestIncome": "None", "otherNonOperatingIncome": "171000000", "depreciation": "None", "depreciationAndAmortization": "822000000", "incomeBeforeTax": "903000000", "incomeTaxExpense": "108000000", "interestAndDebtExpense": "None", "netIncomeFromContinuingOperations": "795000000", "comprehensiveIncomeNetOfTax": "None", "ebit": "1750000000", "ebitda": "2572000000", "netIncome": "631000000"}, {"fiscalDateEnding": "2019-09-30", "reportedCurrency": "USD", "grossProfit": "7693000000", "totalRevenue": "23968000000", "costOfRevenue": "16275000000", "costofGoodsAndServicesSold": "16275000000", "operatingIncome": "1641000000", "sellingGeneralAndAdministrative": "5925000000", "researchAndDevelopment": "319000000", "operatingExpenses": "6244000000", "investmentIncomeNet": "None", "netInterestIncome": "-302000000", "interestIncome": "262000000", "interestExpense": "350000000", "nonInterestIncome": "None", "otherNonOperatingIncome": "None", "depreciation": "None", "depreciationAndAmortization": "825000000", "incomeBeforeTax": "1056000000", "incomeTaxExpense": "-233000000", "interestAndDebtExpense": "None", "netIncomeFromContinuingOperations": "1289000000", "comprehensiveIncomeNetOfTax": "None", "ebit": "1641000000", "ebitda": "2466000000", "netIncome": "1289000000"}, {"fiscalDateEnding": "2018-09-30", "reportedCurrency": "USD", "grossProfit": "9380000000", "totalRevenue": "31400000000", "costOfRevenue": "22020000000", "costofGoodsAndServicesSold": "22020000000", "operatingIncome": "2962000000", "sellingGeneralAndAdministrative": "5332000000", "researchAndDevelopment": "310000000", "operatingExpenses": "6010000000", "investmentIncomeNet": "None", "netInterestIncome": "-466000000", "interestIncome": "29000000", "interestExpense": "441000000", "nonInterestIncome": "None", "otherNonOperatingIncome": "235000000", "depreciation": "None", "depreciationAndAmortization": "824000000", "incomeBeforeTax": "2901000000", "incomeTaxExpense": "518000000", "interestAndDebtExpense": "None", "netIncomeFromContinuingOperations": "2383000000", "comprehensiveIncomeNetOfTax": "None", "ebit": "1917000000", "ebitda": "2741000000", "netIncome": "2162000000"}, {"fiscalDateEnding": "2017-09-30", "reportedCurrency": "USD", "grossProfit": "9339000000", "totalRevenue": "30172000000", "costOfRevenue": "20833000000", "costofGoodsAndServicesSold": "20833000000", "operatingIncome": "3181000000", "sellingGeneralAndAdministrative": "5416000000", "researchAndDevelopment": "360000000", "operatingExpenses": "6158000000", "investmentIncomeNet": "None", "netInterestIncome": "-514000000", "interestIncome": "19000000", "interestExpense": "496000000", "nonInterestIncome": "None", "otherNonOperatingIncome": "240000000", "depreciation": "None", "depreciationAndAmortization": "1188000000", "incomeBeforeTax": "2558000000", "incomeTaxExpense": "705000000", "interestAndDebtExpense": "None", "netIncomeFromContinuingOperations": "1853000000", "comprehensiveIncomeNetOfTax": "None", "ebit": "3092000000", "ebitda": "4280000000", "netIncome": "1611000000"}, {"fiscalDateEnding": "2016-09-30", "reportedCurrency": "USD", "grossProfit": "5654000000", "totalRevenue": "20837000000", "costOfRevenue": "15183000000", "costofGoodsAndServicesSold": "15183000000", "operatingIncome": "1989000000", "sellingGeneralAndAdministrative": "4032000000", "researchAndDevelopment": "158000000", "operatingExpenses": "4190000000", "investmentIncomeNet": "None", "netInterestIncome": "-329000000", "interestIncome": "14000000", "interestExpense": "293000000", "nonInterestIncome": "None", "otherNonOperatingIncome": "531000000", "depreciation": "None", "depreciationAndAmortization": "953000000", "incomeBeforeTax": "1061000000", "incomeTaxExpense": "197000000", "interestAndDebtExpense": "None", "netIncomeFromContinuingOperations": "-652000000", "comprehensiveIncomeNetOfTax": "None", "ebit": "1385000000", "ebitda": "2338000000", "netIncome": "-868000000"}, {"fiscalDateEnding": "2015-09-30", "reportedCurrency": "USD", "grossProfit": "6447000000", "totalRevenue": "37179000000", "costOfRevenue": "30732000000", "costofGoodsAndServicesSold": "30732000000", "operatingIncome": "2461000000", "sellingGeneralAndAdministrative": "2421000000", "researchAndDevelopment": "134000000", "operatingExpenses": "3986000000", "investmentIncomeNet": "None", "netInterestIncome": "None", "interestIncome": "87000000", "interestExpense": "288000000", "nonInterestIncome": "None", "otherNonOperatingIncome": "-67000000", "depreciation": "None", "depreciationAndAmortization": "860000000", "incomeBeforeTax": "2151000000", "incomeTaxExpense": "600000000", "interestAndDebtExpense": "None", "netIncomeFromContinuingOperations": "615000000", "comprehensiveIncomeNetOfTax": "None", "ebit": "1349000000", "ebitda": "2209000000", "netIncome": "1563000000"}, {"fiscalDateEnding": "2014-09-30", "reportedCurrency": "USD", "grossProfit": "6627000000", "totalRevenue": "42828000000", "costOfRevenue": "36201000000", "costofGoodsAndServicesSold": "36201000000", "operatingIncome": "2319000000", "sellingGeneralAndAdministrative": "2941000000", "researchAndDevelopment": "792000000", "operatingExpenses": "4308000000", "investmentIncomeNet": "None", "netInterestIncome": "None", "interestIncome": "None", "interestExpense": "244000000", "nonInterestIncome": "None", "otherNonOperatingIncome": "219000000", "depreciation": "None", "depreciationAndAmortization": "955000000", "incomeBeforeTax": "2035000000", "incomeTaxExpense": "482000000", "interestAndDebtExpense": "None", "netIncomeFromContinuingOperations": "795000000", "comprehensiveIncomeNetOfTax": "None", "ebit": "2170000000", "ebitda": "3125000000", "netIncome": "1215000000"}, {"fiscalDateEnding": "2013-09-30", "reportedCurrency": "USD", "grossProfit": "6778000000", "totalRevenue": "42730000000", "costOfRevenue": "35952000000", "costofGoodsAndServicesSold": "35952000000", "operatingIncome": "2813000000", "sellingGeneralAndAdministrative": "2930000000", "researchAndDevelopment": "1138000000", "operatingExpenses": "3965000000", "investmentIncomeNet": "None", "netInterestIncome": "None", "interestIncome": "None", "interestExpense": "248000000", "nonInterestIncome": "None", "otherNonOperatingIncome": "-60000000", "depreciation": "None", "depreciationAndAmortization": "952000000", "incomeBeforeTax": "2465000000", "incomeTaxExpense": "1168000000", "interestAndDebtExpense": "None", "netIncomeFromContinuingOperations": "524000000", "comprehensiveIncomeNetOfTax": "None", "ebit": "2023000000", "ebitda": "2975000000", "netIncome": "1178000000"}, {"fiscalDateEnding": "2012-09-30", "reportedCurrency": "USD", "grossProfit": "6218000000", "totalRevenue": "41955000000", "costOfRevenue": "35737000000", "costofGoodsAndServicesSold": "35737000000", "operatingIncome": "1780000000", "sellingGeneralAndAdministrative": "2896000000", "researchAndDevelopment": "1260000000", "operatingExpenses": "4438000000", "investmentIncomeNet": "None", "netInterestIncome": "None", "interestIncome": "None", "interestExpense": "233000000", "nonInterestIncome": "None", "otherNonOperatingIncome": "None", "depreciation": "None", "depreciationAndAmortization": "824000000", "incomeBeforeTax": "1590000000", "incomeTaxExpense": "237000000", "interestAndDebtExpense": "None", "netIncomeFromContinuingOperations": "None", "comprehensiveIncomeNetOfTax": "None", "ebit": "1623000000", "ebitda": "2447000000", "netIncome": "1226000000"}, {"fiscalDateEnding": "2011-09-30", "reportedCurrency": "USD", "grossProfit": "6170000000", "totalRevenue": "40833000000", "costOfRevenue": "34663000000", "costofGoodsAndServicesSold": "34663000000", "operatingIncome": "1987000000", "sellingGeneralAndAdministrative": "4635000000", "researchAndDevelopment": "510000000", "operatingExpenses": "4183000000", "investmentIncomeNet": "None", "netInterestIncome": "None", "interestIncome": "None", "interestExpense": "174000000", "nonInterestIncome": "None", "otherNonOperatingIncome": "18000000", "depreciation": "None", "depreciationAndAmortization": "731000000", "incomeBeforeTax": "2111000000", "incomeTaxExpense": "370000000", "interestAndDebtExpense": "None", "netIncomeFromContinuingOperations": "1567000000", "comprehensiveIncomeNetOfTax": "None", "ebit": "1976000000", "ebitda": "2707000000", "netIncome": "1624000000"}, {"fiscalDateEnding": "2010-09-30", "reportedCurrency": "USD", "grossProfit": "5289000000", "totalRevenue": "34305000000", "costOfRevenue": "29016000000", "costofGoodsAndServicesSold": "29016000000", "operatingIncome": "1679000000", "sellingGeneralAndAdministrative": "4586000000", "researchAndDevelopment": "408000000", "operatingExpenses": "3610000000", "investmentIncomeNet": "None", "netInterestIncome": "None", "interestIncome": "None", "interestExpense": "170000000", "nonInterestIncome": "None", "otherNonOperatingIncome": "None", "depreciation": "None", "depreciationAndAmortization": "691000000", "incomeBeforeTax": "1763000000", "incomeTaxExpense": "197000000", "interestAndDebtExpense": "None", "netIncomeFromContinuingOperations": "None", "comprehensiveIncomeNetOfTax": "None", "ebit": "1679000000", "ebitda": "2370000000", "netIncome": "1491000000"}, {"fiscalDateEnding": "2009-09-30", "reportedCurrency": "USD", "grossProfit": "3549000000", "totalRevenue": "28497000000", "costOfRevenue": "24948000000", "costofGoodsAndServicesSold": "24948000000", "operatingIncome": "339000000", "sellingGeneralAndAdministrative": "4657000000", "researchAndDevelopment": "336000000", "operatingExpenses": "3398000000", "investmentIncomeNet": "None", "netInterestIncome": "None", "interestIncome": "None", "interestExpense": "239000000", "nonInterestIncome": "None", "otherNonOperatingIncome": "None", "depreciation": "None", "depreciationAndAmortization": "745000000", "incomeBeforeTax": "-318000000", "incomeTaxExpense": "32000000", "interestAndDebtExpense": "None", "netIncomeFromContinuingOperations": "None", "comprehensiveIncomeNetOfTax": "None", "ebit": "-1088000000", "ebitda": "-343000000", "netIncome": "-338000000"}, {"fiscalDateEnding": "2008-09-30", "reportedCurrency": "USD", "grossProfit": "5526000000", "totalRevenue": "38062000000", "costOfRevenue": "32536000000", "costofGoodsAndServicesSold": "32536000000", "operatingIncome": "1961000000", "sellingGeneralAndAdministrative": "4906000000", "researchAndDevelopment": "424000000", "operatingExpenses": "3565000000", "investmentIncomeNet": "None", "netInterestIncome": "None", "interestIncome": "None", "interestExpense": "258000000", "nonInterestIncome": "None", "otherNonOperatingIncome": "None", "depreciation": "None", "depreciationAndAmortization": "783000000", "incomeBeforeTax": "1324000000", "incomeTaxExpense": "321000000", "interestAndDebtExpense": "None", "netIncomeFromContinuingOperations": "None", "comprehensiveIncomeNetOfTax": "None", "ebit": "2077000000", "ebitda": "2860000000", "netIncome": "979000000"}, {"fiscalDateEnding": "2007-09-30", "reportedCurrency": "USD", "grossProfit": "5076000000", "totalRevenue": "34624000000", "costOfRevenue": "29548000000", "costofGoodsAndServicesSold": "29548000000", "operatingIncome": "1795000000", "sellingGeneralAndAdministrative": "4828000000", "researchAndDevelopment": "491000000", "operatingExpenses": "3281000000", "investmentIncomeNet": "None", "netInterestIncome": "None", "interestIncome": "None", "interestExpense": "277000000", "nonInterestIncome": "None", "otherNonOperatingIncome": "None", "depreciation": "None", "depreciationAndAmortization": "732000000", "incomeBeforeTax": "1607000000", "incomeTaxExpense": "300000000", "interestAndDebtExpense": "None", "netIncomeFromContinuingOperations": "None", "comprehensiveIncomeNetOfTax": "None", "ebit": "1884000000", "ebitda": "2616000000", "netIncome": "1252000000"}, {"fiscalDateEnding": "2006-09-30", "reportedCurrency": "USD", "grossProfit": "4420000000", "totalRevenue": "32235000000", "costOfRevenue": "27815000000", "costofGoodsAndServicesSold": "27815000000", "operatingIncome": "1479000000", "sellingGeneralAndAdministrative": "7984000000", "researchAndDevelopment": "420000000", "operatingExpenses": "2941000000", "investmentIncomeNet": "None", "netInterestIncome": "None", "interestIncome": "None", "interestExpense": "248000000", "nonInterestIncome": "None", "otherNonOperatingIncome": "None", "depreciation": "None", "depreciationAndAmortization": "705000000", "incomeBeforeTax": "1138000000", "incomeTaxExpense": "63000000", "interestAndDebtExpense": "None", "netIncomeFromContinuingOperations": "None", "comprehensiveIncomeNetOfTax": "None", "ebit": "1591000000", "ebitda": "2296000000", "netIncome": "1028000000"}, {"fiscalDateEnding": "2005-09-30", "reportedCurrency": "USD", "grossProfit": "3481900000", "totalRevenue": "27479400000", "costOfRevenue": "23997500000", "costofGoodsAndServicesSold": "23997500000", "operatingIncome": "1276400000", "sellingGeneralAndAdministrative": "8231000000", "researchAndDevelopment": "415000000", "operatingExpenses": "2205500000", "investmentIncomeNet": "None", "netInterestIncome": "None", "interestIncome": "None", "interestExpense": "120500000", "nonInterestIncome": "None", "otherNonOperatingIncome": "None", "depreciation": "None", "depreciationAndAmortization": "636400000", "incomeBeforeTax": "1003400000", "incomeTaxExpense": "205100000", "interestAndDebtExpense": "None", "netIncomeFromContinuingOperations": "None", "comprehensiveIncomeNetOfTax": "None", "ebit": "1113600000", "ebitda": "1750000000", "netIncome": "909400000"}], "quarterlyReports": [{"fiscalDateEnding": "2024-12-31", "reportedCurrency": "USD", "grossProfit": "1926000000", "totalRevenue": "5426000000", "costOfRevenue": "3500000000", "costofGoodsAndServicesSold": "3500000000", "operatingIncome": "527000000", "sellingGeneralAndAdministrative": "1399000000", "researchAndDevelopment": "None", "operatingExpenses": "1399000000", "investmentIncomeNet": "None", "netInterestIncome": "-70000000", "interestIncome": "3000000", "interestExpense": "67000000", "nonInterestIncome": "None", "otherNonOperatingIncome": "None", "depreciation": "None", "depreciationAndAmortization": "193000000", "incomeBeforeTax": "408000000", "incomeTaxExpense": "47000000", "interestAndDebtExpense": "None", "netIncomeFromContinuingOperations": "361000000", "comprehensiveIncomeNetOfTax": "None", "ebit": "527000000", "ebitda": "720000000", "netIncome": "419000000"}, {"fiscalDateEnding": "2024-09-30", "reportedCurrency": "USD", "grossProfit": "1416000000", "totalRevenue": "2928000000", "costOfRevenue": "1512000000", "costofGoodsAndServicesSold": "1512000000", "operatingIncome": "538000000", "sellingGeneralAndAdministrative": "807000000", "researchAndDevelopment": "None", "operatingExpenses": "1368000000", "investmentIncomeNet": "None", "netInterestIncome": "-87000000", "interestIncome": "2000000", "interestExpense": "85000000", "nonInterestIncome": "None", "otherNonOperatingIncome": "None", "depreciation": "None", "depreciationAndAmortization": "129000000", "incomeBeforeTax": "648000000", "incomeTaxExpense": "110000000", "interestAndDebtExpense": "None", "netIncomeFromContinuingOperations": "189000000", "comprehensiveIncomeNetOfTax": "None", "ebit": "286000000", "ebitda": "415000000", "netIncome": "633000000"}, {"fiscalDateEnding": "2024-06-30", "reportedCurrency": "USD", "grossProfit": "2480000000", "totalRevenue": "7231000000", "costOfRevenue": "4751000000", "costofGoodsAndServicesSold": "4751000000", "operatingIncome": "1392000000", "sellingGeneralAndAdministrative": "1090000000", "researchAndDevelopment": "None", "operatingExpenses": "1088000000", "investmentIncomeNet": "None", "netInterestIncome": "-106000000", "interestIncome": "5000000", "interestExpense": "105000000", "nonInterestIncome": "None", "otherNonOperatingIncome": "None", "depreciation": "None", "depreciationAndAmortization": "220000000", "incomeBeforeTax": "1279000000", "incomeTaxExpense": "227000000", "interestAndDebtExpense": "None", "netIncomeFromContinuingOperations": "1052000000", "comprehensiveIncomeNetOfTax": "None", "ebit": "1392000000", "ebitda": "1612000000", "netIncome": "975000000"}, {"fiscalDateEnding": "2024-03-31", "reportedCurrency": "USD", "grossProfit": "2181000000", "totalRevenue": "6699000000", "costOfRevenue": "4518000000", "costofGoodsAndServicesSold": "4518000000", "operatingIncome": "-70000000", "sellingGeneralAndAdministrative": "2251000000", "researchAndDevelopment": "None", "operatingExpenses": "2251000000", "investmentIncomeNet": "None", "netInterestIncome": "-99000000", "interestIncome": "5000000", "interestExpense": "100000000", "nonInterestIncome": "None", "otherNonOperatingIncome": "None", "depreciation": "None", "depreciationAndAmortization": "236000000", "incomeBeforeTax": "-361000000", "incomeTaxExpense": "-127000000", "interestAndDebtExpense": "None", "netIncomeFromContinuingOperations": "-234000000", "comprehensiveIncomeNetOfTax": "None", "ebit": "-198000000", "ebitda": "38000000", "netIncome": "-277000000"}, {"fiscalDateEnding": "2023-12-31", "reportedCurrency": "USD", "grossProfit": "1992000000", "totalRevenue": "6094000000", "costOfRevenue": "4102000000", "costofGoodsAndServicesSold": "4102000000", "operatingIncome": "479000000", "sellingGeneralAndAdministrative": "1513000000", "researchAndDevelopment": "None", "operatingExpenses": "1513000000", "investmentIncomeNet": "None", "netInterestIncome": "-110000000", "interestIncome": "5000000", "interestExpense": "91000000", "nonInterestIncome": "None", "otherNonOperatingIncome": "None", "depreciation": "None", "depreciationAndAmortization": "231000000", "incomeBeforeTax": "403000000", "incomeTaxExpense": "-1000000", "interestAndDebtExpense": "None", "netIncomeFromContinuingOperations": "404000000", "comprehensiveIncomeNetOfTax": "None", "ebit": "479000000", "ebitda": "710000000", "netIncome": "374000000"}, {"fiscalDateEnding": "2023-09-30", "reportedCurrency": "USD", "grossProfit": "2208000000", "totalRevenue": "6906000000", "costOfRevenue": "4698000000", "costofGoodsAndServicesSold": "4698000000", "operatingIncome": "732000000", "sellingGeneralAndAdministrative": "1476000000", "researchAndDevelopment": "320000000", "operatingExpenses": "1476000000", "investmentIncomeNet": "None", "netInterestIncome": "-63000000", "interestIncome": "1000000", "interestExpense": "86000000", "nonInterestIncome": "None", "otherNonOperatingIncome": "None", "depreciation": "None", "depreciationAndAmortization": "227000000", "incomeBeforeTax": "524000000", "incomeTaxExpense": "-57000000", "interestAndDebtExpense": "None", "netIncomeFromContinuingOperations": "581000000", "comprehensiveIncomeNetOfTax": "None", "ebit": "772000000", "ebitda": "999000000", "netIncome": "549000000"}, {"fiscalDateEnding": "2023-06-30", "reportedCurrency": "USD", "grossProfit": "2431000000", "totalRevenue": "7133000000", "costOfRevenue": "4702000000", "costofGoodsAndServicesSold": "4702000000", "operatingIncome": "645000000", "sellingGeneralAndAdministrative": "1555000000", "researchAndDevelopment": "None", "operatingExpenses": "1555000000", "investmentIncomeNet": "None", "netInterestIncome": "-80000000", "interestIncome": "67000000", "interestExpense": "80000000", "nonInterestIncome": "None", "otherNonOperatingIncome": "78000000", "depreciation": "None", "depreciationAndAmortization": "212000000", "incomeBeforeTax": "793000000", "incomeTaxExpense": "-329000000", "interestAndDebtExpense": "None", "netIncomeFromContinuingOperations": "1122000000", "comprehensiveIncomeNetOfTax": "None", "ebit": "876000000", "ebitda": "1088000000", "netIncome": "1049000000"}, {"fiscalDateEnding": "2023-03-31", "reportedCurrency": "USD", "grossProfit": "2241000000", "totalRevenue": "6686000000", "costOfRevenue": "4445000000", "costofGoodsAndServicesSold": "4445000000", "operatingIncome": "662000000", "sellingGeneralAndAdministrative": "1579000000", "researchAndDevelopment": "None", "operatingExpenses": "2241000000", "investmentIncomeNet": "None", "netInterestIncome": "-71000000", "interestIncome": "3000000", "interestExpense": "71000000", "nonInterestIncome": "None", "otherNonOperatingIncome": "50000000", "depreciation": "None", "depreciationAndAmortization": "206000000", "incomeBeforeTax": "223000000", "incomeTaxExpense": "49000000", "interestAndDebtExpense": "None", "netIncomeFromContinuingOperations": "174000000", "comprehensiveIncomeNetOfTax": "None", "ebit": "294000000", "ebitda": "500000000", "netIncome": "133000000"}, {"fiscalDateEnding": "2022-12-31", "reportedCurrency": "USD", "grossProfit": "2091000000", "totalRevenue": "6068000000", "costOfRevenue": "3977000000", "costofGoodsAndServicesSold": "3977000000", "operatingIncome": "582000000", "sellingGeneralAndAdministrative": "1571000000", "researchAndDevelopment": "None", "operatingExpenses": "1571000000", "investmentIncomeNet": "None", "netInterestIncome": "-75000000", "interestIncome": "57000000", "interestExpense": "67000000", "nonInterestIncome": "None", "otherNonOperatingIncome": "62000000", "depreciation": "None", "depreciationAndAmortization": "203000000", "incomeBeforeTax": "170000000", "incomeTaxExpense": "14000000", "interestAndDebtExpense": "None", "netIncomeFromContinuingOperations": "156000000", "comprehensiveIncomeNetOfTax": "None", "ebit": "520000000", "ebitda": "723000000", "netIncome": "118000000"}, {"fiscalDateEnding": "2022-09-30", "reportedCurrency": "USD", "grossProfit": "2295000000", "totalRevenue": "6725000000", "costOfRevenue": "4430000000", "costofGoodsAndServicesSold": "4430000000", "operatingIncome": "833000000", "sellingGeneralAndAdministrative": "1533000000", "researchAndDevelopment": "295000000", "operatingExpenses": "1533000000", "investmentIncomeNet": "None", "netInterestIncome": "-60000000", "interestIncome": "60000000", "interestExpense": "60000000", "nonInterestIncome": "None", "otherNonOperatingIncome": "71000000", "depreciation": "None", "depreciationAndAmortization": "197000000", "incomeBeforeTax": "606000000", "incomeTaxExpense": "-203000000", "interestAndDebtExpense": "None", "netIncomeFromContinuingOperations": "809000000", "comprehensiveIncomeNetOfTax": "None", "ebit": "833000000", "ebitda": "1030000000", "netIncome": "761000000"}, {"fiscalDateEnding": "2022-06-30", "reportedCurrency": "USD", "grossProfit": "2200000000", "totalRevenue": "6614000000", "costOfRevenue": "4414000000", "costofGoodsAndServicesSold": "4414000000", "operatingIncome": "670000000", "sellingGeneralAndAdministrative": "1589000000", "researchAndDevelopment": "None", "operatingExpenses": "1589000000", "investmentIncomeNet": "None", "netInterestIncome": "-58000000", "interestIncome": "2000000", "interestExpense": "54000000", "nonInterestIncome": "None", "otherNonOperatingIncome": "63000000", "depreciation": "None", "depreciationAndAmortization": "201000000", "incomeBeforeTax": "504000000", "incomeTaxExpense": "61000000", "interestAndDebtExpense": "None", "netIncomeFromContinuingOperations": "443000000", "comprehensiveIncomeNetOfTax": "None", "ebit": "670000000", "ebitda": "871000000", "netIncome": "379000000"}, {"fiscalDateEnding": "2022-03-31", "reportedCurrency": "USD", "grossProfit": "1957000000", "totalRevenue": "6098000000", "costOfRevenue": "4141000000", "costofGoodsAndServicesSold": "4141000000", "operatingIncome": "541000000", "sellingGeneralAndAdministrative": "1454000000", "researchAndDevelopment": "None", "operatingExpenses": "1454000000", "investmentIncomeNet": "None", "netInterestIncome": "-60000000", "interestIncome": "1000000", "interestExpense": "56000000", "nonInterestIncome": "None", "otherNonOperatingIncome": "42000000", "depreciation": "None", "depreciationAndAmortization": "208000000", "incomeBeforeTax": "110000000", "incomeTaxExpense": "58000000", "interestAndDebtExpense": "None", "netIncomeFromContinuingOperations": "52000000", "comprehensiveIncomeNetOfTax": "None", "ebit": "541000000", "ebitda": "749000000", "netIncome": "52000000"}, {"fiscalDateEnding": "2021-12-31", "reportedCurrency": "USD", "grossProfit": "1891000000", "totalRevenue": "5862000000", "costOfRevenue": "3971000000", "costofGoodsAndServicesSold": "3971000000", "operatingIncome": "507000000", "sellingGeneralAndAdministrative": "1369000000", "researchAndDevelopment": "None", "operatingExpenses": "1369000000", "investmentIncomeNet": "None", "netInterestIncome": "-58000000", "interestIncome": "2000000", "interestExpense": "55000000", "nonInterestIncome": "None", "otherNonOperatingIncome": "70000000", "depreciation": "None", "depreciationAndAmortization": "224000000", "incomeBeforeTax": "490000000", "incomeTaxExpense": "71000000", "interestAndDebtExpense": "None", "netIncomeFromContinuingOperations": "419000000", "comprehensiveIncomeNetOfTax": "None", "ebit": "517000000", "ebitda": "741000000", "netIncome": "381000000"}, {"fiscalDateEnding": "2021-09-30", "reportedCurrency": "USD", "grossProfit": "2191000000", "totalRevenue": "6392000000", "costOfRevenue": "4201000000", "costofGoodsAndServicesSold": "4201000000", "operatingIncome": "847000000", "sellingGeneralAndAdministrative": "1344000000", "researchAndDevelopment": "275000000", "operatingExpenses": "1344000000", "investmentIncomeNet": "None", "netInterestIncome": "-47000000", "interestIncome": "47000000", "interestExpense": "47000000", "nonInterestIncome": "None", "otherNonOperatingIncome": "73000000", "depreciation": "None", "depreciationAndAmortization": "218000000", "incomeBeforeTax": "806000000", "incomeTaxExpense": "490000000", "interestAndDebtExpense": "None", "netIncomeFromContinuingOperations": "316000000", "comprehensiveIncomeNetOfTax": "None", "ebit": "848000000", "ebitda": "1066000000", "netIncome": "269000000"}, {"fiscalDateEnding": "2021-06-30", "reportedCurrency": "USD", "grossProfit": "2197000000", "totalRevenue": "6341000000", "costOfRevenue": "4144000000", "costofGoodsAndServicesSold": "4144000000", "operatingIncome": "776000000", "sellingGeneralAndAdministrative": "1367000000", "researchAndDevelopment": "None", "operatingExpenses": "1367000000", "investmentIncomeNet": "None", "netInterestIncome": "-61000000", "interestIncome": "1000000", "interestExpense": "56000000", "nonInterestIncome": "None", "otherNonOperatingIncome": "74000000", "depreciation": "None", "depreciationAndAmortization": "208000000", "incomeBeforeTax": "769000000", "incomeTaxExpense": "108000000", "interestAndDebtExpense": "None", "netIncomeFromContinuingOperations": "661000000", "comprehensiveIncomeNetOfTax": "None", "ebit": "828000000", "ebitda": "1036000000", "netIncome": "574000000"}, {"fiscalDateEnding": "2021-03-31", "reportedCurrency": "USD", "grossProfit": "1943000000", "totalRevenue": "5594000000", "costOfRevenue": "3651000000", "costofGoodsAndServicesSold": "3651000000", "operatingIncome": "690000000", "sellingGeneralAndAdministrative": "1253000000", "researchAndDevelopment": "None", "operatingExpenses": "1253000000", "investmentIncomeNet": "None", "netInterestIncome": "-54000000", "interestIncome": "3000000", "interestExpense": "53000000", "nonInterestIncome": "None", "otherNonOperatingIncome": "56000000", "depreciation": "None", "depreciationAndAmortization": "212000000", "incomeBeforeTax": "606000000", "incomeTaxExpense": "209000000", "interestAndDebtExpense": "None", "netIncomeFromContinuingOperations": "397000000", "comprehensiveIncomeNetOfTax": "None", "ebit": "669000000", "ebitda": "881000000", "netIncome": "343000000"}, {"fiscalDateEnding": "2020-12-31", "reportedCurrency": "USD", "grossProfit": "1728000000", "totalRevenue": "5341000000", "costOfRevenue": "3613000000", "costofGoodsAndServicesSold": "3613000000", "operatingIncome": "434000000", "sellingGeneralAndAdministrative": "1294000000", "researchAndDevelopment": "None", "operatingExpenses": "1294000000", "investmentIncomeNet": "None", "netInterestIncome": "-64000000", "interestIncome": "3000000", "interestExpense": "59000000", "nonInterestIncome": "None", "otherNonOperatingIncome": "58000000", "depreciation": "None", "depreciationAndAmortization": "207000000", "incomeBeforeTax": "433000000", "incomeTaxExpense": "61000000", "interestAndDebtExpense": "None", "netIncomeFromContinuingOperations": "372000000", "comprehensiveIncomeNetOfTax": "None", "ebit": "428000000", "ebitda": "635000000", "netIncome": "451000000"}, {"fiscalDateEnding": "2020-09-30", "reportedCurrency": "USD", "grossProfit": "1975000000", "totalRevenue": "5954000000", "costOfRevenue": "3979000000", "costofGoodsAndServicesSold": "3979000000", "operatingIncome": "522000000", "sellingGeneralAndAdministrative": "1453000000", "researchAndDevelopment": "274000000", "operatingExpenses": "1453000000", "investmentIncomeNet": "None", "netInterestIncome": "-62000000", "interestIncome": "54000000", "interestExpense": "62000000", "nonInterestIncome": "None", "otherNonOperatingIncome": "61000000", "depreciation": "None", "depreciationAndAmortization": "822000000", "incomeBeforeTax": "521000000", "incomeTaxExpense": "31000000", "interestAndDebtExpense": "None", "netIncomeFromContinuingOperations": "490000000", "comprehensiveIncomeNetOfTax": "None", "ebit": "-90000000", "ebitda": "732000000", "netIncome": "441000000"}, {"fiscalDateEnding": "2020-06-30", "reportedCurrency": "USD", "grossProfit": "1832000000", "totalRevenue": "5343000000", "costOfRevenue": "3511000000", "costofGoodsAndServicesSold": "3511000000", "operatingIncome": "498000000", "sellingGeneralAndAdministrative": "1334000000", "researchAndDevelopment": "None", "operatingExpenses": "1334000000", "investmentIncomeNet": "None", "netInterestIncome": "-63000000", "interestIncome": "3000000", "interestExpense": "58000000", "nonInterestIncome": "None", "otherNonOperatingIncome": "47000000", "depreciation": "None", "depreciationAndAmortization": "202000000", "incomeBeforeTax": "-123000000", "incomeTaxExpense": "-1000000", "interestAndDebtExpense": "None", "netIncomeFromContinuingOperations": "-122000000", "comprehensiveIncomeNetOfTax": "None", "ebit": "-38000000", "ebitda": "164000000", "netIncome": "-182000000"}, {"fiscalDateEnding": "2020-03-31", "reportedCurrency": "USD", "grossProfit": "1801000000", "totalRevenue": "5444000000", "costOfRevenue": "3643000000", "costofGoodsAndServicesSold": "3643000000", "operatingIncome": "350000000", "sellingGeneralAndAdministrative": "1451000000", "researchAndDevelopment": "None", "operatingExpenses": "1451000000", "investmentIncomeNet": "None", "netInterestIncome": "-62000000", "interestIncome": "5000000", "interestExpense": "62000000", "nonInterestIncome": "None", "otherNonOperatingIncome": "20000000", "depreciation": "None", "depreciationAndAmortization": "207000000", "incomeBeforeTax": "249000000", "incomeTaxExpense": "13000000", "interestAndDebtExpense": "None", "netIncomeFromContinuingOperations": "236000000", "comprehensiveIncomeNetOfTax": "None", "ebit": "370000000", "ebitda": "577000000", "netIncome": "213000000"}, {"fiscalDateEnding": "2019-12-31", "reportedCurrency": "USD", "grossProfit": "1803000000", "totalRevenue": "5576000000", "costOfRevenue": "3773000000", "costofGoodsAndServicesSold": "3773000000", "operatingIncome": "376000000", "sellingGeneralAndAdministrative": "1427000000", "researchAndDevelopment": "None", "operatingExpenses": "1427000000", "investmentIncomeNet": "None", "netInterestIncome": "-54000000", "interestIncome": "13000000", "interestExpense": "62000000", "nonInterestIncome": "None", "otherNonOperatingIncome": "43000000", "depreciation": "None", "depreciationAndAmortization": "207000000", "incomeBeforeTax": "256000000", "incomeTaxExpense": "65000000", "interestAndDebtExpense": "None", "netIncomeFromContinuingOperations": "191000000", "comprehensiveIncomeNetOfTax": "None", "ebit": "380000000", "ebitda": "587000000", "netIncome": "159000000"}, {"fiscalDateEnding": "2019-09-30", "reportedCurrency": "USD", "grossProfit": "1980000000", "totalRevenue": "6274000000", "costOfRevenue": "4294000000", "costofGoodsAndServicesSold": "4294000000", "operatingIncome": "20000000", "sellingGeneralAndAdministrative": "1960000000", "researchAndDevelopment": "319000000", "operatingExpenses": "1960000000", "investmentIncomeNet": "None", "netInterestIncome": "-54000000", "interestIncome": "40000000", "interestExpense": "48000000", "nonInterestIncome": "None", "otherNonOperatingIncome": "None", "depreciation": "None", "depreciationAndAmortization": "200000000", "incomeBeforeTax": "27000000", "incomeTaxExpense": "-627000000", "interestAndDebtExpense": "None", "netIncomeFromContinuingOperations": "654000000", "comprehensiveIncomeNetOfTax": "None", "ebit": "722000000", "ebitda": "922000000", "netIncome": "612000000"}, {"fiscalDateEnding": "2019-06-30", "reportedCurrency": "USD", "grossProfit": "2144000000", "totalRevenue": "6451000000", "costOfRevenue": "4307000000", "costofGoodsAndServicesSold": "4307000000", "operatingIncome": "756000000", "sellingGeneralAndAdministrative": "1388000000", "researchAndDevelopment": "319000000", "operatingExpenses": "1388000000", "investmentIncomeNet": "None", "netInterestIncome": "-60000000", "interestIncome": "28000000", "interestExpense": "119000000", "nonInterestIncome": "None", "otherNonOperatingIncome": "62000000", "depreciation": "None", "depreciationAndAmortization": "203000000", "incomeBeforeTax": "464000000", "incomeTaxExpense": "239000000", "interestAndDebtExpense": "None", "netIncomeFromContinuingOperations": "225000000", "comprehensiveIncomeNetOfTax": "None", "ebit": "756000000", "ebitda": "959000000", "netIncome": "4192000000"}, {"fiscalDateEnding": "2019-03-31", "reportedCurrency": "USD", "grossProfit": "1844000000", "totalRevenue": "5779000000", "costOfRevenue": "3935000000", "costofGoodsAndServicesSold": "3935000000", "operatingIncome": "386000000", "sellingGeneralAndAdministrative": "1458000000", "researchAndDevelopment": "319000000", "operatingExpenses": "1458000000", "investmentIncomeNet": "None", "netInterestIncome": "-98000000", "interestIncome": "91000000", "interestExpense": "98000000", "nonInterestIncome": "None", "otherNonOperatingIncome": "33000000", "depreciation": "None", "depreciationAndAmortization": "211000000", "incomeBeforeTax": "321000000", "incomeTaxExpense": "47000000", "interestAndDebtExpense": "None", "netIncomeFromContinuingOperations": "274000000", "comprehensiveIncomeNetOfTax": "None", "ebit": "374000000", "ebitda": "585000000", "netIncome": "515000000"}, {"fiscalDateEnding": "2018-12-31", "reportedCurrency": "USD", "grossProfit": "1725000000", "totalRevenue": "5464000000", "costOfRevenue": "3739000000", "costofGoodsAndServicesSold": "3739000000", "operatingIncome": "287000000", "sellingGeneralAndAdministrative": "1438000000", "researchAndDevelopment": "319000000", "operatingExpenses": "1438000000", "investmentIncomeNet": "None", "netInterestIncome": "None", "interestIncome": "None", "interestExpense": "91000000", "nonInterestIncome": "None", "otherNonOperatingIncome": "42000000", "depreciation": "None", "depreciationAndAmortization": "211000000", "incomeBeforeTax": "244000000", "incomeTaxExpense": "108000000", "interestAndDebtExpense": "None", "netIncomeFromContinuingOperations": "136000000", "comprehensiveIncomeNetOfTax": "None", "ebit": "296000000", "ebitda": "507000000", "netIncome": "355000000"}, {"fiscalDateEnding": "2018-09-30", "reportedCurrency": "USD", "grossProfit": "2519000000", "totalRevenue": "8370000000", "costOfRevenue": "5851000000", "costofGoodsAndServicesSold": "5851000000", "operatingIncome": "1041000000", "sellingGeneralAndAdministrative": "1392000000", "researchAndDevelopment": "310000000", "operatingExpenses": "1478000000", "investmentIncomeNet": "None", "netInterestIncome": "None", "interestIncome": "None", "interestExpense": "109000000", "nonInterestIncome": "None", "otherNonOperatingIncome": "65000000", "depreciation": "None", "depreciationAndAmortization": "241000000", "incomeBeforeTax": "892000000", "incomeTaxExpense": "67000000", "interestAndDebtExpense": "None", "netIncomeFromContinuingOperations": "825000000", "comprehensiveIncomeNetOfTax": "None", "ebit": "1077000000", "ebitda": "1318000000", "netIncome": "771000000"}, {"fiscalDateEnding": "2018-06-30", "reportedCurrency": "USD", "grossProfit": "2472000000", "totalRevenue": "8120000000", "costOfRevenue": "5648000000", "costofGoodsAndServicesSold": "5648000000", "operatingIncome": "845000000", "sellingGeneralAndAdministrative": "1441000000", "researchAndDevelopment": "380000000", "operatingExpenses": "1527000000", "investmentIncomeNet": "None", "netInterestIncome": "None", "interestIncome": "None", "interestExpense": "101000000", "nonInterestIncome": "None", "otherNonOperatingIncome": "66000000", "depreciation": "None", "depreciationAndAmortization": "292000000", "incomeBeforeTax": "910000000", "incomeTaxExpense": "106000000", "interestAndDebtExpense": "None", "netIncomeFromContinuingOperations": "804000000", "comprehensiveIncomeNetOfTax": "None", "ebit": "1007000000", "ebitda": "1299000000", "netIncome": "723000000"}, {"fiscalDateEnding": "2018-03-31", "reportedCurrency": "USD", "grossProfit": "2220000000", "totalRevenue": "7475000000", "costOfRevenue": "5255000000", "costofGoodsAndServicesSold": "5255000000", "operatingIncome": "632000000", "sellingGeneralAndAdministrative": "1490000000", "researchAndDevelopment": "380000000", "operatingExpenses": "1588000000", "investmentIncomeNet": "None", "netInterestIncome": "None", "interestIncome": "None", "interestExpense": "115000000", "nonInterestIncome": "None", "otherNonOperatingIncome": "44000000", "depreciation": "None", "depreciationAndAmortization": "280000000", "incomeBeforeTax": "561000000", "incomeTaxExpense": "78000000", "interestAndDebtExpense": "None", "netIncomeFromContinuingOperations": "483000000", "comprehensiveIncomeNetOfTax": "None", "ebit": "676000000", "ebitda": "956000000", "netIncome": "438000000"}, {"fiscalDateEnding": "2017-12-31", "reportedCurrency": "USD", "grossProfit": "2169000000", "totalRevenue": "7435000000", "costOfRevenue": "5266000000", "costofGoodsAndServicesSold": "5266000000", "operatingIncome": "752000000", "sellingGeneralAndAdministrative": "1319000000", "researchAndDevelopment": "380000000", "operatingExpenses": "1417000000", "investmentIncomeNet": "None", "netInterestIncome": "None", "interestIncome": "None", "interestExpense": "116000000", "nonInterestIncome": "None", "otherNonOperatingIncome": "60000000", "depreciation": "None", "depreciationAndAmortization": "272000000", "incomeBeforeTax": "538000000", "incomeTaxExpense": "267000000", "interestAndDebtExpense": "None", "netIncomeFromContinuingOperations": "271000000", "comprehensiveIncomeNetOfTax": "None", "ebit": "669000000", "ebitda": "941000000", "netIncome": "230000000"}, {"fiscalDateEnding": "2017-09-30", "reportedCurrency": "USD", "grossProfit": "2513000000", "totalRevenue": "8136000000", "costOfRevenue": "5623000000", "costofGoodsAndServicesSold": "5623000000", "operatingIncome": "1260000000", "sellingGeneralAndAdministrative": "818000000", "researchAndDevelopment": "360000000", "operatingExpenses": "1253000000", "investmentIncomeNet": "None", "netInterestIncome": "None", "interestIncome": "None", "interestExpense": "120000000", "nonInterestIncome": "None", "otherNonOperatingIncome": "63000000", "depreciation": "None", "depreciationAndAmortization": "269000000", "incomeBeforeTax": "1062000000", "incomeTaxExpense": "135000000", "interestAndDebtExpense": "None", "netIncomeFromContinuingOperations": "927000000", "comprehensiveIncomeNetOfTax": "None", "ebit": "1137000000", "ebitda": "1406000000", "netIncome": "875000000"}, {"fiscalDateEnding": "2017-06-30", "reportedCurrency": "USD", "grossProfit": "2431000000", "totalRevenue": "7683000000", "costOfRevenue": "5252000000", "costofGoodsAndServicesSold": "5252000000", "operatingIncome": "711000000", "sellingGeneralAndAdministrative": "1609000000", "researchAndDevelopment": "0", "operatingExpenses": "1609000000", "investmentIncomeNet": "None", "netInterestIncome": "None", "interestIncome": "None", "interestExpense": "124000000", "nonInterestIncome": "None", "otherNonOperatingIncome": "69000000", "depreciation": "None", "depreciationAndAmortization": "281000000", "incomeBeforeTax": "718000000", "incomeTaxExpense": "89000000", "interestAndDebtExpense": "None", "netIncomeFromContinuingOperations": "629000000", "comprehensiveIncomeNetOfTax": "None", "ebit": "822000000", "ebitda": "1103000000", "netIncome": "555000000"}, {"fiscalDateEnding": "2017-03-31", "reportedCurrency": "USD", "grossProfit": "2281000000", "totalRevenue": "7267000000", "costOfRevenue": "4986000000", "costofGoodsAndServicesSold": "4986000000", "operatingIncome": "442000000", "sellingGeneralAndAdministrative": "1726000000", "researchAndDevelopment": "0", "operatingExpenses": "1726000000", "investmentIncomeNet": "None", "netInterestIncome": "None", "interestIncome": "None", "interestExpense": "116000000", "nonInterestIncome": "None", "otherNonOperatingIncome": "53000000", "depreciation": "None", "depreciationAndAmortization": "292000000", "incomeBeforeTax": "393000000", "incomeTaxExpense": "508000000", "interestAndDebtExpense": "None", "netIncomeFromContinuingOperations": "-115000000", "comprehensiveIncomeNetOfTax": "None", "ebit": "525000000", "ebitda": "817000000", "netIncome": "-148000000"}, {"fiscalDateEnding": "2016-12-31", "reportedCurrency": "USD", "grossProfit": "2114000000", "totalRevenue": "7086000000", "costOfRevenue": "4972000000", "costofGoodsAndServicesSold": "4972000000", "operatingIncome": "544000000", "sellingGeneralAndAdministrative": "1570000000", "researchAndDevelopment": "0", "operatingExpenses": "1570000000", "investmentIncomeNet": "None", "netInterestIncome": "None", "interestIncome": "None", "interestExpense": "136000000", "nonInterestIncome": "None", "otherNonOperatingIncome": "55000000", "depreciation": "None", "depreciationAndAmortization": "346000000", "incomeBeforeTax": "385000000", "incomeTaxExpense": "-27000000", "interestAndDebtExpense": "None", "netIncomeFromContinuingOperations": "412000000", "comprehensiveIncomeNetOfTax": "None", "ebit": "656000000", "ebitda": "1002000000", "netIncome": "329000000"}, {"fiscalDateEnding": "2016-09-30", "reportedCurrency": "USD", "grossProfit": "2065000000", "totalRevenue": "10198000000", "costOfRevenue": "8133000000", "costofGoodsAndServicesSold": "8133000000", "operatingIncome": "151000000", "sellingGeneralAndAdministrative": "2475000000", "researchAndDevelopment": "158000000", "operatingExpenses": "1914000000", "investmentIncomeNet": "None", "netInterestIncome": "None", "interestIncome": "None", "interestExpense": "103000000", "nonInterestIncome": "None", "otherNonOperatingIncome": "631000000", "depreciation": "None", "depreciationAndAmortization": "273000000", "incomeBeforeTax": "-97000000", "incomeTaxExpense": "1035000000", "interestAndDebtExpense": "None", "netIncomeFromContinuingOperations": "-1108000000", "comprehensiveIncomeNetOfTax": "None", "ebit": "281000000", "ebitda": "554000000", "netIncome": "-1171000000"}, {"fiscalDateEnding": "2016-06-30", "reportedCurrency": "USD", "grossProfit": "1887000000", "totalRevenue": "9516000000", "costOfRevenue": "7629000000", "costofGoodsAndServicesSold": "7629000000", "operatingIncome": "702000000", "sellingGeneralAndAdministrative": "621000000", "researchAndDevelopment": "0", "operatingExpenses": "1185000000", "investmentIncomeNet": "None", "netInterestIncome": "None", "interestIncome": "None", "interestExpense": "69000000", "nonInterestIncome": "None", "otherNonOperatingIncome": "57000000", "depreciation": "None", "depreciationAndAmortization": "235000000", "incomeBeforeTax": "665000000", "incomeTaxExpense": "206000000", "interestAndDebtExpense": "None", "netIncomeFromContinuingOperations": "240000000", "comprehensiveIncomeNetOfTax": "None", "ebit": "493000000", "ebitda": "728000000", "netIncome": "383000000"}, {"fiscalDateEnding": "2016-03-31", "reportedCurrency": "USD", "grossProfit": "1729000000", "totalRevenue": "9031000000", "costOfRevenue": "7302000000", "costofGoodsAndServicesSold": "7302000000", "operatingIncome": "585000000", "sellingGeneralAndAdministrative": "579000000", "researchAndDevelopment": "0", "operatingExpenses": "1144000000", "investmentIncomeNet": "None", "netInterestIncome": "None", "interestIncome": "None", "interestExpense": "74000000", "nonInterestIncome": "None", "otherNonOperatingIncome": "4000000", "depreciation": "None", "depreciationAndAmortization": "219000000", "incomeBeforeTax": "399000000", "incomeTaxExpense": "868000000", "interestAndDebtExpense": "None", "netIncomeFromContinuingOperations": "144000000", "comprehensiveIncomeNetOfTax": "None", "ebit": "390000000", "ebitda": "609000000", "netIncome": "-530000000"}, {"fiscalDateEnding": "2015-12-31", "reportedCurrency": "USD", "grossProfit": "1633000000", "totalRevenue": "8929000000", "costOfRevenue": "7296000000", "costofGoodsAndServicesSold": "7296000000", "operatingIncome": "551000000", "sellingGeneralAndAdministrative": "515000000", "researchAndDevelopment": "0", "operatingExpenses": "1082000000", "investmentIncomeNet": "None", "netInterestIncome": "None", "interestIncome": "None", "interestExpense": "68000000", "nonInterestIncome": "None", "otherNonOperatingIncome": "-161000000", "depreciation": "None", "depreciationAndAmortization": "226000000", "incomeBeforeTax": "619000000", "incomeTaxExpense": "129000000", "interestAndDebtExpense": "None", "netIncomeFromContinuingOperations": "72000000", "comprehensiveIncomeNetOfTax": "None", "ebit": "416000000", "ebitda": "642000000", "netIncome": "450000000"}, {"fiscalDateEnding": "2015-09-30", "reportedCurrency": "USD", "grossProfit": "1559000000", "totalRevenue": "8749000000", "costOfRevenue": "7190000000", "costofGoodsAndServicesSold": "7190000000", "operatingIncome": "528000000", "sellingGeneralAndAdministrative": "581000000", "researchAndDevelopment": "733000000", "operatingExpenses": "1031000000", "investmentIncomeNet": "None", "netInterestIncome": "None", "interestIncome": "None", "interestExpense": "73000000", "nonInterestIncome": "None", "otherNonOperatingIncome": "-87000000", "depreciation": "None", "depreciationAndAmortization": "213000000", "incomeBeforeTax": "158000000", "incomeTaxExpense": "135000000", "interestAndDebtExpense": "None", "netIncomeFromContinuingOperations": "84000000", "comprehensiveIncomeNetOfTax": "None", "ebit": "561000000", "ebitda": "774000000", "netIncome": "349000000"}, {"fiscalDateEnding": "2015-06-30", "reportedCurrency": "USD", "grossProfit": "1706000000", "totalRevenue": "9608000000", "costOfRevenue": "7902000000", "costofGoodsAndServicesSold": "7902000000", "operatingIncome": "731000000", "sellingGeneralAndAdministrative": "602000000", "researchAndDevelopment": "0", "operatingExpenses": "975000000", "investmentIncomeNet": "None", "netInterestIncome": "None", "interestIncome": "None", "interestExpense": "75000000", "nonInterestIncome": "None", "otherNonOperatingIncome": "10000000", "depreciation": "None", "depreciationAndAmortization": "218000000", "incomeBeforeTax": "747000000", "incomeTaxExpense": "215000000", "interestAndDebtExpense": "None", "netIncomeFromContinuingOperations": "188000000", "comprehensiveIncomeNetOfTax": "None", "ebit": "734000000", "ebitda": "952000000", "netIncome": "178000000"}, {"fiscalDateEnding": "2015-03-31", "reportedCurrency": "USD", "grossProfit": "1573000000", "totalRevenue": "9198000000", "costOfRevenue": "7625000000", "costofGoodsAndServicesSold": "7625000000", "operatingIncome": "598000000", "sellingGeneralAndAdministrative": "609000000", "researchAndDevelopment": "0", "operatingExpenses": "975000000", "investmentIncomeNet": "None", "netInterestIncome": "None", "interestIncome": "None", "interestExpense": "69000000", "nonInterestIncome": "None", "otherNonOperatingIncome": "3000000", "depreciation": "None", "depreciationAndAmortization": "205000000", "incomeBeforeTax": "611000000", "incomeTaxExpense": "132000000", "interestAndDebtExpense": "None", "netIncomeFromContinuingOperations": "181000000", "comprehensiveIncomeNetOfTax": "None", "ebit": "590000000", "ebitda": "795000000", "netIncome": "529000000"}, {"fiscalDateEnding": "2014-12-31", "reportedCurrency": "USD", "grossProfit": "1680000000", "totalRevenue": "10666000000", "costOfRevenue": "8986000000", "costofGoodsAndServicesSold": "8986000000", "operatingIncome": "646000000", "sellingGeneralAndAdministrative": "636000000", "researchAndDevelopment": "0", "operatingExpenses": "1034000000", "investmentIncomeNet": "None", "netInterestIncome": "None", "interestIncome": "None", "interestExpense": "71000000", "nonInterestIncome": "None", "otherNonOperatingIncome": "7000000", "depreciation": "None", "depreciationAndAmortization": "224000000", "incomeBeforeTax": "677000000", "incomeTaxExpense": "131000000", "interestAndDebtExpense": "None", "netIncomeFromContinuingOperations": "162000000", "comprehensiveIncomeNetOfTax": "None", "ebit": "604000000", "ebitda": "828000000", "netIncome": "507000000"}, {"fiscalDateEnding": "2014-09-30", "reportedCurrency": "USD", "grossProfit": "1842000000", "totalRevenue": "10979000000", "costOfRevenue": "9137000000", "costofGoodsAndServicesSold": "9137000000", "operatingIncome": "548000000", "sellingGeneralAndAdministrative": "1096000000", "researchAndDevelopment": "1144000000", "operatingExpenses": "1294000000", "investmentIncomeNet": "None", "netInterestIncome": "None", "interestIncome": "None", "interestExpense": "66000000", "nonInterestIncome": "None", "otherNonOperatingIncome": "None", "depreciation": "None", "depreciationAndAmortization": "224000000", "incomeBeforeTax": "442000000", "incomeTaxExpense": "94000000", "interestAndDebtExpense": "None", "netIncomeFromContinuingOperations": "1509000000", "comprehensiveIncomeNetOfTax": "None", "ebit": "520000000", "ebitda": "744000000", "netIncome": "309000000"}, {"fiscalDateEnding": "2014-06-30", "reportedCurrency": "USD", "grossProfit": "1663000000", "totalRevenue": "10812000000", "costOfRevenue": "9149000000", "costofGoodsAndServicesSold": "9149000000", "operatingIncome": "686000000", "sellingGeneralAndAdministrative": "658000000", "researchAndDevelopment": "0", "operatingExpenses": "977000000", "investmentIncomeNet": "None", "netInterestIncome": "None", "interestIncome": "None", "interestExpense": "67000000", "nonInterestIncome": "None", "otherNonOperatingIncome": "None", "depreciation": "None", "depreciationAndAmortization": "240000000", "incomeBeforeTax": "425000000", "incomeTaxExpense": "167000000", "interestAndDebtExpense": "None", "netIncomeFromContinuingOperations": "0", "comprehensiveIncomeNetOfTax": "None", "ebit": "625000000", "ebitda": "865000000", "netIncome": "176000000"}, {"fiscalDateEnding": "2014-03-31", "reportedCurrency": "USD", "grossProfit": "1546000000", "totalRevenue": "10463000000", "costOfRevenue": "8917000000", "costofGoodsAndServicesSold": "8917000000", "operatingIncome": "556000000", "sellingGeneralAndAdministrative": "627000000", "researchAndDevelopment": "0", "operatingExpenses": "990000000", "investmentIncomeNet": "None", "netInterestIncome": "None", "interestIncome": "None", "interestExpense": "56000000", "nonInterestIncome": "None", "otherNonOperatingIncome": "None", "depreciation": "None", "depreciationAndAmortization": "247000000", "incomeBeforeTax": "573000000", "incomeTaxExpense": "110000000", "interestAndDebtExpense": "None", "netIncomeFromContinuingOperations": "0", "comprehensiveIncomeNetOfTax": "None", "ebit": "520000000", "ebitda": "767000000", "netIncome": "261000000"}, {"fiscalDateEnding": "2013-12-31", "reportedCurrency": "USD", "grossProfit": "1657000000", "totalRevenue": "10908000000", "costOfRevenue": "9251000000", "costofGoodsAndServicesSold": "9251000000", "operatingIncome": "573000000", "sellingGeneralAndAdministrative": "565000000", "researchAndDevelopment": "0", "operatingExpenses": "1084000000", "investmentIncomeNet": "None", "netInterestIncome": "None", "interestIncome": "None", "interestExpense": "55000000", "nonInterestIncome": "None", "otherNonOperatingIncome": "None", "depreciation": "None", "depreciationAndAmortization": "244000000", "incomeBeforeTax": "631000000", "incomeTaxExpense": "126000000", "interestAndDebtExpense": "None", "netIncomeFromContinuingOperations": "0", "comprehensiveIncomeNetOfTax": "None", "ebit": "509000000", "ebitda": "753000000", "netIncome": "469000000"}, {"fiscalDateEnding": "2013-09-30", "reportedCurrency": "USD", "grossProfit": "2102000000", "totalRevenue": "11047000000", "costOfRevenue": "8945000000", "costofGoodsAndServicesSold": "8945000000", "operatingIncome": "1271000000", "sellingGeneralAndAdministrative": "636000000", "researchAndDevelopment": "558000000", "operatingExpenses": "802000000", "investmentIncomeNet": "None", "netInterestIncome": "None", "interestIncome": "None", "interestExpense": "54000000", "nonInterestIncome": "None", "otherNonOperatingIncome": "-26000000", "depreciation": "None", "depreciationAndAmortization": "256000000", "incomeBeforeTax": "1036000000", "incomeTaxExpense": "895000000", "interestAndDebtExpense": "None", "netIncomeFromContinuingOperations": "159000000", "comprehensiveIncomeNetOfTax": "None", "ebit": "1096000000", "ebitda": "1352000000", "netIncome": "105000000"}, {"fiscalDateEnding": "2013-06-30", "reportedCurrency": "USD", "grossProfit": "1680000000", "totalRevenue": "10831000000", "costOfRevenue": "9151000000", "costofGoodsAndServicesSold": "9151000000", "operatingIncome": "689000000", "sellingGeneralAndAdministrative": "712000000", "researchAndDevelopment": "0", "operatingExpenses": "991000000", "investmentIncomeNet": "None", "netInterestIncome": "None", "interestIncome": "None", "interestExpense": "67000000", "nonInterestIncome": "None", "otherNonOperatingIncome": "-1000000", "depreciation": "None", "depreciationAndAmortization": "239000000", "incomeBeforeTax": "554000000", "incomeTaxExpense": "-40000000", "interestAndDebtExpense": "None", "netIncomeFromContinuingOperations": "132000000", "comprehensiveIncomeNetOfTax": "None", "ebit": "547000000", "ebitda": "786000000", "netIncome": "571000000"}, {"fiscalDateEnding": "2013-03-31", "reportedCurrency": "USD", "grossProfit": "1488000000", "totalRevenue": "10430000000", "costOfRevenue": "8942000000", "costofGoodsAndServicesSold": "8942000000", "operatingIncome": "397000000", "sellingGeneralAndAdministrative": "761000000", "researchAndDevelopment": "0", "operatingExpenses": "1091000000", "investmentIncomeNet": "None", "netInterestIncome": "None", "interestIncome": "None", "interestExpense": "66000000", "nonInterestIncome": "None", "otherNonOperatingIncome": "-22000000", "depreciation": "None", "depreciationAndAmortization": "234000000", "incomeBeforeTax": "395000000", "incomeTaxExpense": "217000000", "interestAndDebtExpense": "None", "netIncomeFromContinuingOperations": "72000000", "comprehensiveIncomeNetOfTax": "None", "ebit": "462000000", "ebitda": "696000000", "netIncome": "148000000"}, {"fiscalDateEnding": "2012-12-31", "reportedCurrency": "USD", "grossProfit": "1508000000", "totalRevenue": "10422000000", "costOfRevenue": "8914000000", "costofGoodsAndServicesSold": "8914000000", "operatingIncome": "456000000", "sellingGeneralAndAdministrative": "656000000", "researchAndDevelopment": "0", "operatingExpenses": "1052000000", "investmentIncomeNet": "None", "netInterestIncome": "None", "interestIncome": "None", "interestExpense": "61000000", "nonInterestIncome": "None", "otherNonOperatingIncome": "-11000000", "depreciation": "None", "depreciationAndAmortization": "223000000", "incomeBeforeTax": "480000000", "incomeTaxExpense": "96000000", "interestAndDebtExpense": "None", "netIncomeFromContinuingOperations": "161000000", "comprehensiveIncomeNetOfTax": "None", "ebit": "548000000", "ebitda": "771000000", "netIncome": "354000000"}, {"fiscalDateEnding": "2012-09-30", "reportedCurrency": "USD", "grossProfit": "1588000000", "totalRevenue": "10392000000", "costOfRevenue": "8804000000", "costofGoodsAndServicesSold": "8804000000", "operatingIncome": "277000000", "sellingGeneralAndAdministrative": "657000000", "researchAndDevelopment": "1541000000", "operatingExpenses": "1380000000", "investmentIncomeNet": "None", "netInterestIncome": "None", "interestIncome": "None", "interestExpense": "62000000", "nonInterestIncome": "None", "otherNonOperatingIncome": "None", "depreciation": "None", "depreciationAndAmortization": "221000000", "incomeBeforeTax": "-28000000", "incomeTaxExpense": "-49000000", "interestAndDebtExpense": "None", "netIncomeFromContinuingOperations": "0", "comprehensiveIncomeNetOfTax": "None", "ebit": "279000000", "ebitda": "500000000", "netIncome": "-8000000"}, {"fiscalDateEnding": "2012-06-30", "reportedCurrency": "USD", "grossProfit": "1537000000", "totalRevenue": "10581000000", "costOfRevenue": "9044000000", "costofGoodsAndServicesSold": "9044000000", "operatingIncome": "545000000", "sellingGeneralAndAdministrative": "828000000", "researchAndDevelopment": "0", "operatingExpenses": "992000000", "investmentIncomeNet": "None", "netInterestIncome": "None", "interestIncome": "None", "interestExpense": "59000000", "nonInterestIncome": "None", "otherNonOperatingIncome": "None", "depreciation": "None", "depreciationAndAmortization": "207000000", "incomeBeforeTax": "504000000", "incomeTaxExpense": "62000000", "interestAndDebtExpense": "None", "netIncomeFromContinuingOperations": "0", "comprehensiveIncomeNetOfTax": "None", "ebit": "587000000", "ebitda": "794000000", "netIncome": "417000000"}, {"fiscalDateEnding": "2012-03-31", "reportedCurrency": "USD", "grossProfit": "1549000000", "totalRevenue": "10565000000", "costOfRevenue": "9016000000", "costofGoodsAndServicesSold": "9016000000", "operatingIncome": "480000000", "sellingGeneralAndAdministrative": "660000000", "researchAndDevelopment": "0", "operatingExpenses": "1069000000", "investmentIncomeNet": "None", "netInterestIncome": "None", "interestIncome": "None", "interestExpense": "63000000", "nonInterestIncome": "None", "otherNonOperatingIncome": "None", "depreciation": "None", "depreciationAndAmortization": "200000000", "incomeBeforeTax": "496000000", "incomeTaxExpense": "94000000", "interestAndDebtExpense": "None", "netIncomeFromContinuingOperations": "0", "comprehensiveIncomeNetOfTax": "None", "ebit": "582000000", "ebitda": "782000000", "netIncome": "364000000"}, {"fiscalDateEnding": "2011-12-31", "reportedCurrency": "USD", "grossProfit": "1532000000", "totalRevenue": "10417000000", "costOfRevenue": "8885000000", "costofGoodsAndServicesSold": "8885000000", "operatingIncome": "478000000", "sellingGeneralAndAdministrative": "677000000", "researchAndDevelopment": "0", "operatingExpenses": "1054000000", "investmentIncomeNet": "None", "netInterestIncome": "None", "interestIncome": "None", "interestExpense": "49000000", "nonInterestIncome": "None", "otherNonOperatingIncome": "None", "depreciation": "None", "depreciationAndAmortization": "196000000", "incomeBeforeTax": "549000000", "incomeTaxExpense": "104000000", "interestAndDebtExpense": "None", "netIncomeFromContinuingOperations": "0", "comprehensiveIncomeNetOfTax": "None", "ebit": "621000000", "ebitda": "817000000", "netIncome": "410000000"}, {"fiscalDateEnding": "2011-09-30", "reportedCurrency": "USD", "grossProfit": "1732000000", "totalRevenue": "10788000000", "costOfRevenue": "9056000000", "costofGoodsAndServicesSold": "9056000000", "operatingIncome": "604000000", "sellingGeneralAndAdministrative": "772000000", "researchAndDevelopment": "289000000", "operatingExpenses": "1128000000", "investmentIncomeNet": "None", "netInterestIncome": "None", "interestIncome": "None", "interestExpense": "50000000", "nonInterestIncome": "None", "otherNonOperatingIncome": "1000000", "depreciation": "None", "depreciationAndAmortization": "184000000", "incomeBeforeTax": "669000000", "incomeTaxExpense": "96000000", "interestAndDebtExpense": "None", "netIncomeFromContinuingOperations": "394000000", "comprehensiveIncomeNetOfTax": "None", "ebit": "719000000", "ebitda": "903000000", "netIncome": "538000000"}, {"fiscalDateEnding": "2011-06-30", "reportedCurrency": "USD", "grossProfit": "1550000000", "totalRevenue": "10364000000", "costOfRevenue": "8814000000", "costofGoodsAndServicesSold": "8814000000", "operatingIncome": "456000000", "sellingGeneralAndAdministrative": "163000000", "researchAndDevelopment": "115000000", "operatingExpenses": "1094000000", "investmentIncomeNet": "None", "netInterestIncome": "None", "interestIncome": "None", "interestExpense": "43000000", "nonInterestIncome": "None", "otherNonOperatingIncome": "5000000", "depreciation": "None", "depreciationAndAmortization": "193000000", "incomeBeforeTax": "469000000", "incomeTaxExpense": "89000000", "interestAndDebtExpense": "None", "netIncomeFromContinuingOperations": "363000000", "comprehensiveIncomeNetOfTax": "None", "ebit": "319000000", "ebitda": "512000000", "netIncome": "357000000"}, {"fiscalDateEnding": "2011-03-31", "reportedCurrency": "USD", "grossProfit": "1474000000", "totalRevenue": "10144000000", "costOfRevenue": "8670000000", "costofGoodsAndServicesSold": "8670000000", "operatingIncome": "460000000", "sellingGeneralAndAdministrative": "1085000000", "researchAndDevelopment": "115000000", "operatingExpenses": "1014000000", "investmentIncomeNet": "None", "netInterestIncome": "None", "interestIncome": "None", "interestExpense": "46000000", "nonInterestIncome": "None", "otherNonOperatingIncome": "3000000", "depreciation": "None", "depreciationAndAmortization": "185000000", "incomeBeforeTax": "475000000", "incomeTaxExpense": "90000000", "interestAndDebtExpense": "None", "netIncomeFromContinuingOperations": "320000000", "comprehensiveIncomeNetOfTax": "None", "ebit": "521000000", "ebitda": "706000000", "netIncome": "354000000"}, {"fiscalDateEnding": "2010-12-31", "reportedCurrency": "USD", "grossProfit": "1414000000", "totalRevenue": "9537000000", "costOfRevenue": "8123000000", "costofGoodsAndServicesSold": "8123000000", "operatingIncome": "467000000", "sellingGeneralAndAdministrative": "1137000000", "researchAndDevelopment": "106000000", "operatingExpenses": "947000000", "investmentIncomeNet": "None", "netInterestIncome": "None", "interestIncome": "None", "interestExpense": "35000000", "nonInterestIncome": "None", "otherNonOperatingIncome": "9000000", "depreciation": "None", "depreciationAndAmortization": "169000000", "incomeBeforeTax": "498000000", "incomeTaxExpense": "95000000", "interestAndDebtExpense": "None", "netIncomeFromContinuingOperations": "490000000", "comprehensiveIncomeNetOfTax": "None", "ebit": "533000000", "ebitda": "702000000", "netIncome": "375000000"}, {"fiscalDateEnding": "2010-09-30", "reportedCurrency": "USD", "grossProfit": "1491000000", "totalRevenue": "9040000000", "costOfRevenue": "7549000000", "costofGoodsAndServicesSold": "7549000000", "operatingIncome": "506000000", "sellingGeneralAndAdministrative": "1206000000", "researchAndDevelopment": "146000000", "operatingExpenses": "985000000", "investmentIncomeNet": "None", "netInterestIncome": "None", "interestIncome": "None", "interestExpense": "53000000", "nonInterestIncome": "None", "otherNonOperatingIncome": "None", "depreciation": "None", "depreciationAndAmortization": "167000000", "incomeBeforeTax": "551000000", "incomeTaxExpense": "74000000", "interestAndDebtExpense": "None", "netIncomeFromContinuingOperations": "0", "comprehensiveIncomeNetOfTax": "None", "ebit": "604000000", "ebitda": "771000000", "netIncome": "449000000"}, {"fiscalDateEnding": "2010-06-30", "reportedCurrency": "USD", "grossProfit": "1339000000", "totalRevenue": "8540000000", "costOfRevenue": "7201000000", "costofGoodsAndServicesSold": "7201000000", "operatingIncome": "405000000", "sellingGeneralAndAdministrative": "1163000000", "researchAndDevelopment": "87000000", "operatingExpenses": "895000000", "investmentIncomeNet": "None", "netInterestIncome": "None", "interestIncome": "None", "interestExpense": "39000000", "nonInterestIncome": "None", "otherNonOperatingIncome": "None", "depreciation": "None", "depreciationAndAmortization": "168000000", "incomeBeforeTax": "457000000", "incomeTaxExpense": "31000000", "interestAndDebtExpense": "None", "netIncomeFromContinuingOperations": "0", "comprehensiveIncomeNetOfTax": "None", "ebit": "496000000", "ebitda": "664000000", "netIncome": "418000000"}, {"fiscalDateEnding": "2010-03-31", "reportedCurrency": "USD", "grossProfit": "1223000000", "totalRevenue": "8317000000", "costOfRevenue": "7094000000", "costofGoodsAndServicesSold": "7094000000", "operatingIncome": "376000000", "sellingGeneralAndAdministrative": "1094000000", "researchAndDevelopment": "88000000", "operatingExpenses": "847000000", "investmentIncomeNet": "None", "netInterestIncome": "None", "interestIncome": "None", "interestExpense": "43000000", "nonInterestIncome": "None", "otherNonOperatingIncome": "None", "depreciation": "None", "depreciationAndAmortization": "176000000", "incomeBeforeTax": "384000000", "incomeTaxExpense": "87000000", "interestAndDebtExpense": "None", "netIncomeFromContinuingOperations": "0", "comprehensiveIncomeNetOfTax": "None", "ebit": "251000000", "ebitda": "427000000", "netIncome": "274000000"}, {"fiscalDateEnding": "2009-12-31", "reportedCurrency": "USD", "grossProfit": "1236000000", "totalRevenue": "8408000000", "costOfRevenue": "7172000000", "costofGoodsAndServicesSold": "7172000000", "operatingIncome": "353000000", "sellingGeneralAndAdministrative": "1123000000", "researchAndDevelopment": "87000000", "operatingExpenses": "830000000", "investmentIncomeNet": "None", "netInterestIncome": "None", "interestIncome": "None", "interestExpense": "35000000", "nonInterestIncome": "None", "otherNonOperatingIncome": "None", "depreciation": "None", "depreciationAndAmortization": "180000000", "incomeBeforeTax": "371000000", "incomeTaxExpense": "5000000", "interestAndDebtExpense": "None", "netIncomeFromContinuingOperations": "0", "comprehensiveIncomeNetOfTax": "None", "ebit": "406000000", "ebitda": "586000000", "netIncome": "350000000"}, {"fiscalDateEnding": "2009-09-30", "reportedCurrency": "USD", "grossProfit": "1143000000", "totalRevenue": "7867000000", "costOfRevenue": "6724000000", "costofGoodsAndServicesSold": "6724000000", "operatingIncome": "382000000", "sellingGeneralAndAdministrative": "1177000000", "researchAndDevelopment": "117000000", "operatingExpenses": "761000000", "investmentIncomeNet": "None", "netInterestIncome": "None", "interestIncome": "None", "interestExpense": "72000000", "nonInterestIncome": "None", "otherNonOperatingIncome": "None", "depreciation": "None", "depreciationAndAmortization": "184000000", "incomeBeforeTax": "226000000", "incomeTaxExpense": "-77000000", "interestAndDebtExpense": "None", "netIncomeFromContinuingOperations": "0", "comprehensiveIncomeNetOfTax": "None", "ebit": "298000000", "ebitda": "482000000", "netIncome": "300000000"}, {"fiscalDateEnding": "2009-06-30", "reportedCurrency": "USD", "grossProfit": "1039000000", "totalRevenue": "6979000000", "costOfRevenue": "5940000000", "costofGoodsAndServicesSold": "5940000000", "operatingIncome": "252000000", "sellingGeneralAndAdministrative": "1110000000", "researchAndDevelopment": "29000000", "operatingExpenses": "787000000", "investmentIncomeNet": "None", "netInterestIncome": "None", "interestIncome": "None", "interestExpense": "65000000", "nonInterestIncome": "None", "otherNonOperatingIncome": "None", "depreciation": "None", "depreciationAndAmortization": "180000000", "incomeBeforeTax": "217000000", "incomeTaxExpense": "50000000", "interestAndDebtExpense": "None", "netIncomeFromContinuingOperations": "0", "comprehensiveIncomeNetOfTax": "None", "ebit": "282000000", "ebitda": "462000000", "netIncome": "163000000"}, {"fiscalDateEnding": "2009-03-31", "reportedCurrency": "USD", "grossProfit": "682000000", "totalRevenue": "6315000000", "costOfRevenue": "5633000000", "costofGoodsAndServicesSold": "5633000000", "operatingIncome": "-121000000", "sellingGeneralAndAdministrative": "1172000000", "researchAndDevelopment": "85000000", "operatingExpenses": "803000000", "investmentIncomeNet": "None", "netInterestIncome": "None", "interestIncome": "None", "interestExpense": "46000000", "nonInterestIncome": "None", "otherNonOperatingIncome": "None", "depreciation": "None", "depreciationAndAmortization": "191000000", "incomeBeforeTax": "-395000000", "incomeTaxExpense": "-183000000", "interestAndDebtExpense": "None", "netIncomeFromContinuingOperations": "0", "comprehensiveIncomeNetOfTax": "None", "ebit": "-349000000", "ebitda": "-158000000", "netIncome": "-193000000"}, {"fiscalDateEnding": "2008-12-31", "reportedCurrency": "USD", "grossProfit": "685000000", "totalRevenue": "7336000000", "costOfRevenue": "6651000000", "costofGoodsAndServicesSold": "6651000000", "operatingIncome": "-174000000", "sellingGeneralAndAdministrative": "1140000000", "researchAndDevelopment": "105000000", "operatingExpenses": "859000000", "investmentIncomeNet": "None", "netInterestIncome": "None", "interestIncome": "None", "interestExpense": "56000000", "nonInterestIncome": "None", "otherNonOperatingIncome": "None", "depreciation": "None", "depreciationAndAmortization": "190000000", "incomeBeforeTax": "-366000000", "incomeTaxExpense": "242000000", "interestAndDebtExpense": "None", "netIncomeFromContinuingOperations": "0", "comprehensiveIncomeNetOfTax": "None", "ebit": "-310000000", "ebitda": "-120000000", "netIncome": "-608000000"}, {"fiscalDateEnding": "2008-09-30", "reportedCurrency": "USD", "grossProfit": "1424000000", "totalRevenue": "9307000000", "costOfRevenue": "7883000000", "costofGoodsAndServicesSold": "7883000000", "operatingIncome": "574000000", "sellingGeneralAndAdministrative": "1301000000", "researchAndDevelopment": "102000000", "operatingExpenses": "850000000", "investmentIncomeNet": "None", "netInterestIncome": "None", "interestIncome": "None", "interestExpense": "396000000", "nonInterestIncome": "None", "otherNonOperatingIncome": "None", "depreciation": "None", "depreciationAndAmortization": "202000000", "incomeBeforeTax": "56000000", "incomeTaxExpense": "55000000", "interestAndDebtExpense": "None", "netIncomeFromContinuingOperations": "0", "comprehensiveIncomeNetOfTax": "None", "ebit": "195000000", "ebitda": "397000000", "netIncome": "16000000"}, {"fiscalDateEnding": "2008-06-30", "reportedCurrency": "USD", "grossProfit": "1485000000", "totalRevenue": "9865000000", "costOfRevenue": "8380000000", "costofGoodsAndServicesSold": "8380000000", "operatingIncome": "608000000", "sellingGeneralAndAdministrative": "1204000000", "researchAndDevelopment": "95000000", "operatingExpenses": "877000000", "investmentIncomeNet": "None", "netInterestIncome": "None", "interestIncome": "None", "interestExpense": "69000000", "nonInterestIncome": "None", "otherNonOperatingIncome": "None", "depreciation": "None", "depreciationAndAmortization": "196000000", "incomeBeforeTax": "576000000", "incomeTaxExpense": "121000000", "interestAndDebtExpense": "None", "netIncomeFromContinuingOperations": "0", "comprehensiveIncomeNetOfTax": "None", "ebit": "645000000", "ebitda": "841000000", "netIncome": "439000000"}, {"fiscalDateEnding": "2008-03-31", "reportedCurrency": "USD", "grossProfit": "1310000000", "totalRevenue": "9406000000", "costOfRevenue": "8096000000", "costofGoodsAndServicesSold": "8096000000", "operatingIncome": "422000000", "sellingGeneralAndAdministrative": "1234000000", "researchAndDevelopment": "104000000", "operatingExpenses": "888000000", "investmentIncomeNet": "None", "netInterestIncome": "None", "interestIncome": "None", "interestExpense": "66000000", "nonInterestIncome": "None", "otherNonOperatingIncome": "None", "depreciation": "None", "depreciationAndAmortization": "194000000", "incomeBeforeTax": "387000000", "incomeTaxExpense": "81000000", "interestAndDebtExpense": "None", "netIncomeFromContinuingOperations": "0", "comprehensiveIncomeNetOfTax": "None", "ebit": "453000000", "ebitda": "647000000", "netIncome": "289000000"}, {"fiscalDateEnding": "2007-12-31", "reportedCurrency": "USD", "grossProfit": "1307000000", "totalRevenue": "9484000000", "costOfRevenue": "8177000000", "costofGoodsAndServicesSold": "8177000000", "operatingIncome": "357000000", "sellingGeneralAndAdministrative": "1167000000", "researchAndDevelopment": "123000000", "operatingExpenses": "950000000", "investmentIncomeNet": "None", "netInterestIncome": "None", "interestIncome": "None", "interestExpense": "117000000", "nonInterestIncome": "None", "otherNonOperatingIncome": "None", "depreciation": "None", "depreciationAndAmortization": "191000000", "incomeBeforeTax": "305000000", "incomeTaxExpense": "64000000", "interestAndDebtExpense": "None", "netIncomeFromContinuingOperations": "0", "comprehensiveIncomeNetOfTax": "None", "ebit": "357000000", "ebitda": "548000000", "netIncome": "235000000"}, {"fiscalDateEnding": "2007-09-30", "reportedCurrency": "USD", "grossProfit": "1425000000", "totalRevenue": "9011000000", "costOfRevenue": "7586000000", "costofGoodsAndServicesSold": "7586000000", "operatingIncome": "639000000", "sellingGeneralAndAdministrative": "1218000000", "researchAndDevelopment": "101000000", "operatingExpenses": "786000000", "investmentIncomeNet": "None", "netInterestIncome": "None", "interestIncome": "None", "interestExpense": "313000000", "nonInterestIncome": "None", "otherNonOperatingIncome": "None", "depreciation": "None", "depreciationAndAmortization": "164000000", "incomeBeforeTax": "592000000", "incomeTaxExpense": "124000000", "interestAndDebtExpense": "None", "netIncomeFromContinuingOperations": "0", "comprehensiveIncomeNetOfTax": "None", "ebit": "728000000", "ebitda": "892000000", "netIncome": "466000000"}, {"fiscalDateEnding": "2007-06-30", "reportedCurrency": "USD", "grossProfit": "1384000000", "totalRevenue": "8911000000", "costOfRevenue": "7527000000", "costofGoodsAndServicesSold": "7527000000", "operatingIncome": "553000000", "sellingGeneralAndAdministrative": "1184000000", "researchAndDevelopment": "120000000", "operatingExpenses": "831000000", "investmentIncomeNet": "None", "netInterestIncome": "None", "interestIncome": "None", "interestExpense": "167000000", "nonInterestIncome": "None", "otherNonOperatingIncome": "None", "depreciation": "None", "depreciationAndAmortization": "194000000", "incomeBeforeTax": "502000000", "incomeTaxExpense": "106000000", "interestAndDebtExpense": "None", "netIncomeFromContinuingOperations": "0", "comprehensiveIncomeNetOfTax": "None", "ebit": "553000000", "ebitda": "747000000", "netIncome": "396000000"}, {"fiscalDateEnding": "2007-03-31", "reportedCurrency": "USD", "grossProfit": "1193000000", "totalRevenue": "8492000000", "costOfRevenue": "7299000000", "costofGoodsAndServicesSold": "7299000000", "operatingIncome": "332000000", "sellingGeneralAndAdministrative": "1220000000", "researchAndDevelopment": "129000000", "operatingExpenses": "861000000", "investmentIncomeNet": "None", "netInterestIncome": "None", "interestIncome": "None", "interestExpense": "160000000", "nonInterestIncome": "None", "otherNonOperatingIncome": "None", "depreciation": "None", "depreciationAndAmortization": "188000000", "incomeBeforeTax": "282000000", "incomeTaxExpense": "17000000", "interestAndDebtExpense": "None", "netIncomeFromContinuingOperations": "0", "comprehensiveIncomeNetOfTax": "None", "ebit": "332000000", "ebitda": "520000000", "netIncome": "228000000"}, {"fiscalDateEnding": "2006-12-31", "reportedCurrency": "USD", "grossProfit": "1074000000", "totalRevenue": "8210000000", "costOfRevenue": "7136000000", "costofGoodsAndServicesSold": "7136000000", "operatingIncome": "271000000", "sellingGeneralAndAdministrative": "1154000000", "researchAndDevelopment": "141000000", "operatingExpenses": "803000000", "investmentIncomeNet": "None", "netInterestIncome": "None", "interestIncome": "None", "interestExpense": "167000000", "nonInterestIncome": "None", "otherNonOperatingIncome": "None", "depreciation": "None", "depreciationAndAmortization": "186000000", "incomeBeforeTax": "231000000", "incomeTaxExpense": "53000000", "interestAndDebtExpense": "None", "netIncomeFromContinuingOperations": "0", "comprehensiveIncomeNetOfTax": "None", "ebit": "271000000", "ebitda": "457000000", "netIncome": "162000000"}, {"fiscalDateEnding": "2006-09-30", "reportedCurrency": "USD", "grossProfit": "1237000000", "totalRevenue": "8150000000", "costOfRevenue": "6913000000", "costofGoodsAndServicesSold": "6913000000", "operatingIncome": "505000000", "sellingGeneralAndAdministrative": "1039000000", "researchAndDevelopment": "10000000", "operatingExpenses": "732000000", "investmentIncomeNet": "None", "netInterestIncome": "None", "interestIncome": "None", "interestExpense": "713000000", "nonInterestIncome": "None", "otherNonOperatingIncome": "None", "depreciation": "None", "depreciationAndAmortization": "181000000", "incomeBeforeTax": "478000000", "incomeTaxExpense": "100000000", "interestAndDebtExpense": "None", "netIncomeFromContinuingOperations": "0", "comprehensiveIncomeNetOfTax": "None", "ebit": "412000000", "ebitda": "593000000", "netIncome": "360000000"}, {"fiscalDateEnding": "2006-06-30", "reportedCurrency": "USD", "grossProfit": "1213000000", "totalRevenue": "8390000000", "costOfRevenue": "7177000000", "costofGoodsAndServicesSold": "7177000000", "operatingIncome": "477000000", "sellingGeneralAndAdministrative": "1099000000", "researchAndDevelopment": "148000000", "operatingExpenses": "736000000", "investmentIncomeNet": "None", "netInterestIncome": "None", "interestIncome": "None", "interestExpense": "167000000", "nonInterestIncome": "None", "otherNonOperatingIncome": "None", "depreciation": "None", "depreciationAndAmortization": "178000000", "incomeBeforeTax": "233000000", "incomeTaxExpense": "-111000000", "interestAndDebtExpense": "None", "netIncomeFromContinuingOperations": "0", "comprehensiveIncomeNetOfTax": "None", "ebit": "476000000", "ebitda": "654000000", "netIncome": "338000000"}, {"fiscalDateEnding": "2006-03-31", "reportedCurrency": "USD", "grossProfit": "1053000000", "totalRevenue": "8167000000", "costOfRevenue": "7114000000", "costofGoodsAndServicesSold": "7114000000", "operatingIncome": "266000000", "sellingGeneralAndAdministrative": "360000000", "researchAndDevelopment": "135000000", "operatingExpenses": "787000000", "investmentIncomeNet": "None", "netInterestIncome": "None", "interestIncome": "None", "interestExpense": "30000000", "nonInterestIncome": "None", "otherNonOperatingIncome": "None", "depreciation": "None", "depreciationAndAmortization": "180600000", "incomeBeforeTax": "209000000", "incomeTaxExpense": "36000000", "interestAndDebtExpense": "None", "netIncomeFromContinuingOperations": "0", "comprehensiveIncomeNetOfTax": "None", "ebit": "266400000", "ebitda": "447000000", "netIncome": "165000000"}, {"fiscalDateEnding": "2005-12-31", "reportedCurrency": "USD", "grossProfit": "916600000", "totalRevenue": "7527600000", "costOfRevenue": "6611000000", "costofGoodsAndServicesSold": "6611000000", "operatingIncome": "231000000", "sellingGeneralAndAdministrative": "1977000000", "researchAndDevelopment": "127000000", "operatingExpenses": "685600000", "investmentIncomeNet": "None", "netInterestIncome": "None", "interestIncome": "None", "interestExpense": "189000000", "nonInterestIncome": "None", "otherNonOperatingIncome": "None", "depreciation": "None", "depreciationAndAmortization": "165400000", "incomeBeforeTax": "218300000", "incomeTaxExpense": "37500000", "interestAndDebtExpense": "None", "netIncomeFromContinuingOperations": "0", "comprehensiveIncomeNetOfTax": "None", "ebit": "240600000", "ebitda": "406000000", "netIncome": "165400000"}, {"fiscalDateEnding": "2005-09-30", "reportedCurrency": "USD", "grossProfit": "899500000", "totalRevenue": "6496300000", "costOfRevenue": "5596800000", "costofGoodsAndServicesSold": "5596800000", "operatingIncome": "400100000", "sellingGeneralAndAdministrative": "2348000000", "researchAndDevelopment": "56000000", "operatingExpenses": "499400000", "investmentIncomeNet": "None", "netInterestIncome": "None", "interestIncome": "None", "interestExpense": "189000000", "nonInterestIncome": "None", "otherNonOperatingIncome": "None", "depreciation": "None", "depreciationAndAmortization": "154600000", "incomeBeforeTax": "389800000", "incomeTaxExpense": "96700000", "interestAndDebtExpense": "None", "netIncomeFromContinuingOperations": "0", "comprehensiveIncomeNetOfTax": "None", "ebit": "247600000", "ebitda": "402200000", "netIncome": "283800000"}, {"fiscalDateEnding": "2005-06-30", "reportedCurrency": "USD", "grossProfit": "900300000", "totalRevenue": "7062100000", "costOfRevenue": "6161800000", "costofGoodsAndServicesSold": "6161800000", "operatingIncome": "368100000", "sellingGeneralAndAdministrative": "1972000000", "researchAndDevelopment": "115000000", "operatingExpenses": "532200000", "investmentIncomeNet": "None", "netInterestIncome": "None", "interestIncome": "None", "interestExpense": "199000000", "nonInterestIncome": "None", "otherNonOperatingIncome": "None", "depreciation": "None", "depreciationAndAmortization": "149800000", "incomeBeforeTax": "356700000", "incomeTaxExpense": "94600000", "interestAndDebtExpense": "None", "netIncomeFromContinuingOperations": "0", "comprehensiveIncomeNetOfTax": "None", "ebit": "369200000", "ebitda": "519000000", "netIncome": "254700000"}, {"fiscalDateEnding": "2005-03-31", "reportedCurrency": "USD", "grossProfit": "850900000", "totalRevenue": "7100600000", "costOfRevenue": "6249700000", "costofGoodsAndServicesSold": "6249700000", "operatingIncome": "270000000", "sellingGeneralAndAdministrative": "1941000000", "researchAndDevelopment": "106000000", "operatingExpenses": "580900000", "investmentIncomeNet": "None", "netInterestIncome": "None", "interestIncome": "None", "interestExpense": "209000000", "nonInterestIncome": "None", "otherNonOperatingIncome": "None", "depreciation": "None", "depreciationAndAmortization": "167500000", "incomeBeforeTax": "34000000", "incomeTaxExpense": "-31900000", "interestAndDebtExpense": "None", "netIncomeFromContinuingOperations": "0", "comprehensiveIncomeNetOfTax": "None", "ebit": "248800000", "ebitda": "416300000", "netIncome": "202500000"}, {"fiscalDateEnding": "2004-12-31", "reportedCurrency": "USD", "grossProfit": "842800000", "totalRevenue": "6975500000", "costOfRevenue": "6132700000", "costofGoodsAndServicesSold": "6132700000", "operatingIncome": "245400000", "sellingGeneralAndAdministrative": "1965000000", "researchAndDevelopment": "138000000", "operatingExpenses": "597400000", "investmentIncomeNet": "None", "netInterestIncome": "None", "interestIncome": "None", "interestExpense": "218000000", "nonInterestIncome": "None", "otherNonOperatingIncome": "None", "depreciation": "None", "depreciationAndAmortization": "164500000", "incomeBeforeTax": "230100000", "incomeTaxExpense": "48600000", "interestAndDebtExpense": "None", "netIncomeFromContinuingOperations": "0", "comprehensiveIncomeNetOfTax": "None", "ebit": "212500000", "ebitda": "377000000", "netIncome": "168400000"}]}