{"symbol": "PNW", "annualReports": [{"fiscalDateEnding": "2024-12-31", "reportedCurrency": "USD", "grossProfit": "2137193000", "totalRevenue": "5124915000", "costOfRevenue": "2987722000", "costofGoodsAndServicesSold": "2987722000", "operatingIncome": "1012063000", "sellingGeneralAndAdministrative": "None", "researchAndDevelopment": "None", "operatingExpenses": "1125130000", "investmentIncomeNet": "None", "netInterestIncome": "-353150000", "interestIncome": "24322000", "interestExpense": "377472000", "nonInterestIncome": "None", "otherNonOperatingIncome": "None", "depreciation": "None", "depreciationAndAmortization": "895346000", "incomeBeforeTax": "736559000", "incomeTaxExpense": "127753000", "interestAndDebtExpense": "None", "netIncomeFromContinuingOperations": "626030000", "comprehensiveIncomeNetOfTax": "None", "ebit": "1162301000", "ebitda": "2057647000", "netIncome": "608806000"}, {"fiscalDateEnding": "2023-12-31", "reportedCurrency": "USD", "grossProfit": "1844609000", "totalRevenue": "4695991000", "costOfRevenue": "2851382000", "costofGoodsAndServicesSold": "2851382000", "operatingIncome": "824640000", "sellingGeneralAndAdministrative": "None", "researchAndDevelopment": "None", "operatingExpenses": "1019969000", "investmentIncomeNet": "None", "netInterestIncome": "-289484000", "interestIncome": "24154000", "interestExpense": "331323000", "nonInterestIncome": "None", "otherNonOperatingIncome": "None", "depreciation": "None", "depreciationAndAmortization": "854136000", "incomeBeforeTax": "595693000", "incomeTaxExpense": "76912000", "interestAndDebtExpense": "None", "netIncomeFromContinuingOperations": "494812000", "comprehensiveIncomeNetOfTax": "None", "ebit": "865288000", "ebitda": "1719424000", "netIncome": "501557000"}, {"fiscalDateEnding": "2022-12-31", "reportedCurrency": "USD", "grossProfit": "1707970000", "totalRevenue": "4324385000", "costOfRevenue": "2616415000", "costofGoodsAndServicesSold": "2616415000", "operatingIncome": "731911000", "sellingGeneralAndAdministrative": "None", "researchAndDevelopment": "None", "operatingExpenses": "976059000", "investmentIncomeNet": "None", "netInterestIncome": "-248213000", "interestIncome": "223487000", "interestExpense": "255539000", "nonInterestIncome": "None", "otherNonOperatingIncome": "None", "depreciation": "None", "depreciationAndAmortization": "817814000", "incomeBeforeTax": "575653000", "incomeTaxExpense": "74827000", "interestAndDebtExpense": "None", "netIncomeFromContinuingOperations": "500826000", "comprehensiveIncomeNetOfTax": "None", "ebit": "830398000", "ebitda": "1648212000", "netIncome": "483602000"}, {"fiscalDateEnding": "2021-12-31", "reportedCurrency": "USD", "grossProfit": "1697217000", "totalRevenue": "3803835000", "costOfRevenue": "2106618000", "costofGoodsAndServicesSold": "2106618000", "operatingIncome": "805310000", "sellingGeneralAndAdministrative": "241032000", "researchAndDevelopment": "None", "operatingExpenses": "891907000", "investmentIncomeNet": "None", "netInterestIncome": "-233262000", "interestIncome": "186166000", "interestExpense": "233262000", "nonInterestIncome": "None", "otherNonOperatingIncome": "173982000", "depreciation": "None", "depreciationAndAmortization": "719141000", "incomeBeforeTax": "746030000", "incomeTaxExpense": "110086000", "interestAndDebtExpense": "None", "netIncomeFromContinuingOperations": "635944000", "comprehensiveIncomeNetOfTax": "None", "ebit": "917851000", "ebitda": "1636992000", "netIncome": "618720000"}, {"fiscalDateEnding": "2020-12-31", "reportedCurrency": "USD", "grossProfit": "1634653000", "totalRevenue": "3586982000", "costOfRevenue": "1952329000", "costofGoodsAndServicesSold": "1952329000", "operatingIncome": "788152000", "sellingGeneralAndAdministrative": "232123000", "researchAndDevelopment": "None", "operatingExpenses": "846501000", "investmentIncomeNet": "None", "netInterestIncome": "-228971000", "interestIncome": "12210000", "interestExpense": "228971000", "nonInterestIncome": "None", "otherNonOperatingIncome": "89044000", "depreciation": "None", "depreciationAndAmortization": "686253000", "incomeBeforeTax": "648225000", "incomeTaxExpense": "78173000", "interestAndDebtExpense": "None", "netIncomeFromContinuingOperations": "570052000", "comprehensiveIncomeNetOfTax": "None", "ebit": "844493000", "ebitda": "1530746000", "netIncome": "550559000"}, {"fiscalDateEnding": "2019-12-31", "reportedCurrency": "USD", "grossProfit": "1487356000", "totalRevenue": "3471209000", "costOfRevenue": "1983853000", "costofGoodsAndServicesSold": "1983853000", "operatingIncome": "671960000", "sellingGeneralAndAdministrative": "224467000", "researchAndDevelopment": "None", "operatingExpenses": "815396000", "investmentIncomeNet": "None", "netInterestIncome": "-206346000", "interestIncome": "10377000", "interestExpense": "216723000", "nonInterestIncome": "None", "otherNonOperatingIncome": "86803000", "depreciation": "None", "depreciationAndAmortization": "664140000", "incomeBeforeTax": "542040000", "incomeTaxExpense": "-15773000", "interestAndDebtExpense": "None", "netIncomeFromContinuingOperations": "557813000", "comprehensiveIncomeNetOfTax": "None", "ebit": "694949000", "ebitda": "1359089000", "netIncome": "538320000"}, {"fiscalDateEnding": "2018-12-31", "reportedCurrency": "USD", "grossProfit": "1578387000", "totalRevenue": "3691247000", "costOfRevenue": "2112860000", "costofGoodsAndServicesSold": "2112860000", "operatingIncome": "773687000", "sellingGeneralAndAdministrative": "222346000", "researchAndDevelopment": "None", "operatingExpenses": "804700000", "investmentIncomeNet": "None", "netInterestIncome": "-209638000", "interestIncome": "8647000", "interestExpense": "218285000", "nonInterestIncome": "None", "otherNonOperatingIncome": "109040000", "depreciation": "None", "depreciationAndAmortization": "650955000", "incomeBeforeTax": "664442000", "incomeTaxExpense": "133902000", "interestAndDebtExpense": "None", "netIncomeFromContinuingOperations": "530540000", "comprehensiveIncomeNetOfTax": "None", "ebit": "823478000", "ebitda": "1474433000", "netIncome": "511047000"}, {"fiscalDateEnding": "2017-12-31", "reportedCurrency": "USD", "grossProfit": "1659552000", "totalRevenue": "3565296000", "costOfRevenue": "1905744000", "costofGoodsAndServicesSold": "1905744000", "operatingIncome": "934427000", "sellingGeneralAndAdministrative": "191007000", "researchAndDevelopment": "0", "operatingExpenses": "725125000", "investmentIncomeNet": "None", "netInterestIncome": "-194187000", "interestIncome": "3497000", "interestExpense": "197684000", "nonInterestIncome": "None", "otherNonOperatingIncome": "29478000", "depreciation": "None", "depreciationAndAmortization": "610629000", "incomeBeforeTax": "766221000", "incomeTaxExpense": "258272000", "interestAndDebtExpense": "None", "netIncomeFromContinuingOperations": "507949000", "comprehensiveIncomeNetOfTax": "None", "ebit": "934427000", "ebitda": "1545056000", "netIncome": "488456000"}, {"fiscalDateEnding": "2016-12-31", "reportedCurrency": "USD", "grossProfit": "1511853000", "totalRevenue": "3498682000", "costOfRevenue": "1986829000", "costofGoodsAndServicesSold": "1986829000", "operatingIncome": "855984000", "sellingGeneralAndAdministrative": "20373000", "researchAndDevelopment": "0", "operatingExpenses": "655869000", "investmentIncomeNet": "None", "netInterestIncome": "-184866000", "interestIncome": "144473000", "interestExpense": "185750000", "nonInterestIncome": "None", "otherNonOperatingIncome": "None", "depreciation": "None", "depreciationAndAmortization": "565011000", "incomeBeforeTax": "697938000", "incomeTaxExpense": "236411000", "interestAndDebtExpense": "None", "netIncomeFromContinuingOperations": "461527000", "comprehensiveIncomeNetOfTax": "None", "ebit": "855984000", "ebitda": "1420995000", "netIncome": "442034000"}, {"fiscalDateEnding": "2015-12-31", "reportedCurrency": "USD", "grossProfit": "1525768000", "totalRevenue": "3495443000", "costOfRevenue": "1969675000", "costofGoodsAndServicesSold": "1969675000", "operatingIncome": "854602000", "sellingGeneralAndAdministrative": "176744000", "researchAndDevelopment": "0", "operatingExpenses": "671166000", "investmentIncomeNet": "None", "netInterestIncome": "None", "interestIncome": "145077000", "interestExpense": "178705000", "nonInterestIncome": "None", "otherNonOperatingIncome": "18013000", "depreciation": "None", "depreciationAndAmortization": "571664000", "incomeBeforeTax": "693910000", "incomeTaxExpense": "237720000", "interestAndDebtExpense": "None", "netIncomeFromContinuingOperations": "456190000", "comprehensiveIncomeNetOfTax": "None", "ebit": "854602000", "ebitda": "1426266000", "netIncome": "437257000"}, {"fiscalDateEnding": "2014-12-31", "reportedCurrency": "USD", "grossProfit": "1403778000", "totalRevenue": "3491632000", "costOfRevenue": "2087854000", "costofGoodsAndServicesSold": "2087854000", "operatingIncome": "811242000", "sellingGeneralAndAdministrative": "175178000", "researchAndDevelopment": "0", "operatingExpenses": "592536000", "investmentIncomeNet": "None", "netInterestIncome": "None", "interestIncome": "None", "interestExpense": "185493000", "nonInterestIncome": "None", "otherNonOperatingIncome": "18652000", "depreciation": "None", "depreciationAndAmortization": "417358000", "incomeBeforeTax": "644401000", "incomeTaxExpense": "220705000", "interestAndDebtExpense": "None", "netIncomeFromContinuingOperations": "423696000", "comprehensiveIncomeNetOfTax": "None", "ebit": "890371000", "ebitda": "1307729000", "netIncome": "397595000"}, {"fiscalDateEnding": "2013-12-31", "reportedCurrency": "USD", "grossProfit": "1434192000", "totalRevenue": "3454628000", "costOfRevenue": "2020436000", "costofGoodsAndServicesSold": "2020436000", "operatingIncome": "846323000", "sellingGeneralAndAdministrative": "172161000", "researchAndDevelopment": "0", "operatingExpenses": "587869000", "investmentIncomeNet": "None", "netInterestIncome": "None", "interestIncome": "None", "interestExpense": "187027000", "nonInterestIncome": "None", "otherNonOperatingIncome": "11261000", "depreciation": "None", "depreciationAndAmortization": "492322000", "incomeBeforeTax": "670557000", "incomeTaxExpense": "230591000", "interestAndDebtExpense": "None", "netIncomeFromContinuingOperations": "439966000", "comprehensiveIncomeNetOfTax": "None", "ebit": "846323000", "ebitda": "1338645000", "netIncome": "406074000"}, {"fiscalDateEnding": "2012-12-31", "reportedCurrency": "USD", "grossProfit": "1422245000", "totalRevenue": "3301804000", "costOfRevenue": "1879559000", "costofGoodsAndServicesSold": "1879559000", "operatingIncome": "851755000", "sellingGeneralAndAdministrative": "0", "researchAndDevelopment": "0", "operatingExpenses": "570490000", "investmentIncomeNet": "None", "netInterestIncome": "None", "interestIncome": "None", "interestExpense": "199645000", "nonInterestIncome": "None", "otherNonOperatingIncome": "None", "depreciation": "None", "depreciationAndAmortization": "481262000", "incomeBeforeTax": "656310000", "incomeTaxExpense": "237317000", "interestAndDebtExpense": "None", "netIncomeFromContinuingOperations": "None", "comprehensiveIncomeNetOfTax": "None", "ebit": "855955000", "ebitda": "1337217000", "netIncome": "381542000"}, {"fiscalDateEnding": "2011-12-31", "reportedCurrency": "USD", "grossProfit": "2231915000", "totalRevenue": "3241379000", "costOfRevenue": "1009464000", "costofGoodsAndServicesSold": "1009464000", "operatingIncome": "746508000", "sellingGeneralAndAdministrative": "0", "researchAndDevelopment": "0", "operatingExpenses": "1485407000", "investmentIncomeNet": "None", "netInterestIncome": "None", "interestIncome": "None", "interestExpense": "223637000", "nonInterestIncome": "None", "otherNonOperatingIncome": "None", "depreciation": "None", "depreciationAndAmortization": "493784000", "incomeBeforeTax": "539238000", "incomeTaxExpense": "183604000", "interestAndDebtExpense": "None", "netIncomeFromContinuingOperations": "None", "comprehensiveIncomeNetOfTax": "None", "ebit": "762875000", "ebitda": "1256659000", "netIncome": "339473000"}, {"fiscalDateEnding": "2010-12-31", "reportedCurrency": "USD", "grossProfit": "2216830000", "totalRevenue": "3263645000", "costOfRevenue": "1046815000", "costofGoodsAndServicesSold": "1046815000", "operatingIncome": "723884000", "sellingGeneralAndAdministrative": "0", "researchAndDevelopment": "0", "operatingExpenses": "1492946000", "investmentIncomeNet": "None", "netInterestIncome": "None", "interestIncome": "None", "interestExpense": "227635000", "nonInterestIncome": "None", "otherNonOperatingIncome": "None", "depreciation": "None", "depreciationAndAmortization": "472807000", "incomeBeforeTax": "514919000", "incomeTaxExpense": "164321000", "interestAndDebtExpense": "None", "netIncomeFromContinuingOperations": "None", "comprehensiveIncomeNetOfTax": "None", "ebit": "742554000", "ebitda": "1215361000", "netIncome": "350053000"}, {"fiscalDateEnding": "2009-12-31", "reportedCurrency": "USD", "grossProfit": "2016100000", "totalRevenue": "3297101000", "costOfRevenue": "1281001000", "costofGoodsAndServicesSold": "1281001000", "operatingIncome": "321773000", "sellingGeneralAndAdministrative": "None", "researchAndDevelopment": "None", "operatingExpenses": "1435874000", "investmentIncomeNet": "None", "netInterestIncome": "None", "interestIncome": "None", "interestExpense": "223114000", "nonInterestIncome": "None", "otherNonOperatingIncome": "None", "depreciation": "None", "depreciationAndAmortization": "443160000", "incomeBeforeTax": "105058000", "incomeTaxExpense": "37827000", "interestAndDebtExpense": "None", "netIncomeFromContinuingOperations": "None", "comprehensiveIncomeNetOfTax": "None", "ebit": "328172000", "ebitda": "771332000", "netIncome": "68330000"}, {"fiscalDateEnding": "2008-12-31", "reportedCurrency": "USD", "grossProfit": "1888263000", "totalRevenue": "3367076000", "costOfRevenue": "1478813000", "costofGoodsAndServicesSold": "1478813000", "operatingIncome": "477296000", "sellingGeneralAndAdministrative": "None", "researchAndDevelopment": "None", "operatingExpenses": "1357717000", "investmentIncomeNet": "None", "netInterestIncome": "None", "interestIncome": "None", "interestExpense": "197470000", "nonInterestIncome": "None", "otherNonOperatingIncome": "None", "depreciation": "None", "depreciationAndAmortization": "390358000", "incomeBeforeTax": "278964000", "incomeTaxExpense": "65407000", "interestAndDebtExpense": "None", "netIncomeFromContinuingOperations": "None", "comprehensiveIncomeNetOfTax": "None", "ebit": "538676000", "ebitda": "929034000", "netIncome": "242125000"}, {"fiscalDateEnding": "2007-12-31", "reportedCurrency": "USD", "grossProfit": "2088461000", "totalRevenue": "3523620000", "costOfRevenue": "1435159000", "costofGoodsAndServicesSold": "1435159000", "operatingIncome": "619251000", "sellingGeneralAndAdministrative": "None", "researchAndDevelopment": "None", "operatingExpenses": "1469210000", "investmentIncomeNet": "None", "netInterestIncome": "None", "interestIncome": "None", "interestExpense": "212620000", "nonInterestIncome": "None", "otherNonOperatingIncome": "None", "depreciation": "None", "depreciationAndAmortization": "403896000", "incomeBeforeTax": "449700000", "incomeTaxExpense": "150920000", "interestAndDebtExpense": "None", "netIncomeFromContinuingOperations": "None", "comprehensiveIncomeNetOfTax": "None", "ebit": "619251000", "ebitda": "1023147000", "netIncome": "307143000"}, {"fiscalDateEnding": "2006-12-31", "reportedCurrency": "USD", "grossProfit": "2150462000", "totalRevenue": "3401748000", "costOfRevenue": "1251286000", "costofGoodsAndServicesSold": "1251286000", "operatingIncome": "618870000", "sellingGeneralAndAdministrative": "None", "researchAndDevelopment": "None", "operatingExpenses": "1531592000", "investmentIncomeNet": "None", "netInterestIncome": "None", "interestIncome": "None", "interestExpense": "196826000", "nonInterestIncome": "None", "otherNonOperatingIncome": "None", "depreciation": "None", "depreciationAndAmortization": "652097000", "incomeBeforeTax": "473561000", "incomeTaxExpense": "156418000", "interestAndDebtExpense": "None", "netIncomeFromContinuingOperations": "None", "comprehensiveIncomeNetOfTax": "None", "ebit": "618870000", "ebitda": "1270967000", "netIncome": "327255000"}, {"fiscalDateEnding": "2005-12-31", "reportedCurrency": "USD", "grossProfit": "2099723000", "totalRevenue": "2987955000", "costOfRevenue": "888232000", "costofGoodsAndServicesSold": "888232000", "operatingIncome": "515289000", "sellingGeneralAndAdministrative": "None", "researchAndDevelopment": "None", "operatingExpenses": "1584434000", "investmentIncomeNet": "None", "netInterestIncome": "None", "interestIncome": "None", "interestExpense": "185087000", "nonInterestIncome": "None", "otherNonOperatingIncome": "None", "depreciation": "None", "depreciationAndAmortization": "381604000", "incomeBeforeTax": "350055000", "incomeTaxExpense": "126892000", "interestAndDebtExpense": "None", "netIncomeFromContinuingOperations": "None", "comprehensiveIncomeNetOfTax": "None", "ebit": "515289000", "ebitda": "896893000", "netIncome": "176267000"}], "quarterlyReports": [{"fiscalDateEnding": "2024-12-31", "reportedCurrency": "USD", "grossProfit": "372009000", "totalRevenue": "1095408000", "costOfRevenue": "723399000", "costofGoodsAndServicesSold": "723399000", "operatingIncome": "84538000", "sellingGeneralAndAdministrative": "None", "researchAndDevelopment": "None", "operatingExpenses": "287471000", "investmentIncomeNet": "None", "netInterestIncome": "-89962000", "interestIncome": "4998000", "interestExpense": "94960000", "nonInterestIncome": "None", "otherNonOperatingIncome": "None", "depreciation": "None", "depreciationAndAmortization": "244597000", "incomeBeforeTax": "-2531000", "incomeTaxExpense": "-10000", "interestAndDebtExpense": "None", "netIncomeFromContinuingOperations": "-2521000", "comprehensiveIncomeNetOfTax": "None", "ebit": "92429000", "ebitda": "337026000", "netIncome": "-6827000"}, {"fiscalDateEnding": "2024-09-30", "reportedCurrency": "USD", "grossProfit": "829358000", "totalRevenue": "1768801000", "costOfRevenue": "939443000", "costofGoodsAndServicesSold": "939443000", "operatingIncome": "546986000", "sellingGeneralAndAdministrative": "None", "researchAndDevelopment": "None", "operatingExpenses": "282372000", "investmentIncomeNet": "None", "netInterestIncome": "-91656000", "interestIncome": "6368000", "interestExpense": "98024000", "nonInterestIncome": "None", "otherNonOperatingIncome": "None", "depreciation": "None", "depreciationAndAmortization": "246041000", "incomeBeforeTax": "473499000", "incomeTaxExpense": "74227000", "interestAndDebtExpense": "None", "netIncomeFromContinuingOperations": "399272000", "comprehensiveIncomeNetOfTax": "None", "ebit": "559174000", "ebitda": "805215000", "netIncome": "394966000"}, {"fiscalDateEnding": "2024-06-30", "reportedCurrency": "USD", "grossProfit": "377291000", "totalRevenue": "1308994000", "costOfRevenue": "931703000", "costofGoodsAndServicesSold": "931703000", "operatingIncome": "316499000", "sellingGeneralAndAdministrative": "12877000", "researchAndDevelopment": "None", "operatingExpenses": "60792000", "investmentIncomeNet": "None", "netInterestIncome": "-92459000", "interestIncome": "5396000", "interestExpense": "97855000", "nonInterestIncome": "None", "otherNonOperatingIncome": "None", "depreciation": "None", "depreciationAndAmortization": "239133000", "incomeBeforeTax": "240532000", "incomeTaxExpense": "32421000", "interestAndDebtExpense": "None", "netIncomeFromContinuingOperations": "208111000", "comprehensiveIncomeNetOfTax": "None", "ebit": "326624000", "ebitda": "565757000", "netIncome": "203805000"}, {"fiscalDateEnding": "2024-03-31", "reportedCurrency": "USD", "grossProfit": "181918000", "totalRevenue": "951712000", "costOfRevenue": "769794000", "costofGoodsAndServicesSold": "769794000", "operatingIncome": "122734000", "sellingGeneralAndAdministrative": "11568000", "researchAndDevelopment": "None", "operatingExpenses": "59184000", "investmentIncomeNet": "None", "netInterestIncome": "-79073000", "interestIncome": "7560000", "interestExpense": "86633000", "nonInterestIncome": "None", "otherNonOperatingIncome": "None", "depreciation": "None", "depreciationAndAmortization": "226413000", "incomeBeforeTax": "25059000", "incomeTaxExpense": "3891000", "interestAndDebtExpense": "None", "netIncomeFromContinuingOperations": "21168000", "comprehensiveIncomeNetOfTax": "None", "ebit": "78360000", "ebitda": "304773000", "netIncome": "16862000"}, {"fiscalDateEnding": "2023-12-31", "reportedCurrency": "USD", "grossProfit": "334307000", "totalRevenue": "991574000", "costOfRevenue": "657267000", "costofGoodsAndServicesSold": "657267000", "operatingIncome": "74380000", "sellingGeneralAndAdministrative": "None", "researchAndDevelopment": "None", "operatingExpenses": "259927000", "investmentIncomeNet": "None", "netInterestIncome": "-81298000", "interestIncome": "5296000", "interestExpense": "86594000", "nonInterestIncome": "None", "otherNonOperatingIncome": "None", "depreciation": "None", "depreciationAndAmortization": "217912000", "incomeBeforeTax": "7070000", "incomeTaxExpense": "2787000", "interestAndDebtExpense": "None", "netIncomeFromContinuingOperations": "4283000", "comprehensiveIncomeNetOfTax": "None", "ebit": "84515000", "ebitda": "302427000", "netIncome": "-23000"}, {"fiscalDateEnding": "2023-09-30", "reportedCurrency": "USD", "grossProfit": "773220000", "totalRevenue": "1637759000", "costOfRevenue": "864539000", "costofGoodsAndServicesSold": "864539000", "operatingIncome": "516263000", "sellingGeneralAndAdministrative": "None", "researchAndDevelopment": "None", "operatingExpenses": "256957000", "investmentIncomeNet": "None", "netInterestIncome": "-78302000", "interestIncome": "9515000", "interestExpense": "87817000", "nonInterestIncome": "None", "otherNonOperatingIncome": "None", "depreciation": "None", "depreciationAndAmortization": "219572000", "incomeBeforeTax": "459565000", "incomeTaxExpense": "57045000", "interestAndDebtExpense": "None", "netIncomeFromContinuingOperations": "402520000", "comprehensiveIncomeNetOfTax": "None", "ebit": "526437000", "ebitda": "746009000", "netIncome": "398214000"}, {"fiscalDateEnding": "2023-06-30", "reportedCurrency": "USD", "grossProfit": "436711000", "totalRevenue": "1121703000", "costOfRevenue": "684992000", "costofGoodsAndServicesSold": "684992000", "operatingIncome": "183280000", "sellingGeneralAndAdministrative": "58330000", "researchAndDevelopment": "None", "operatingExpenses": "253431000", "investmentIncomeNet": "None", "netInterestIncome": "-75109000", "interestIncome": "6406000", "interestExpense": "81515000", "nonInterestIncome": "None", "otherNonOperatingIncome": "25101000", "depreciation": "None", "depreciationAndAmortization": "207880000", "incomeBeforeTax": "126866000", "incomeTaxExpense": "15897000", "interestAndDebtExpense": "None", "netIncomeFromContinuingOperations": "110969000", "comprehensiveIncomeNetOfTax": "None", "ebit": "193754000", "ebitda": "401634000", "netIncome": "106663000"}, {"fiscalDateEnding": "2023-03-31", "reportedCurrency": "USD", "grossProfit": "300371000", "totalRevenue": "944955000", "costOfRevenue": "644584000", "costofGoodsAndServicesSold": "644584000", "operatingIncome": "50717000", "sellingGeneralAndAdministrative": "9865000", "researchAndDevelopment": "None", "operatingExpenses": "249654000", "investmentIncomeNet": "None", "netInterestIncome": "-75397000", "interestIncome": "6026000", "interestExpense": "75397000", "nonInterestIncome": "None", "otherNonOperatingIncome": "26872000", "depreciation": "None", "depreciationAndAmortization": "208772000", "incomeBeforeTax": "2192000", "incomeTaxExpense": "1183000", "interestAndDebtExpense": "None", "netIncomeFromContinuingOperations": "1009000", "comprehensiveIncomeNetOfTax": "None", "ebit": "60582000", "ebitda": "269354000", "netIncome": "1009000"}, {"fiscalDateEnding": "2022-12-31", "reportedCurrency": "USD", "grossProfit": "282318000", "totalRevenue": "1009314000", "costOfRevenue": "726996000", "costofGoodsAndServicesSold": "726996000", "operatingIncome": "36751000", "sellingGeneralAndAdministrative": "None", "researchAndDevelopment": "None", "operatingExpenses": "245567000", "investmentIncomeNet": "None", "netInterestIncome": "-66701000", "interestIncome": "2208000", "interestExpense": "68909000", "nonInterestIncome": "None", "otherNonOperatingIncome": "None", "depreciation": "None", "depreciationAndAmortization": "204856000", "incomeBeforeTax": "-28436000", "incomeTaxExpense": "-8750000", "interestAndDebtExpense": "None", "netIncomeFromContinuingOperations": "-19686000", "comprehensiveIncomeNetOfTax": "None", "ebit": "61499000", "ebitda": "266355000", "netIncome": "-19686000"}, {"fiscalDateEnding": "2022-09-30", "reportedCurrency": "USD", "grossProfit": "661637000", "totalRevenue": "1469871000", "costOfRevenue": "808234000", "costofGoodsAndServicesSold": "808234000", "operatingIncome": "417573000", "sellingGeneralAndAdministrative": "53675000", "researchAndDevelopment": "None", "operatingExpenses": "244064000", "investmentIncomeNet": "None", "netInterestIncome": "-61708000", "interestIncome": "53510000", "interestExpense": "63493000", "nonInterestIncome": "None", "otherNonOperatingIncome": "29280000", "depreciation": "None", "depreciationAndAmortization": "207831000", "incomeBeforeTax": "383360000", "incomeTaxExpense": "52728000", "interestAndDebtExpense": "None", "netIncomeFromContinuingOperations": "330632000", "comprehensiveIncomeNetOfTax": "None", "ebit": "442246000", "ebitda": "650077000", "netIncome": "326326000"}, {"fiscalDateEnding": "2022-06-30", "reportedCurrency": "USD", "grossProfit": "464095000", "totalRevenue": "1061669000", "costOfRevenue": "597574000", "costofGoodsAndServicesSold": "597574000", "operatingIncome": "223095000", "sellingGeneralAndAdministrative": "54503000", "researchAndDevelopment": "None", "operatingExpenses": "241000000", "investmentIncomeNet": "None", "netInterestIncome": "-60539000", "interestIncome": "1691000", "interestExpense": "62230000", "nonInterestIncome": "None", "otherNonOperatingIncome": "34441000", "depreciation": "None", "depreciationAndAmortization": "201488000", "incomeBeforeTax": "195306000", "incomeTaxExpense": "26688000", "interestAndDebtExpense": "None", "netIncomeFromContinuingOperations": "168618000", "comprehensiveIncomeNetOfTax": "None", "ebit": "248352000", "ebitda": "449840000", "netIncome": "164312000"}, {"fiscalDateEnding": "2022-03-31", "reportedCurrency": "USD", "grossProfit": "299920000", "totalRevenue": "783531000", "costOfRevenue": "483611000", "costofGoodsAndServicesSold": "483611000", "operatingIncome": "77264000", "sellingGeneralAndAdministrative": "58823000", "researchAndDevelopment": "None", "operatingExpenses": "245428000", "investmentIncomeNet": "None", "netInterestIncome": "-59265000", "interestIncome": "1642000", "interestExpense": "60907000", "nonInterestIncome": "None", "otherNonOperatingIncome": "31838000", "depreciation": "None", "depreciationAndAmortization": "203639000", "incomeBeforeTax": "25423000", "incomeTaxExpense": "4161000", "interestAndDebtExpense": "None", "netIncomeFromContinuingOperations": "21262000", "comprehensiveIncomeNetOfTax": "None", "ebit": "78301000", "ebitda": "281940000", "netIncome": "16956000"}, {"fiscalDateEnding": "2021-12-31", "reportedCurrency": "USD", "grossProfit": "279884000", "totalRevenue": "798857000", "costOfRevenue": "518973000", "costofGoodsAndServicesSold": "518973000", "operatingIncome": "50017000", "sellingGeneralAndAdministrative": "59085000", "researchAndDevelopment": "None", "operatingExpenses": "229867000", "investmentIncomeNet": "None", "netInterestIncome": "-59946000", "interestIncome": "47157000", "interestExpense": "59946000", "nonInterestIncome": "None", "otherNonOperatingIncome": "37832000", "depreciation": "None", "depreciationAndAmortization": "186800000", "incomeBeforeTax": "27903000", "incomeTaxExpense": "-3987000", "interestAndDebtExpense": "None", "netIncomeFromContinuingOperations": "31890000", "comprehensiveIncomeNetOfTax": "None", "ebit": "78457000", "ebitda": "265257000", "netIncome": "27584000"}, {"fiscalDateEnding": "2021-09-30", "reportedCurrency": "USD", "grossProfit": "648416000", "totalRevenue": "1308254000", "costOfRevenue": "659838000", "costofGoodsAndServicesSold": "659838000", "operatingIncome": "429373000", "sellingGeneralAndAdministrative": "55520000", "researchAndDevelopment": "None", "operatingExpenses": "219043000", "investmentIncomeNet": "None", "netInterestIncome": "-57192000", "interestIncome": "1602000", "interestExpense": "58794000", "nonInterestIncome": "None", "otherNonOperatingIncome": "45388000", "depreciation": "None", "depreciationAndAmortization": "181805000", "incomeBeforeTax": "415967000", "incomeTaxExpense": "71863000", "interestAndDebtExpense": "None", "netIncomeFromContinuingOperations": "344104000", "comprehensiveIncomeNetOfTax": "None", "ebit": "457508000", "ebitda": "639313000", "netIncome": "339798000"}, {"fiscalDateEnding": "2021-06-30", "reportedCurrency": "USD", "grossProfit": "500724000", "totalRevenue": "1000249000", "costOfRevenue": "499525000", "costofGoodsAndServicesSold": "499525000", "operatingIncome": "278386000", "sellingGeneralAndAdministrative": "63588000", "researchAndDevelopment": "None", "operatingExpenses": "222338000", "investmentIncomeNet": "None", "netInterestIncome": "-55891000", "interestIncome": "1687000", "interestExpense": "57578000", "nonInterestIncome": "None", "otherNonOperatingIncome": "45188000", "depreciation": "None", "depreciationAndAmortization": "174127000", "incomeBeforeTax": "265996000", "incomeTaxExpense": "46560000", "interestAndDebtExpense": "None", "netIncomeFromContinuingOperations": "219436000", "comprehensiveIncomeNetOfTax": "None", "ebit": "306561000", "ebitda": "480688000", "netIncome": "215697000"}, {"fiscalDateEnding": "2021-03-31", "reportedCurrency": "USD", "grossProfit": "268193000", "totalRevenue": "696475000", "costOfRevenue": "428282000", "costofGoodsAndServicesSold": "428282000", "operatingIncome": "47534000", "sellingGeneralAndAdministrative": "62839000", "researchAndDevelopment": "None", "operatingExpenses": "220659000", "investmentIncomeNet": "None", "netInterestIncome": "-54996000", "interestIncome": "1948000", "interestExpense": "56944000", "nonInterestIncome": "None", "otherNonOperatingIncome": "45574000", "depreciation": "None", "depreciationAndAmortization": "176409000", "incomeBeforeTax": "36164000", "incomeTaxExpense": "-4350000", "interestAndDebtExpense": "None", "netIncomeFromContinuingOperations": "40514000", "comprehensiveIncomeNetOfTax": "None", "ebit": "75325000", "ebitda": "251734000", "netIncome": "35641000"}, {"fiscalDateEnding": "2020-12-31", "reportedCurrency": "USD", "grossProfit": "246387000", "totalRevenue": "740961000", "costOfRevenue": "494574000", "costofGoodsAndServicesSold": "494574000", "operatingIncome": "30848000", "sellingGeneralAndAdministrative": "60418000", "researchAndDevelopment": "None", "operatingExpenses": "215539000", "investmentIncomeNet": "None", "netInterestIncome": "-59038000", "interestIncome": "3222000", "interestExpense": "59038000", "nonInterestIncome": "None", "otherNonOperatingIncome": "-6241000", "depreciation": "None", "depreciationAndAmortization": "170511000", "incomeBeforeTax": "-34431000", "incomeTaxExpense": "-19913000", "interestAndDebtExpense": "None", "netIncomeFromContinuingOperations": "-14518000", "comprehensiveIncomeNetOfTax": "None", "ebit": "45018000", "ebitda": "215529000", "netIncome": "-19391000"}, {"fiscalDateEnding": "2020-09-30", "reportedCurrency": "USD", "grossProfit": "664359000", "totalRevenue": "1254501000", "costOfRevenue": "590142000", "costofGoodsAndServicesSold": "590142000", "operatingIncome": "455008000", "sellingGeneralAndAdministrative": "56655000", "researchAndDevelopment": "None", "operatingExpenses": "209351000", "investmentIncomeNet": "None", "netInterestIncome": "-53878000", "interestIncome": "46025000", "interestExpense": "56834000", "nonInterestIncome": "None", "otherNonOperatingIncome": "30305000", "depreciation": "None", "depreciationAndAmortization": "172569000", "incomeBeforeTax": "428479000", "incomeTaxExpense": "77234000", "interestAndDebtExpense": "None", "netIncomeFromContinuingOperations": "351245000", "comprehensiveIncomeNetOfTax": "None", "ebit": "469126000", "ebitda": "641695000", "netIncome": "346372000"}, {"fiscalDateEnding": "2020-06-30", "reportedCurrency": "USD", "grossProfit": "471816000", "totalRevenue": "929590000", "costOfRevenue": "457774000", "costofGoodsAndServicesSold": "457774000", "operatingIncome": "261874000", "sellingGeneralAndAdministrative": "57460000", "researchAndDevelopment": "None", "operatingExpenses": "209942000", "investmentIncomeNet": "None", "netInterestIncome": "-55186000", "interestIncome": "2755000", "interestExpense": "57941000", "nonInterestIncome": "None", "otherNonOperatingIncome": "35587000", "depreciation": "None", "depreciationAndAmortization": "170005000", "incomeBeforeTax": "239520000", "incomeTaxExpense": "41061000", "interestAndDebtExpense": "None", "netIncomeFromContinuingOperations": "198459000", "comprehensiveIncomeNetOfTax": "None", "ebit": "276016000", "ebitda": "446021000", "netIncome": "193585000"}, {"fiscalDateEnding": "2020-03-31", "reportedCurrency": "USD", "grossProfit": "252091000", "totalRevenue": "661930000", "costOfRevenue": "409839000", "costofGoodsAndServicesSold": "409839000", "operatingIncome": "40422000", "sellingGeneralAndAdministrative": "57590000", "researchAndDevelopment": "None", "operatingExpenses": "211669000", "investmentIncomeNet": "None", "netInterestIncome": "-51881000", "interestIncome": "3277000", "interestExpense": "55158000", "nonInterestIncome": "None", "otherNonOperatingIncome": "29393000", "depreciation": "None", "depreciationAndAmortization": "173168000", "incomeBeforeTax": "14657000", "incomeTaxExpense": "-20209000", "interestAndDebtExpense": "None", "netIncomeFromContinuingOperations": "34866000", "comprehensiveIncomeNetOfTax": "None", "ebit": "54333000", "ebitda": "227501000", "netIncome": "29993000"}, {"fiscalDateEnding": "2019-12-31", "reportedCurrency": "USD", "grossProfit": "215969000", "totalRevenue": "670391000", "costOfRevenue": "454422000", "costofGoodsAndServicesSold": "454422000", "operatingIncome": "11997000", "sellingGeneralAndAdministrative": "58574000", "researchAndDevelopment": "None", "operatingExpenses": "203972000", "investmentIncomeNet": "None", "netInterestIncome": "-53087000", "interestIncome": "2682000", "interestExpense": "55769000", "nonInterestIncome": "None", "otherNonOperatingIncome": "24089000", "depreciation": "None", "depreciationAndAmortization": "163339000", "incomeBeforeTax": "-19683000", "incomeTaxExpense": "-88537000", "interestAndDebtExpense": "None", "netIncomeFromContinuingOperations": "68854000", "comprehensiveIncomeNetOfTax": "None", "ebit": "17746000", "ebitda": "181085000", "netIncome": "63981000"}, {"fiscalDateEnding": "2019-09-30", "reportedCurrency": "USD", "grossProfit": "607343000", "totalRevenue": "1190787000", "costOfRevenue": "583444000", "costofGoodsAndServicesSold": "583444000", "operatingIncome": "403290000", "sellingGeneralAndAdministrative": "54603000", "researchAndDevelopment": "None", "operatingExpenses": "204053000", "investmentIncomeNet": "None", "netInterestIncome": "-51301000", "interestIncome": "2694000", "interestExpense": "53995000", "nonInterestIncome": "None", "otherNonOperatingIncome": "21120000", "depreciation": "None", "depreciationAndAmortization": "168616000", "incomeBeforeTax": "370415000", "incomeTaxExpense": "53266000", "interestAndDebtExpense": "None", "netIncomeFromContinuingOperations": "317149000", "comprehensiveIncomeNetOfTax": "None", "ebit": "409042000", "ebitda": "577658000", "netIncome": "312276000"}, {"fiscalDateEnding": "2019-06-30", "reportedCurrency": "USD", "grossProfit": "399736000", "totalRevenue": "869501000", "costOfRevenue": "469765000", "costofGoodsAndServicesSold": "469765000", "operatingIncome": "196589000", "sellingGeneralAndAdministrative": "55773000", "researchAndDevelopment": "None", "operatingExpenses": "203147000", "investmentIncomeNet": "None", "netInterestIncome": "-50272000", "interestIncome": "2699000", "interestExpense": "52971000", "nonInterestIncome": "None", "otherNonOperatingIncome": "22481000", "depreciation": "None", "depreciationAndAmortization": "164384000", "incomeBeforeTax": "166099000", "incomeTaxExpense": "17080000", "interestAndDebtExpense": "None", "netIncomeFromContinuingOperations": "149019000", "comprehensiveIncomeNetOfTax": "None", "ebit": "202963000", "ebitda": "367347000", "netIncome": "144145000"}, {"fiscalDateEnding": "2019-03-31", "reportedCurrency": "USD", "grossProfit": "264308000", "totalRevenue": "740530000", "costOfRevenue": "476222000", "costofGoodsAndServicesSold": "476222000", "operatingIncome": "60084000", "sellingGeneralAndAdministrative": "55517000", "researchAndDevelopment": "None", "operatingExpenses": "204224000", "investmentIncomeNet": "None", "netInterestIncome": "-51686000", "interestIncome": "41488000", "interestExpense": "53988000", "nonInterestIncome": "None", "otherNonOperatingIncome": "19113000", "depreciation": "None", "depreciationAndAmortization": "167801000", "incomeBeforeTax": "25209000", "incomeTaxExpense": "2418000", "interestAndDebtExpense": "None", "netIncomeFromContinuingOperations": "22791000", "comprehensiveIncomeNetOfTax": "None", "ebit": "74353000", "ebitda": "242154000", "netIncome": "17918000"}, {"fiscalDateEnding": "2018-12-31", "reportedCurrency": "USD", "grossProfit": "268273000", "totalRevenue": "756376000", "costOfRevenue": "488103000", "costofGoodsAndServicesSold": "488103000", "operatingIncome": "66884000", "sellingGeneralAndAdministrative": "55267000", "researchAndDevelopment": "0", "operatingExpenses": "201389000", "investmentIncomeNet": "None", "netInterestIncome": "None", "interestIncome": "None", "interestExpense": "55977000", "nonInterestIncome": "None", "otherNonOperatingIncome": "26837000", "depreciation": "None", "depreciationAndAmortization": "146122000", "incomeBeforeTax": "37744000", "incomeTaxExpense": "6795000", "interestAndDebtExpense": "None", "netIncomeFromContinuingOperations": "30949000", "comprehensiveIncomeNetOfTax": "None", "ebit": "94333000", "ebitda": "240455000", "netIncome": "26076000"}, {"fiscalDateEnding": "2018-09-30", "reportedCurrency": "USD", "grossProfit": "631553000", "totalRevenue": "1268034000", "costOfRevenue": "636481000", "costofGoodsAndServicesSold": "636481000", "operatingIncome": "433307000", "sellingGeneralAndAdministrative": "52275000", "researchAndDevelopment": "0", "operatingExpenses": "198246000", "investmentIncomeNet": "None", "netInterestIncome": "None", "interestIncome": "None", "interestExpense": "55692000", "nonInterestIncome": "None", "otherNonOperatingIncome": "26603000", "depreciation": "None", "depreciationAndAmortization": "164311000", "incomeBeforeTax": "404218000", "incomeTaxExpense": "84333000", "interestAndDebtExpense": "None", "netIncomeFromContinuingOperations": "319885000", "comprehensiveIncomeNetOfTax": "None", "ebit": "445756000", "ebitda": "610067000", "netIncome": "315012000"}, {"fiscalDateEnding": "2018-06-30", "reportedCurrency": "USD", "grossProfit": "448639000", "totalRevenue": "974123000", "costOfRevenue": "525484000", "costofGoodsAndServicesSold": "525484000", "operatingIncome": "242162000", "sellingGeneralAndAdministrative": "61041000", "researchAndDevelopment": "0", "operatingExpenses": "206477000", "investmentIncomeNet": "None", "netInterestIncome": "None", "interestIncome": "None", "interestExpense": "54417000", "nonInterestIncome": "None", "otherNonOperatingIncome": "27906000", "depreciation": "None", "depreciationAndAmortization": "161984000", "incomeBeforeTax": "215651000", "incomeTaxExpense": "44039000", "interestAndDebtExpense": "None", "netIncomeFromContinuingOperations": "171612000", "comprehensiveIncomeNetOfTax": "None", "ebit": "254168000", "ebitda": "416152000", "netIncome": "166738000"}, {"fiscalDateEnding": "2018-03-31", "reportedCurrency": "USD", "grossProfit": "229922000", "totalRevenue": "692714000", "costOfRevenue": "462792000", "costofGoodsAndServicesSold": "462792000", "operatingIncome": "31334000", "sellingGeneralAndAdministrative": "53763000", "researchAndDevelopment": "0", "operatingExpenses": "198588000", "investmentIncomeNet": "None", "netInterestIncome": "None", "interestIncome": "None", "interestExpense": "52199000", "nonInterestIncome": "None", "otherNonOperatingIncome": "27694000", "depreciation": "None", "depreciationAndAmortization": "163566000", "incomeBeforeTax": "6829000", "incomeTaxExpense": "-1265000", "interestAndDebtExpense": "None", "netIncomeFromContinuingOperations": "8094000", "comprehensiveIncomeNetOfTax": "None", "ebit": "44193000", "ebitda": "207759000", "netIncome": "3221000"}, {"fiscalDateEnding": "2017-12-31", "reportedCurrency": "USD", "grossProfit": "289684000", "totalRevenue": "759659000", "costOfRevenue": "469975000", "costofGoodsAndServicesSold": "469975000", "operatingIncome": "90610000", "sellingGeneralAndAdministrative": "52234000", "researchAndDevelopment": "0", "operatingExpenses": "199074000", "investmentIncomeNet": "None", "netInterestIncome": "None", "interestIncome": "None", "interestExpense": "50585000", "nonInterestIncome": "None", "otherNonOperatingIncome": "7252000", "depreciation": "None", "depreciationAndAmortization": "146840000", "incomeBeforeTax": "47277000", "incomeTaxExpense": "20775000", "interestAndDebtExpense": "None", "netIncomeFromContinuingOperations": "26502000", "comprehensiveIncomeNetOfTax": "None", "ebit": "108692000", "ebitda": "255532000", "netIncome": "21629000"}, {"fiscalDateEnding": "2017-09-30", "reportedCurrency": "USD", "grossProfit": "648548000", "totalRevenue": "1183322000", "costOfRevenue": "534774000", "costofGoodsAndServicesSold": "534774000", "operatingIncome": "466082000", "sellingGeneralAndAdministrative": "48554000", "researchAndDevelopment": "0", "operatingExpenses": "182466000", "investmentIncomeNet": "None", "netInterestIncome": "None", "interestIncome": "None", "interestExpense": "49644000", "nonInterestIncome": "None", "otherNonOperatingIncome": "8826000", "depreciation": "None", "depreciationAndAmortization": "154422000", "incomeBeforeTax": "425264000", "incomeTaxExpense": "144319000", "interestAndDebtExpense": "None", "netIncomeFromContinuingOperations": "280945000", "comprehensiveIncomeNetOfTax": "None", "ebit": "466082000", "ebitda": "620504000", "netIncome": "276072000"}, {"fiscalDateEnding": "2017-06-30", "reportedCurrency": "USD", "grossProfit": "475963000", "totalRevenue": "944587000", "costOfRevenue": "468624000", "costofGoodsAndServicesSold": "468624000", "operatingIncome": "304229000", "sellingGeneralAndAdministrative": "45995000", "researchAndDevelopment": "0", "operatingExpenses": "171734000", "investmentIncomeNet": "None", "netInterestIncome": "None", "interestIncome": "None", "interestExpense": "50063000", "nonInterestIncome": "None", "otherNonOperatingIncome": "7118000", "depreciation": "None", "depreciationAndAmortization": "143424000", "incomeBeforeTax": "261284000", "incomeTaxExpense": "88967000", "interestAndDebtExpense": "None", "netIncomeFromContinuingOperations": "172317000", "comprehensiveIncomeNetOfTax": "None", "ebit": "304229000", "ebitda": "447653000", "netIncome": "167443000"}, {"fiscalDateEnding": "2017-03-31", "reportedCurrency": "USD", "grossProfit": "245357000", "totalRevenue": "677728000", "costOfRevenue": "432371000", "costofGoodsAndServicesSold": "432371000", "operatingIncome": "73506000", "sellingGeneralAndAdministrative": "44224000", "researchAndDevelopment": "0", "operatingExpenses": "171851000", "investmentIncomeNet": "None", "netInterestIncome": "None", "interestIncome": "None", "interestExpense": "47392000", "nonInterestIncome": "None", "otherNonOperatingIncome": "6282000", "depreciation": "None", "depreciationAndAmortization": "147861000", "incomeBeforeTax": "32396000", "incomeTaxExpense": "4211000", "interestAndDebtExpense": "None", "netIncomeFromContinuingOperations": "28185000", "comprehensiveIncomeNetOfTax": "None", "ebit": "73506000", "ebitda": "221367000", "netIncome": "23312000"}, {"fiscalDateEnding": "2016-12-31", "reportedCurrency": "USD", "grossProfit": "287665000", "totalRevenue": "739199000", "costOfRevenue": "451534000", "costofGoodsAndServicesSold": "451534000", "operatingIncome": "122816000", "sellingGeneralAndAdministrative": "0", "researchAndDevelopment": "0", "operatingExpenses": "164849000", "investmentIncomeNet": "None", "netInterestIncome": "None", "interestIncome": "None", "interestExpense": "45713000", "nonInterestIncome": "None", "otherNonOperatingIncome": "None", "depreciation": "None", "depreciationAndAmortization": "122852000", "incomeBeforeTax": "85428000", "incomeTaxExpense": "27309000", "interestAndDebtExpense": "None", "netIncomeFromContinuingOperations": "657014000", "comprehensiveIncomeNetOfTax": "None", "ebit": "130124000", "ebitda": "252976000", "netIncome": "53246000"}, {"fiscalDateEnding": "2016-09-30", "reportedCurrency": "USD", "grossProfit": "613234000", "totalRevenue": "1166922000", "costOfRevenue": "553688000", "costofGoodsAndServicesSold": "553688000", "operatingIncome": "451258000", "sellingGeneralAndAdministrative": "41548000", "researchAndDevelopment": "0", "operatingExpenses": "161976000", "investmentIncomeNet": "None", "netInterestIncome": "None", "interestIncome": "None", "interestExpense": "46972000", "nonInterestIncome": "None", "otherNonOperatingIncome": "5060000", "depreciation": "None", "depreciationAndAmortization": "140560000", "incomeBeforeTax": "409346000", "incomeTaxExpense": "141446000", "interestAndDebtExpense": "None", "netIncomeFromContinuingOperations": "267900000", "comprehensiveIncomeNetOfTax": "None", "ebit": "451258000", "ebitda": "591818000", "netIncome": "263027000"}, {"fiscalDateEnding": "2016-06-30", "reportedCurrency": "USD", "grossProfit": "398267000", "totalRevenue": "915394000", "costOfRevenue": "517127000", "costofGoodsAndServicesSold": "517127000", "operatingIncome": "231748000", "sellingGeneralAndAdministrative": "43446000", "researchAndDevelopment": "0", "operatingExpenses": "166519000", "investmentIncomeNet": "None", "netInterestIncome": "None", "interestIncome": "None", "interestExpense": "47548000", "nonInterestIncome": "None", "otherNonOperatingIncome": "7724000", "depreciation": "None", "depreciationAndAmortization": "141532000", "incomeBeforeTax": "191924000", "incomeTaxExpense": "65742000", "interestAndDebtExpense": "None", "netIncomeFromContinuingOperations": "126182000", "comprehensiveIncomeNetOfTax": "None", "ebit": "231748000", "ebitda": "373280000", "netIncome": "121308000"}, {"fiscalDateEnding": "2016-03-31", "reportedCurrency": "USD", "grossProfit": "212687000", "totalRevenue": "677167000", "costOfRevenue": "464480000", "costofGoodsAndServicesSold": "464480000", "operatingIncome": "50162000", "sellingGeneralAndAdministrative": "43049000", "researchAndDevelopment": "0", "operatingExpenses": "162525000", "investmentIncomeNet": "None", "netInterestIncome": "None", "interestIncome": "None", "interestExpense": "45517000", "nonInterestIncome": "None", "otherNonOperatingIncome": "6595000", "depreciation": "None", "depreciationAndAmortization": "140759000", "incomeBeforeTax": "11240000", "incomeTaxExpense": "1914000", "interestAndDebtExpense": "None", "netIncomeFromContinuingOperations": "9326000", "comprehensiveIncomeNetOfTax": "None", "ebit": "50162000", "ebitda": "190921000", "netIncome": "4453000"}, {"fiscalDateEnding": "2015-12-31", "reportedCurrency": "USD", "grossProfit": "279674000", "totalRevenue": "734430000", "costOfRevenue": "454756000", "costofGoodsAndServicesSold": "454756000", "operatingIncome": "109834000", "sellingGeneralAndAdministrative": "44731000", "researchAndDevelopment": "0", "operatingExpenses": "169840000", "investmentIncomeNet": "None", "netInterestIncome": "None", "interestIncome": "None", "interestExpense": "44692000", "nonInterestIncome": "None", "otherNonOperatingIncome": "3683000", "depreciation": "None", "depreciationAndAmortization": "143543000", "incomeBeforeTax": "68825000", "incomeTaxExpense": "22847000", "interestAndDebtExpense": "None", "netIncomeFromContinuingOperations": "45978000", "comprehensiveIncomeNetOfTax": "None", "ebit": "109834000", "ebitda": "253377000", "netIncome": "41117000"}, {"fiscalDateEnding": "2015-09-30", "reportedCurrency": "USD", "grossProfit": "614850000", "totalRevenue": "1199146000", "costOfRevenue": "584296000", "costofGoodsAndServicesSold": "584296000", "operatingIncome": "445111000", "sellingGeneralAndAdministrative": "44114000", "researchAndDevelopment": "0", "operatingExpenses": "169739000", "investmentIncomeNet": "None", "netInterestIncome": "None", "interestIncome": "None", "interestExpense": "45824000", "nonInterestIncome": "None", "otherNonOperatingIncome": "2246000", "depreciation": "None", "depreciationAndAmortization": "145903000", "incomeBeforeTax": "401533000", "incomeTaxExpense": "139555000", "interestAndDebtExpense": "None", "netIncomeFromContinuingOperations": "261978000", "comprehensiveIncomeNetOfTax": "None", "ebit": "445111000", "ebitda": "591014000", "netIncome": "257116000"}, {"fiscalDateEnding": "2015-06-30", "reportedCurrency": "USD", "grossProfit": "398206000", "totalRevenue": "890648000", "costOfRevenue": "492442000", "costofGoodsAndServicesSold": "492442000", "operatingIncome": "231973000", "sellingGeneralAndAdministrative": "43494000", "researchAndDevelopment": "0", "operatingExpenses": "166233000", "investmentIncomeNet": "None", "netInterestIncome": "None", "interestIncome": "None", "interestExpense": "44006000", "nonInterestIncome": "None", "otherNonOperatingIncome": "6911000", "depreciation": "None", "depreciationAndAmortization": "140724000", "incomeBeforeTax": "194878000", "incomeTaxExpense": "67371000", "interestAndDebtExpense": "None", "netIncomeFromContinuingOperations": "127507000", "comprehensiveIncomeNetOfTax": "None", "ebit": "231973000", "ebitda": "372697000", "netIncome": "122902000"}, {"fiscalDateEnding": "2015-03-31", "reportedCurrency": "USD", "grossProfit": "233038000", "totalRevenue": "671219000", "costOfRevenue": "438181000", "costofGoodsAndServicesSold": "438181000", "operatingIncome": "67684000", "sellingGeneralAndAdministrative": "44405000", "researchAndDevelopment": "0", "operatingExpenses": "165354000", "investmentIncomeNet": "None", "netInterestIncome": "None", "interestIncome": "None", "interestExpense": "44183000", "nonInterestIncome": "None", "otherNonOperatingIncome": "5173000", "depreciation": "None", "depreciationAndAmortization": "141494000", "incomeBeforeTax": "28674000", "incomeTaxExpense": "7947000", "interestAndDebtExpense": "None", "netIncomeFromContinuingOperations": "20727000", "comprehensiveIncomeNetOfTax": "None", "ebit": "67684000", "ebitda": "209178000", "netIncome": "16122000"}, {"fiscalDateEnding": "2014-12-31", "reportedCurrency": "USD", "grossProfit": "209119000", "totalRevenue": "726450000", "costOfRevenue": "517331000", "costofGoodsAndServicesSold": "517331000", "operatingIncome": "60184000", "sellingGeneralAndAdministrative": "42159000", "researchAndDevelopment": "0", "operatingExpenses": "148935000", "investmentIncomeNet": "None", "netInterestIncome": "None", "interestIncome": "None", "interestExpense": "44186000", "nonInterestIncome": "None", "otherNonOperatingIncome": "-1456000", "depreciation": "None", "depreciationAndAmortization": "106776000", "incomeBeforeTax": "14542000", "incomeTaxExpense": "5007000", "interestAndDebtExpense": "None", "netIncomeFromContinuingOperations": "9535000", "comprehensiveIncomeNetOfTax": "None", "ebit": "78173000", "ebitda": "184949000", "netIncome": "5410000"}, {"fiscalDateEnding": "2014-09-30", "reportedCurrency": "USD", "grossProfit": "566888000", "totalRevenue": "1172667000", "costOfRevenue": "605779000", "costofGoodsAndServicesSold": "605779000", "operatingIncome": "421775000", "sellingGeneralAndAdministrative": "41453000", "researchAndDevelopment": "0", "operatingExpenses": "145113000", "investmentIncomeNet": "None", "netInterestIncome": "None", "interestIncome": "None", "interestExpense": "44147000", "nonInterestIncome": "None", "otherNonOperatingIncome": "5211000", "depreciation": "None", "depreciationAndAmortization": "125351000", "incomeBeforeTax": "382839000", "incomeTaxExpense": "134753000", "interestAndDebtExpense": "None", "netIncomeFromContinuingOperations": "248086000", "comprehensiveIncomeNetOfTax": "None", "ebit": "421775000", "ebitda": "547126000", "netIncome": "243961000"}, {"fiscalDateEnding": "2014-06-30", "reportedCurrency": "USD", "grossProfit": "404188000", "totalRevenue": "906264000", "costOfRevenue": "502076000", "costofGoodsAndServicesSold": "502076000", "operatingIncome": "254113000", "sellingGeneralAndAdministrative": "44925000", "researchAndDevelopment": "0", "operatingExpenses": "150075000", "investmentIncomeNet": "None", "netInterestIncome": "None", "interestIncome": "None", "interestExpense": "47961000", "nonInterestIncome": "None", "otherNonOperatingIncome": "9772000", "depreciation": "None", "depreciationAndAmortization": "123977000", "incomeBeforeTax": "215924000", "incomeTaxExpense": "74540000", "interestAndDebtExpense": "None", "netIncomeFromContinuingOperations": "141384000", "comprehensiveIncomeNetOfTax": "None", "ebit": "254113000", "ebitda": "378090000", "netIncome": "132458000"}, {"fiscalDateEnding": "2014-03-31", "reportedCurrency": "USD", "grossProfit": "223583000", "totalRevenue": "686251000", "costOfRevenue": "462668000", "costofGoodsAndServicesSold": "462668000", "operatingIncome": "75170000", "sellingGeneralAndAdministrative": "46641000", "researchAndDevelopment": "0", "operatingExpenses": "148413000", "investmentIncomeNet": "None", "netInterestIncome": "None", "interestIncome": "None", "interestExpense": "49199000", "nonInterestIncome": "None", "otherNonOperatingIncome": "5125000", "depreciation": "None", "depreciationAndAmortization": "122394000", "incomeBeforeTax": "31096000", "incomeTaxExpense": "6405000", "interestAndDebtExpense": "None", "netIncomeFromContinuingOperations": "24691000", "comprehensiveIncomeNetOfTax": "None", "ebit": "75170000", "ebitda": "197564000", "netIncome": "15766000"}, {"fiscalDateEnding": "2013-12-31", "reportedCurrency": "USD", "grossProfit": "224415000", "totalRevenue": "699762000", "costOfRevenue": "475347000", "costofGoodsAndServicesSold": "475347000", "operatingIncome": "83900000", "sellingGeneralAndAdministrative": "0", "researchAndDevelopment": "0", "operatingExpenses": "140515000", "investmentIncomeNet": "None", "netInterestIncome": "None", "interestIncome": "None", "interestExpense": "46516000", "nonInterestIncome": "None", "otherNonOperatingIncome": "None", "depreciation": "None", "depreciationAndAmortization": "114351000", "incomeBeforeTax": "41981000", "incomeTaxExpense": "9167000", "interestAndDebtExpense": "None", "netIncomeFromContinuingOperations": "0", "comprehensiveIncomeNetOfTax": "None", "ebit": "83900000", "ebitda": "198251000", "netIncome": "24260000"}, {"fiscalDateEnding": "2013-09-30", "reportedCurrency": "USD", "grossProfit": "568116000", "totalRevenue": "1152392000", "costOfRevenue": "584276000", "costofGoodsAndServicesSold": "584276000", "operatingIncome": "415688000", "sellingGeneralAndAdministrative": "45040000", "researchAndDevelopment": "0", "operatingExpenses": "152428000", "investmentIncomeNet": "None", "netInterestIncome": "None", "interestIncome": "None", "interestExpense": "47352000", "nonInterestIncome": "None", "otherNonOperatingIncome": "-1706000", "depreciation": "None", "depreciationAndAmortization": "128489000", "incomeBeforeTax": "366630000", "incomeTaxExpense": "131912000", "interestAndDebtExpense": "None", "netIncomeFromContinuingOperations": "234718000", "comprehensiveIncomeNetOfTax": "None", "ebit": "415688000", "ebitda": "544177000", "netIncome": "226163000"}, {"fiscalDateEnding": "2013-06-30", "reportedCurrency": "USD", "grossProfit": "408938000", "totalRevenue": "915822000", "costOfRevenue": "506884000", "costofGoodsAndServicesSold": "506884000", "operatingIncome": "259812000", "sellingGeneralAndAdministrative": "42834000", "researchAndDevelopment": "0", "operatingExpenses": "149126000", "investmentIncomeNet": "None", "netInterestIncome": "None", "interestIncome": "None", "interestExpense": "47671000", "nonInterestIncome": "None", "otherNonOperatingIncome": "4500000", "depreciation": "None", "depreciationAndAmortization": "125138000", "incomeBeforeTax": "216641000", "incomeTaxExpense": "77043000", "interestAndDebtExpense": "None", "netIncomeFromContinuingOperations": "139598000", "comprehensiveIncomeNetOfTax": "None", "ebit": "258143000", "ebitda": "383281000", "netIncome": "131207000"}, {"fiscalDateEnding": "2013-03-31", "reportedCurrency": "USD", "grossProfit": "232723000", "totalRevenue": "686652000", "costOfRevenue": "453929000", "costofGoodsAndServicesSold": "453929000", "operatingIncome": "86923000", "sellingGeneralAndAdministrative": "0", "researchAndDevelopment": "0", "operatingExpenses": "145800000", "investmentIncomeNet": "None", "netInterestIncome": "None", "interestIncome": "None", "interestExpense": "45488000", "nonInterestIncome": "None", "otherNonOperatingIncome": "None", "depreciation": "None", "depreciationAndAmortization": "124344000", "incomeBeforeTax": "45305000", "incomeTaxExpense": "12469000", "interestAndDebtExpense": "None", "netIncomeFromContinuingOperations": "0", "comprehensiveIncomeNetOfTax": "None", "ebit": "84041000", "ebitda": "208385000", "netIncome": "24444000"}, {"fiscalDateEnding": "2012-12-31", "reportedCurrency": "USD", "grossProfit": "-402511000", "totalRevenue": "693122000", "costOfRevenue": "1095633000", "costofGoodsAndServicesSold": "1095633000", "operatingIncome": "101289000", "sellingGeneralAndAdministrative": "0", "researchAndDevelopment": "0", "operatingExpenses": "-503800000", "investmentIncomeNet": "None", "netInterestIncome": "None", "interestIncome": "None", "interestExpense": "47864000", "nonInterestIncome": "None", "otherNonOperatingIncome": "None", "depreciation": "None", "depreciationAndAmortization": "120692000", "incomeBeforeTax": "53062000", "incomeTaxExpense": "18157000", "interestAndDebtExpense": "None", "netIncomeFromContinuingOperations": "0", "comprehensiveIncomeNetOfTax": "None", "ebit": "100926000", "ebitda": "221618000", "netIncome": "22631000"}, {"fiscalDateEnding": "2012-09-30", "reportedCurrency": "USD", "grossProfit": "806581000", "totalRevenue": "1109475000", "costOfRevenue": "302894000", "costofGoodsAndServicesSold": "302894000", "operatingIncome": "447970000", "sellingGeneralAndAdministrative": "0", "researchAndDevelopment": "0", "operatingExpenses": "358611000", "investmentIncomeNet": "None", "netInterestIncome": "None", "interestIncome": "None", "interestExpense": "48412000", "nonInterestIncome": "None", "otherNonOperatingIncome": "None", "depreciation": "None", "depreciationAndAmortization": "120827000", "incomeBeforeTax": "399990000", "incomeTaxExpense": "147116000", "interestAndDebtExpense": "None", "netIncomeFromContinuingOperations": "0", "comprehensiveIncomeNetOfTax": "None", "ebit": "448402000", "ebitda": "569229000", "netIncome": "244823000"}, {"fiscalDateEnding": "2012-06-30", "reportedCurrency": "USD", "grossProfit": "613853000", "totalRevenue": "878576000", "costOfRevenue": "264723000", "costofGoodsAndServicesSold": "264723000", "operatingIncome": "254489000", "sellingGeneralAndAdministrative": "0", "researchAndDevelopment": "0", "operatingExpenses": "359364000", "investmentIncomeNet": "None", "netInterestIncome": "None", "interestIncome": "None", "interestExpense": "53000000", "nonInterestIncome": "None", "otherNonOperatingIncome": "None", "depreciation": "None", "depreciationAndAmortization": "121256000", "incomeBeforeTax": "207619000", "incomeTaxExpense": "76689000", "interestAndDebtExpense": "None", "netIncomeFromContinuingOperations": "0", "comprehensiveIncomeNetOfTax": "None", "ebit": "257172000", "ebitda": "378428000", "netIncome": "122345000"}, {"fiscalDateEnding": "2012-03-31", "reportedCurrency": "USD", "grossProfit": "404322000", "totalRevenue": "620631000", "costOfRevenue": "216309000", "costofGoodsAndServicesSold": "216309000", "operatingIncome": "48007000", "sellingGeneralAndAdministrative": "0", "researchAndDevelopment": "0", "operatingExpenses": "356315000", "investmentIncomeNet": "None", "netInterestIncome": "None", "interestIncome": "None", "interestExpense": "53816000", "nonInterestIncome": "None", "otherNonOperatingIncome": "None", "depreciation": "None", "depreciationAndAmortization": "118487000", "incomeBeforeTax": "-4361000", "incomeTaxExpense": "-4645000", "interestAndDebtExpense": "None", "netIncomeFromContinuingOperations": "0", "comprehensiveIncomeNetOfTax": "None", "ebit": "49455000", "ebitda": "167942000", "netIncome": "-8257000"}, {"fiscalDateEnding": "2011-12-31", "reportedCurrency": "USD", "grossProfit": "452380000", "totalRevenue": "667892000", "costOfRevenue": "215512000", "costofGoodsAndServicesSold": "215512000", "operatingIncome": "78715000", "sellingGeneralAndAdministrative": "0", "researchAndDevelopment": "0", "operatingExpenses": "373665000", "investmentIncomeNet": "None", "netInterestIncome": "None", "interestIncome": "None", "interestExpense": "54757000", "nonInterestIncome": "None", "otherNonOperatingIncome": "None", "depreciation": "None", "depreciationAndAmortization": "123677000", "incomeBeforeTax": "26919000", "incomeTaxExpense": "7375000", "interestAndDebtExpense": "None", "netIncomeFromContinuingOperations": "0", "comprehensiveIncomeNetOfTax": "None", "ebit": "81676000", "ebitda": "205353000", "netIncome": "12564000"}, {"fiscalDateEnding": "2011-09-30", "reportedCurrency": "USD", "grossProfit": "786945000", "totalRevenue": "1124841000", "costOfRevenue": "337896000", "costofGoodsAndServicesSold": "337896000", "operatingIncome": "435017000", "sellingGeneralAndAdministrative": "0", "researchAndDevelopment": "0", "operatingExpenses": "351928000", "investmentIncomeNet": "None", "netInterestIncome": "None", "interestIncome": "None", "interestExpense": "55095000", "nonInterestIncome": "None", "otherNonOperatingIncome": "None", "depreciation": "None", "depreciationAndAmortization": "124407000", "incomeBeforeTax": "384689000", "incomeTaxExpense": "131416000", "interestAndDebtExpense": "None", "netIncomeFromContinuingOperations": "0", "comprehensiveIncomeNetOfTax": "None", "ebit": "439784000", "ebitda": "564191000", "netIncome": "255359000"}, {"fiscalDateEnding": "2011-06-30", "reportedCurrency": "USD", "grossProfit": "555750000", "totalRevenue": "799799000", "costOfRevenue": "244049000", "costofGoodsAndServicesSold": "244049000", "operatingIncome": "196992000", "sellingGeneralAndAdministrative": "0", "researchAndDevelopment": "0", "operatingExpenses": "358758000", "investmentIncomeNet": "None", "netInterestIncome": "None", "interestIncome": "None", "interestExpense": "56284000", "nonInterestIncome": "None", "otherNonOperatingIncome": "None", "depreciation": "None", "depreciationAndAmortization": "122402000", "incomeBeforeTax": "144003000", "incomeTaxExpense": "50818000", "interestAndDebtExpense": "None", "netIncomeFromContinuingOperations": "0", "comprehensiveIncomeNetOfTax": "None", "ebit": "204143000", "ebitda": "326545000", "netIncome": "86685000"}, {"fiscalDateEnding": "2011-03-31", "reportedCurrency": "USD", "grossProfit": "447568000", "totalRevenue": "659575000", "costOfRevenue": "212007000", "costofGoodsAndServicesSold": "212007000", "operatingIncome": "37141000", "sellingGeneralAndAdministrative": "0", "researchAndDevelopment": "0", "operatingExpenses": "410427000", "investmentIncomeNet": "None", "netInterestIncome": "None", "interestIncome": "None", "interestExpense": "57501000", "nonInterestIncome": "None", "otherNonOperatingIncome": "None", "depreciation": "None", "depreciationAndAmortization": "123298000", "incomeBeforeTax": "-14974000", "incomeTaxExpense": "-5649000", "interestAndDebtExpense": "None", "netIncomeFromContinuingOperations": "0", "comprehensiveIncomeNetOfTax": "None", "ebit": "41128000", "ebitda": "164426000", "netIncome": "-15135000"}, {"fiscalDateEnding": "2010-12-31", "reportedCurrency": "USD", "grossProfit": "458040000", "totalRevenue": "683611000", "costOfRevenue": "225571000", "costofGoodsAndServicesSold": "225571000", "operatingIncome": "59318000", "sellingGeneralAndAdministrative": "0", "researchAndDevelopment": "0", "operatingExpenses": "398722000", "investmentIncomeNet": "None", "netInterestIncome": "None", "interestIncome": "None", "interestExpense": "58012000", "nonInterestIncome": "None", "otherNonOperatingIncome": "None", "depreciation": "None", "depreciationAndAmortization": "122045000", "incomeBeforeTax": "8381000", "incomeTaxExpense": "-3822000", "interestAndDebtExpense": "None", "netIncomeFromContinuingOperations": "0", "comprehensiveIncomeNetOfTax": "None", "ebit": "66393000", "ebitda": "188438000", "netIncome": "7350000"}, {"fiscalDateEnding": "2010-09-30", "reportedCurrency": "USD", "grossProfit": "785181000", "totalRevenue": "1139085000", "costOfRevenue": "353904000", "costofGoodsAndServicesSold": "353904000", "operatingIncome": "403625000", "sellingGeneralAndAdministrative": "0", "researchAndDevelopment": "0", "operatingExpenses": "381556000", "investmentIncomeNet": "None", "netInterestIncome": "None", "interestIncome": "None", "interestExpense": "54328000", "nonInterestIncome": "None", "otherNonOperatingIncome": "None", "depreciation": "None", "depreciationAndAmortization": "120798000", "incomeBeforeTax": "355314000", "incomeTaxExpense": "123486000", "interestAndDebtExpense": "None", "netIncomeFromContinuingOperations": "0", "comprehensiveIncomeNetOfTax": "None", "ebit": "406165000", "ebitda": "526963000", "netIncome": "233920000"}, {"fiscalDateEnding": "2010-06-30", "reportedCurrency": "USD", "grossProfit": "568794000", "totalRevenue": "820594000", "costOfRevenue": "251800000", "costofGoodsAndServicesSold": "251800000", "operatingIncome": "203273000", "sellingGeneralAndAdministrative": "0", "researchAndDevelopment": "0", "operatingExpenses": "365521000", "investmentIncomeNet": "None", "netInterestIncome": "None", "interestIncome": "None", "interestExpense": "57637000", "nonInterestIncome": "None", "otherNonOperatingIncome": "None", "depreciation": "None", "depreciationAndAmortization": "115842000", "incomeBeforeTax": "146413000", "incomeTaxExpense": "51829000", "interestAndDebtExpense": "None", "netIncomeFromContinuingOperations": "0", "comprehensiveIncomeNetOfTax": "None", "ebit": "202181000", "ebitda": "318023000", "netIncome": "114797000"}, {"fiscalDateEnding": "2010-03-31", "reportedCurrency": "USD", "grossProfit": "404161000", "totalRevenue": "633591000", "costOfRevenue": "229430000", "costofGoodsAndServicesSold": "229430000", "operatingIncome": "37634000", "sellingGeneralAndAdministrative": "0", "researchAndDevelopment": "0", "operatingExpenses": "351415000", "investmentIncomeNet": "None", "netInterestIncome": "None", "interestIncome": "None", "interestExpense": "58974000", "nonInterestIncome": "None", "otherNonOperatingIncome": "None", "depreciation": "None", "depreciationAndAmortization": "101536000", "incomeBeforeTax": "-16252000", "incomeTaxExpense": "-15480000", "interestAndDebtExpense": "None", "netIncomeFromContinuingOperations": "0", "comprehensiveIncomeNetOfTax": "None", "ebit": "52746000", "ebitda": "154282000", "netIncome": "-6014000"}, {"fiscalDateEnding": "2009-12-31", "reportedCurrency": "USD", "grossProfit": "404368000", "totalRevenue": "687846000", "costOfRevenue": "283478000", "costofGoodsAndServicesSold": "283478000", "operatingIncome": "25690000", "sellingGeneralAndAdministrative": "0", "researchAndDevelopment": "0", "operatingExpenses": "367734000", "investmentIncomeNet": "None", "netInterestIncome": "None", "interestIncome": "None", "interestExpense": "56697000", "nonInterestIncome": "None", "otherNonOperatingIncome": "None", "depreciation": "None", "depreciationAndAmortization": "110628000", "incomeBeforeTax": "-32092000", "incomeTaxExpense": "-7480000", "interestAndDebtExpense": "None", "netIncomeFromContinuingOperations": "0", "comprehensiveIncomeNetOfTax": "None", "ebit": "24605000", "ebitda": "135233000", "netIncome": "-30159000"}, {"fiscalDateEnding": "2009-09-30", "reportedCurrency": "USD", "grossProfit": "734671000", "totalRevenue": "1143077000", "costOfRevenue": "408406000", "costofGoodsAndServicesSold": "408406000", "operatingIncome": "344511000", "sellingGeneralAndAdministrative": "0", "researchAndDevelopment": "0", "operatingExpenses": "353167000", "investmentIncomeNet": "None", "netInterestIncome": "None", "interestIncome": "None", "interestExpense": "58821000", "nonInterestIncome": "None", "otherNonOperatingIncome": "None", "depreciation": "None", "depreciationAndAmortization": "113593000", "incomeBeforeTax": "290441000", "incomeTaxExpense": "103061000", "interestAndDebtExpense": "None", "netIncomeFromContinuingOperations": "0", "comprehensiveIncomeNetOfTax": "None", "ebit": "373984000", "ebitda": "487577000", "netIncome": "186652000"}, {"fiscalDateEnding": "2009-06-30", "reportedCurrency": "USD", "grossProfit": "524663000", "totalRevenue": "840055000", "costOfRevenue": "315392000", "costofGoodsAndServicesSold": "315392000", "operatingIncome": "157103000", "sellingGeneralAndAdministrative": "0", "researchAndDevelopment": "0", "operatingExpenses": "366928000", "investmentIncomeNet": "None", "netInterestIncome": "None", "interestIncome": "None", "interestExpense": "55640000", "nonInterestIncome": "None", "otherNonOperatingIncome": "None", "depreciation": "None", "depreciationAndAmortization": "100063000", "incomeBeforeTax": "108593000", "incomeTaxExpense": "37600000", "interestAndDebtExpense": "None", "netIncomeFromContinuingOperations": "0", "comprehensiveIncomeNetOfTax": "None", "ebit": "157735000", "ebitda": "257798000", "netIncome": "68347000"}, {"fiscalDateEnding": "2009-03-31", "reportedCurrency": "USD", "grossProfit": "351724000", "totalRevenue": "629393000", "costOfRevenue": "277669000", "costofGoodsAndServicesSold": "277669000", "operatingIncome": "-207629000", "sellingGeneralAndAdministrative": "0", "researchAndDevelopment": "0", "operatingExpenses": "348047000", "investmentIncomeNet": "None", "netInterestIncome": "None", "interestIncome": "None", "interestExpense": "51972000", "nonInterestIncome": "None", "otherNonOperatingIncome": "None", "depreciation": "None", "depreciationAndAmortization": "110073000", "incomeBeforeTax": "-263970000", "incomeTaxExpense": "-96174000", "interestAndDebtExpense": "None", "netIncomeFromContinuingOperations": "0", "comprehensiveIncomeNetOfTax": "None", "ebit": "-199219000", "ebitda": "-89146000", "netIncome": "-156510000"}, {"fiscalDateEnding": "2008-12-31", "reportedCurrency": "USD", "grossProfit": "268545000", "totalRevenue": "624170000", "costOfRevenue": "355625000", "costofGoodsAndServicesSold": "355625000", "operatingIncome": "-35371000", "sellingGeneralAndAdministrative": "0", "researchAndDevelopment": "0", "operatingExpenses": "250666000", "investmentIncomeNet": "None", "netInterestIncome": "None", "interestIncome": "None", "interestExpense": "58570000", "nonInterestIncome": "None", "otherNonOperatingIncome": "None", "depreciation": "None", "depreciationAndAmortization": "106603000", "incomeBeforeTax": "-73793000", "incomeTaxExpense": "-27082000", "interestAndDebtExpense": "None", "netIncomeFromContinuingOperations": "0", "comprehensiveIncomeNetOfTax": "None", "ebit": "-36233000", "ebitda": "70370000", "netIncome": "-38850000"}, {"fiscalDateEnding": "2008-09-30", "reportedCurrency": "USD", "grossProfit": "650493000", "totalRevenue": "1079975000", "costOfRevenue": "429482000", "costofGoodsAndServicesSold": "429482000", "operatingIncome": "282234000", "sellingGeneralAndAdministrative": "0", "researchAndDevelopment": "0", "operatingExpenses": "368259000", "investmentIncomeNet": "None", "netInterestIncome": "None", "interestIncome": "None", "interestExpense": "51231000", "nonInterestIncome": "None", "otherNonOperatingIncome": "None", "depreciation": "None", "depreciationAndAmortization": "-6254000", "incomeBeforeTax": "226473000", "incomeTaxExpense": "75970000", "interestAndDebtExpense": "None", "netIncomeFromContinuingOperations": "0", "comprehensiveIncomeNetOfTax": "None", "ebit": "389514000", "ebitda": "383260000", "netIncome": "151586000"}, {"fiscalDateEnding": "2008-06-30", "reportedCurrency": "USD", "grossProfit": "553387000", "totalRevenue": "926193000", "costOfRevenue": "372806000", "costofGoodsAndServicesSold": "372806000", "operatingIncome": "178875000", "sellingGeneralAndAdministrative": "0", "researchAndDevelopment": "0", "operatingExpenses": "374512000", "investmentIncomeNet": "None", "netInterestIncome": "None", "interestIncome": "None", "interestExpense": "51583000", "nonInterestIncome": "None", "otherNonOperatingIncome": "None", "depreciation": "None", "depreciationAndAmortization": "219202000", "incomeBeforeTax": "131509000", "incomeTaxExpense": "17076000", "interestAndDebtExpense": "None", "netIncomeFromContinuingOperations": "0", "comprehensiveIncomeNetOfTax": "None", "ebit": "61150000", "ebitda": "280352000", "netIncome": "133862000"}, {"fiscalDateEnding": "2008-03-31", "reportedCurrency": "USD", "grossProfit": "415838000", "totalRevenue": "736738000", "costOfRevenue": "320900000", "costofGoodsAndServicesSold": "320900000", "operatingIncome": "38798000", "sellingGeneralAndAdministrative": "0", "researchAndDevelopment": "0", "operatingExpenses": "377040000", "investmentIncomeNet": "None", "netInterestIncome": "None", "interestIncome": "None", "interestExpense": "54766000", "nonInterestIncome": "None", "otherNonOperatingIncome": "None", "depreciation": "None", "depreciationAndAmortization": "104418000", "incomeBeforeTax": "-5225000", "incomeTaxExpense": "-557000", "interestAndDebtExpense": "None", "netIncomeFromContinuingOperations": "0", "comprehensiveIncomeNetOfTax": "None", "ebit": "41295000", "ebitda": "145713000", "netIncome": "-4473000"}, {"fiscalDateEnding": "2007-12-31", "reportedCurrency": "USD", "grossProfit": "431226000", "totalRevenue": "759116000", "costOfRevenue": "327890000", "costofGoodsAndServicesSold": "327890000", "operatingIncome": "25262000", "sellingGeneralAndAdministrative": "0", "researchAndDevelopment": "0", "operatingExpenses": "405964000", "investmentIncomeNet": "None", "netInterestIncome": "None", "interestIncome": "None", "interestExpense": "53417000", "nonInterestIncome": "None", "otherNonOperatingIncome": "None", "depreciation": "None", "depreciationAndAmortization": "101582000", "incomeBeforeTax": "13980000", "incomeTaxExpense": "10492000", "interestAndDebtExpense": "None", "netIncomeFromContinuingOperations": "0", "comprehensiveIncomeNetOfTax": "None", "ebit": "25262000", "ebitda": "126844000", "netIncome": "2911000"}, {"fiscalDateEnding": "2007-09-30", "reportedCurrency": "USD", "grossProfit": "704832000", "totalRevenue": "1205934000", "costOfRevenue": "501102000", "costofGoodsAndServicesSold": "501102000", "operatingIncome": "350023000", "sellingGeneralAndAdministrative": "0", "researchAndDevelopment": "0", "operatingExpenses": "354809000", "investmentIncomeNet": "None", "netInterestIncome": "None", "interestIncome": "None", "interestExpense": "54393000", "nonInterestIncome": "None", "otherNonOperatingIncome": "None", "depreciation": "None", "depreciationAndAmortization": "-37504000", "incomeBeforeTax": "292586000", "incomeTaxExpense": "91588000", "interestAndDebtExpense": "None", "netIncomeFromContinuingOperations": "0", "comprehensiveIncomeNetOfTax": "None", "ebit": "403374000", "ebitda": "365870000", "netIncome": "208708000"}, {"fiscalDateEnding": "2007-06-30", "reportedCurrency": "USD", "grossProfit": "518565000", "totalRevenue": "863435000", "costOfRevenue": "344870000", "costofGoodsAndServicesSold": "344870000", "operatingIncome": "158686000", "sellingGeneralAndAdministrative": "0", "researchAndDevelopment": "0", "operatingExpenses": "359879000", "investmentIncomeNet": "None", "netInterestIncome": "None", "interestIncome": "None", "interestExpense": "52967000", "nonInterestIncome": "None", "otherNonOperatingIncome": "None", "depreciation": "None", "depreciationAndAmortization": "241099000", "incomeBeforeTax": "118727000", "incomeTaxExpense": "40231000", "interestAndDebtExpense": "None", "netIncomeFromContinuingOperations": "0", "comprehensiveIncomeNetOfTax": "None", "ebit": "158769000", "ebitda": "399868000", "netIncome": "78994000"}, {"fiscalDateEnding": "2007-03-31", "reportedCurrency": "USD", "grossProfit": "433838000", "totalRevenue": "695135000", "costOfRevenue": "261297000", "costofGoodsAndServicesSold": "261297000", "operatingIncome": "67989000", "sellingGeneralAndAdministrative": "0", "researchAndDevelopment": "0", "operatingExpenses": "365849000", "investmentIncomeNet": "None", "netInterestIncome": "None", "interestIncome": "None", "interestExpense": "50992000", "nonInterestIncome": "None", "otherNonOperatingIncome": "None", "depreciation": "None", "depreciationAndAmortization": "98719000", "incomeBeforeTax": "24407000", "incomeTaxExpense": "8609000", "interestAndDebtExpense": "None", "netIncomeFromContinuingOperations": "0", "comprehensiveIncomeNetOfTax": "None", "ebit": "68221000", "ebitda": "166940000", "netIncome": "16530000"}, {"fiscalDateEnding": "2006-12-31", "reportedCurrency": "USD", "grossProfit": "442072000", "totalRevenue": "730072000", "costOfRevenue": "288000000", "costofGoodsAndServicesSold": "288000000", "operatingIncome": "60070000", "sellingGeneralAndAdministrative": "0", "researchAndDevelopment": "0", "operatingExpenses": "382002000", "investmentIncomeNet": "None", "netInterestIncome": "None", "interestIncome": "None", "interestExpense": "52841000", "nonInterestIncome": "None", "otherNonOperatingIncome": "None", "depreciation": "None", "depreciationAndAmortization": "168905000", "incomeBeforeTax": "12044000", "incomeTaxExpense": "1518000", "interestAndDebtExpense": "None", "netIncomeFromContinuingOperations": "0", "comprehensiveIncomeNetOfTax": "None", "ebit": "60070000", "ebitda": "228975000", "netIncome": "18479000"}, {"fiscalDateEnding": "2006-09-30", "reportedCurrency": "USD", "grossProfit": "681386000", "totalRevenue": "1076442000", "costOfRevenue": "395056000", "costofGoodsAndServicesSold": "395056000", "operatingIncome": "310440000", "sellingGeneralAndAdministrative": "0", "researchAndDevelopment": "0", "operatingExpenses": "370946000", "investmentIncomeNet": "None", "netInterestIncome": "None", "interestIncome": "None", "interestExpense": "50577000", "nonInterestIncome": "None", "otherNonOperatingIncome": "None", "depreciation": "None", "depreciationAndAmortization": "201673000", "incomeBeforeTax": "283015000", "incomeTaxExpense": "98836000", "interestAndDebtExpense": "None", "netIncomeFromContinuingOperations": "0", "comprehensiveIncomeNetOfTax": "None", "ebit": "310440000", "ebitda": "512113000", "netIncome": "184167000"}, {"fiscalDateEnding": "2006-06-30", "reportedCurrency": "USD", "grossProfit": "588368000", "totalRevenue": "925028000", "costOfRevenue": "336660000", "costofGoodsAndServicesSold": "336660000", "operatingIncome": "191197000", "sellingGeneralAndAdministrative": "0", "researchAndDevelopment": "0", "operatingExpenses": "397171000", "investmentIncomeNet": "None", "netInterestIncome": "None", "interestIncome": "None", "interestExpense": "45882000", "nonInterestIncome": "None", "otherNonOperatingIncome": "None", "depreciation": "None", "depreciationAndAmortization": "186447000", "incomeBeforeTax": "160114000", "incomeTaxExpense": "49271000", "interestAndDebtExpense": "None", "netIncomeFromContinuingOperations": "0", "comprehensiveIncomeNetOfTax": "None", "ebit": "191197000", "ebitda": "377644000", "netIncome": "112154000"}, {"fiscalDateEnding": "2006-03-31", "reportedCurrency": "USD", "grossProfit": "438636000", "totalRevenue": "670206000", "costOfRevenue": "231570000", "costofGoodsAndServicesSold": "231570000", "operatingIncome": "57163000", "sellingGeneralAndAdministrative": "0", "researchAndDevelopment": "0", "operatingExpenses": "381473000", "investmentIncomeNet": "None", "netInterestIncome": "None", "interestIncome": "None", "interestExpense": "47526000", "nonInterestIncome": "None", "otherNonOperatingIncome": "None", "depreciation": "None", "depreciationAndAmortization": "95072000", "incomeBeforeTax": "18388000", "incomeTaxExpense": "6793000", "interestAndDebtExpense": "None", "netIncomeFromContinuingOperations": "0", "comprehensiveIncomeNetOfTax": "None", "ebit": "57163000", "ebitda": "152235000", "netIncome": "12455000"}, {"fiscalDateEnding": "2005-12-31", "reportedCurrency": "USD", "grossProfit": "461319000", "totalRevenue": "691672000", "costOfRevenue": "230353000", "costofGoodsAndServicesSold": "230353000", "operatingIncome": "82787000", "sellingGeneralAndAdministrative": "0", "researchAndDevelopment": "0", "operatingExpenses": "378532000", "investmentIncomeNet": "None", "netInterestIncome": "None", "interestIncome": "None", "interestExpense": "42267000", "nonInterestIncome": "None", "otherNonOperatingIncome": "None", "depreciation": "None", "depreciationAndAmortization": "89414000", "incomeBeforeTax": "36798000", "incomeTaxExpense": "13029000", "interestAndDebtExpense": "None", "netIncomeFromContinuingOperations": "0", "comprehensiveIncomeNetOfTax": "None", "ebit": "82787000", "ebitda": "172201000", "netIncome": "21347000"}, {"fiscalDateEnding": "2005-09-30", "reportedCurrency": "USD", "grossProfit": "665119000", "totalRevenue": "955583000", "costOfRevenue": "290464000", "costofGoodsAndServicesSold": "290464000", "operatingIncome": "162113000", "sellingGeneralAndAdministrative": "0", "researchAndDevelopment": "0", "operatingExpenses": "503006000", "investmentIncomeNet": "None", "netInterestIncome": "None", "interestIncome": "None", "interestExpense": "47046000", "nonInterestIncome": "None", "otherNonOperatingIncome": "None", "depreciation": "None", "depreciationAndAmortization": "110196000", "incomeBeforeTax": "124999000", "incomeTaxExpense": "40305000", "interestAndDebtExpense": "None", "netIncomeFromContinuingOperations": "0", "comprehensiveIncomeNetOfTax": "None", "ebit": "158494000", "ebitda": "268690000", "netIncome": "103737000"}, {"fiscalDateEnding": "2005-06-30", "reportedCurrency": "USD", "grossProfit": "537653000", "totalRevenue": "755836000", "costOfRevenue": "218183000", "costofGoodsAndServicesSold": "218183000", "operatingIncome": "178627000", "sellingGeneralAndAdministrative": "0", "researchAndDevelopment": "0", "operatingExpenses": "359026000", "investmentIncomeNet": "None", "netInterestIncome": "None", "interestIncome": "None", "interestExpense": "49781000", "nonInterestIncome": "None", "otherNonOperatingIncome": "None", "depreciation": "None", "depreciationAndAmortization": "85662000", "incomeBeforeTax": "140180000", "incomeTaxExpense": "55024000", "interestAndDebtExpense": "None", "netIncomeFromContinuingOperations": "0", "comprehensiveIncomeNetOfTax": "None", "ebit": "179227000", "ebitda": "264889000", "netIncome": "26735000"}, {"fiscalDateEnding": "2005-03-31", "reportedCurrency": "USD", "grossProfit": "436023000", "totalRevenue": "615087000", "costOfRevenue": "179064000", "costofGoodsAndServicesSold": "179064000", "operatingIncome": "85256000", "sellingGeneralAndAdministrative": "0", "researchAndDevelopment": "0", "operatingExpenses": "350767000", "investmentIncomeNet": "None", "netInterestIncome": "None", "interestIncome": "None", "interestExpense": "49195000", "nonInterestIncome": "None", "otherNonOperatingIncome": "None", "depreciation": "None", "depreciationAndAmortization": "96332000", "incomeBeforeTax": "38388000", "incomeTaxExpense": "14732000", "interestAndDebtExpense": "None", "netIncomeFromContinuingOperations": "0", "comprehensiveIncomeNetOfTax": "None", "ebit": "95049000", "ebitda": "191381000", "netIncome": "24448000"}, {"fiscalDateEnding": "2004-12-31", "reportedCurrency": "USD", "grossProfit": "496808000", "totalRevenue": "734718000", "costOfRevenue": "237910000", "costofGoodsAndServicesSold": "237910000", "operatingIncome": "90745000", "sellingGeneralAndAdministrative": "0", "researchAndDevelopment": "0", "operatingExpenses": "406063000", "investmentIncomeNet": "None", "netInterestIncome": "None", "interestIncome": "None", "interestExpense": "48463000", "nonInterestIncome": "None", "otherNonOperatingIncome": "None", "depreciation": "None", "depreciationAndAmortization": "105239000", "incomeBeforeTax": "40601000", "incomeTaxExpense": "11283000", "interestAndDebtExpense": "None", "netIncomeFromContinuingOperations": "0", "comprehensiveIncomeNetOfTax": "None", "ebit": "90745000", "ebitda": "195984000", "netIncome": "33729000"}]}