{"symbol": "UNP", "annualReports": [{"fiscalDateEnding": "2024-12-31", "reportedCurrency": "USD", "grossProfit": "11039000000", "totalRevenue": "24250000000", "costOfRevenue": "13211000000", "costofGoodsAndServicesSold": "13211000000", "operatingIncome": "9713000000", "sellingGeneralAndAdministrative": "None", "researchAndDevelopment": "None", "operatingExpenses": "1326000000", "investmentIncomeNet": "None", "netInterestIncome": "-1193000000", "interestIncome": "76000000", "interestExpense": "1269000000", "nonInterestIncome": "None", "otherNonOperatingIncome": "None", "depreciation": "None", "depreciationAndAmortization": "2398000000", "incomeBeforeTax": "8794000000", "incomeTaxExpense": "2047000000", "interestAndDebtExpense": "None", "netIncomeFromContinuingOperations": "6747000000", "comprehensiveIncomeNetOfTax": "None", "ebit": "10063000000", "ebitda": "12461000000", "netIncome": "6747000000"}, {"fiscalDateEnding": "2023-12-31", "reportedCurrency": "USD", "grossProfit": "10529000000", "totalRevenue": "24119000000", "costOfRevenue": "13590000000", "costofGoodsAndServicesSold": "13590000000", "operatingIncome": "9082000000", "sellingGeneralAndAdministrative": "None", "researchAndDevelopment": "None", "operatingExpenses": "1447000000", "investmentIncomeNet": "None", "netInterestIncome": "-1288000000", "interestIncome": "52000000", "interestExpense": "1340000000", "nonInterestIncome": "None", "otherNonOperatingIncome": "None", "depreciation": "None", "depreciationAndAmortization": "2355000000", "incomeBeforeTax": "8233000000", "incomeTaxExpense": "1854000000", "interestAndDebtExpense": "None", "netIncomeFromContinuingOperations": "6379000000", "comprehensiveIncomeNetOfTax": "None", "ebit": "9573000000", "ebitda": "11928000000", "netIncome": "6379000000"}, {"fiscalDateEnding": "2022-12-31", "reportedCurrency": "USD", "grossProfit": "11205000000", "totalRevenue": "24875000000", "costOfRevenue": "13670000000", "costofGoodsAndServicesSold": "13670000000", "operatingIncome": "9917000000", "sellingGeneralAndAdministrative": "5543000000", "researchAndDevelopment": "None", "operatingExpenses": "1288000000", "investmentIncomeNet": "None", "netInterestIncome": "-1271000000", "interestIncome": "1271000000", "interestExpense": "1271000000", "nonInterestIncome": "None", "otherNonOperatingIncome": "426000000", "depreciation": "None", "depreciationAndAmortization": "2293000000", "incomeBeforeTax": "9072000000", "incomeTaxExpense": "2074000000", "interestAndDebtExpense": "None", "netIncomeFromContinuingOperations": "6998000000", "comprehensiveIncomeNetOfTax": "None", "ebit": "10343000000", "ebitda": "12636000000", "netIncome": "6998000000"}, {"fiscalDateEnding": "2021-12-31", "reportedCurrency": "USD", "grossProfit": "10514000000", "totalRevenue": "21804000000", "costOfRevenue": "11290000000", "costofGoodsAndServicesSold": "11290000000", "operatingIncome": "9338000000", "sellingGeneralAndAdministrative": "5017000000", "researchAndDevelopment": "None", "operatingExpenses": "1176000000", "investmentIncomeNet": "None", "netInterestIncome": "-1157000000", "interestIncome": "1157000000", "interestExpense": "1157000000", "nonInterestIncome": "None", "otherNonOperatingIncome": "297000000", "depreciation": "None", "depreciationAndAmortization": "2208000000", "incomeBeforeTax": "8478000000", "incomeTaxExpense": "1955000000", "interestAndDebtExpense": "None", "netIncomeFromContinuingOperations": "6523000000", "comprehensiveIncomeNetOfTax": "None", "ebit": "9635000000", "ebitda": "11843000000", "netIncome": "6523000000"}, {"fiscalDateEnding": "2020-12-31", "reportedCurrency": "USD", "grossProfit": "9179000000", "totalRevenue": "19533000000", "costOfRevenue": "10354000000", "costofGoodsAndServicesSold": "10354000000", "operatingIncome": "7834000000", "sellingGeneralAndAdministrative": "5338000000", "researchAndDevelopment": "None", "operatingExpenses": "1345000000", "investmentIncomeNet": "None", "netInterestIncome": "-1141000000", "interestIncome": "1141000000", "interestExpense": "1141000000", "nonInterestIncome": "None", "otherNonOperatingIncome": "287000000", "depreciation": "None", "depreciationAndAmortization": "2210000000", "incomeBeforeTax": "6980000000", "incomeTaxExpense": "1631000000", "interestAndDebtExpense": "None", "netIncomeFromContinuingOperations": "5349000000", "comprehensiveIncomeNetOfTax": "None", "ebit": "8121000000", "ebitda": "10331000000", "netIncome": "5349000000"}, {"fiscalDateEnding": "2019-12-31", "reportedCurrency": "USD", "grossProfit": "9614000000", "totalRevenue": "21708000000", "costOfRevenue": "12094000000", "costofGoodsAndServicesSold": "12094000000", "operatingIncome": "8554000000", "sellingGeneralAndAdministrative": "5593000000", "researchAndDevelopment": "None", "operatingExpenses": "1060000000", "investmentIncomeNet": "None", "netInterestIncome": "-987000000", "interestIncome": "63000000", "interestExpense": "1050000000", "nonInterestIncome": "None", "otherNonOperatingIncome": "243000000", "depreciation": "None", "depreciationAndAmortization": "2216000000", "incomeBeforeTax": "7747000000", "incomeTaxExpense": "1828000000", "interestAndDebtExpense": "None", "netIncomeFromContinuingOperations": "5919000000", "comprehensiveIncomeNetOfTax": "None", "ebit": "8797000000", "ebitda": "11013000000", "netIncome": "5919000000"}, {"fiscalDateEnding": "2018-12-31", "reportedCurrency": "USD", "grossProfit": "9539000000", "totalRevenue": "22832000000", "costOfRevenue": "13293000000", "costofGoodsAndServicesSold": "13293000000", "operatingIncome": "8517000000", "sellingGeneralAndAdministrative": "6078000000", "researchAndDevelopment": "0", "operatingExpenses": "1022000000", "investmentIncomeNet": "None", "netInterestIncome": "-840000000", "interestIncome": "30000000", "interestExpense": "870000000", "nonInterestIncome": "None", "otherNonOperatingIncome": "94000000", "depreciation": "None", "depreciationAndAmortization": "2191000000", "incomeBeforeTax": "7741000000", "incomeTaxExpense": "1775000000", "interestAndDebtExpense": "None", "netIncomeFromContinuingOperations": "5966000000", "comprehensiveIncomeNetOfTax": "None", "ebit": "8611000000", "ebitda": "10802000000", "netIncome": "5966000000"}, {"fiscalDateEnding": "2017-12-31", "reportedCurrency": "USD", "grossProfit": "9009000000", "totalRevenue": "21240000000", "costOfRevenue": "12231000000", "costofGoodsAndServicesSold": "12231000000", "operatingIncome": "8061000000", "sellingGeneralAndAdministrative": "5932000000", "researchAndDevelopment": "0", "operatingExpenses": "948000000", "investmentIncomeNet": "None", "netInterestIncome": "-703000000", "interestIncome": "16000000", "interestExpense": "719000000", "nonInterestIncome": "None", "otherNonOperatingIncome": "290000000", "depreciation": "None", "depreciationAndAmortization": "2105000000", "incomeBeforeTax": "7632000000", "incomeTaxExpense": "-3080000000", "interestAndDebtExpense": "None", "netIncomeFromContinuingOperations": "10712000000", "comprehensiveIncomeNetOfTax": "None", "ebit": "8351000000", "ebitda": "10456000000", "netIncome": "10712000000"}, {"fiscalDateEnding": "2016-12-31", "reportedCurrency": "USD", "grossProfit": "8269000000", "totalRevenue": "19941000000", "costOfRevenue": "11672000000", "costofGoodsAndServicesSold": "11672000000", "operatingIncome": "7272000000", "sellingGeneralAndAdministrative": "5747000000", "researchAndDevelopment": "0", "operatingExpenses": "997000000", "investmentIncomeNet": "None", "netInterestIncome": "-687000000", "interestIncome": "11000000", "interestExpense": "698000000", "nonInterestIncome": "None", "otherNonOperatingIncome": "192000000", "depreciation": "None", "depreciationAndAmortization": "2038000000", "incomeBeforeTax": "6766000000", "incomeTaxExpense": "2533000000", "interestAndDebtExpense": "None", "netIncomeFromContinuingOperations": "4233000000", "comprehensiveIncomeNetOfTax": "None", "ebit": "7464000000", "ebitda": "9502000000", "netIncome": "4233000000"}, {"fiscalDateEnding": "2015-12-31", "reportedCurrency": "USD", "grossProfit": "8976000000", "totalRevenue": "21813000000", "costOfRevenue": "12837000000", "costofGoodsAndServicesSold": "12837000000", "operatingIncome": "8052000000", "sellingGeneralAndAdministrative": "6085000000", "researchAndDevelopment": "0", "operatingExpenses": "924000000", "investmentIncomeNet": "None", "netInterestIncome": "None", "interestIncome": "617000000", "interestExpense": "622000000", "nonInterestIncome": "None", "otherNonOperatingIncome": "226000000", "depreciation": "None", "depreciationAndAmortization": "2012000000", "incomeBeforeTax": "7656000000", "incomeTaxExpense": "2884000000", "interestAndDebtExpense": "None", "netIncomeFromContinuingOperations": "4772000000", "comprehensiveIncomeNetOfTax": "None", "ebit": "8278000000", "ebitda": "10290000000", "netIncome": "4772000000"}, {"fiscalDateEnding": "2014-12-31", "reportedCurrency": "USD", "grossProfit": "9677000000", "totalRevenue": "23988000000", "costOfRevenue": "14311000000", "costofGoodsAndServicesSold": "14311000000", "operatingIncome": "8753000000", "sellingGeneralAndAdministrative": "6000000000", "researchAndDevelopment": "0", "operatingExpenses": "924000000", "investmentIncomeNet": "None", "netInterestIncome": "None", "interestIncome": "None", "interestExpense": "561000000", "nonInterestIncome": "None", "otherNonOperatingIncome": "151000000", "depreciation": "None", "depreciationAndAmortization": "1904000000", "incomeBeforeTax": "8343000000", "incomeTaxExpense": "3163000000", "interestAndDebtExpense": "None", "netIncomeFromContinuingOperations": "5180000000", "comprehensiveIncomeNetOfTax": "None", "ebit": "8904000000", "ebitda": "10808000000", "netIncome": "5180000000"}, {"fiscalDateEnding": "2013-12-31", "reportedCurrency": "USD", "grossProfit": "8295000000", "totalRevenue": "21963000000", "costOfRevenue": "13668000000", "costofGoodsAndServicesSold": "13668000000", "operatingIncome": "7446000000", "sellingGeneralAndAdministrative": "5656000000", "researchAndDevelopment": "0", "operatingExpenses": "849000000", "investmentIncomeNet": "None", "netInterestIncome": "None", "interestIncome": "None", "interestExpense": "526000000", "nonInterestIncome": "None", "otherNonOperatingIncome": "128000000", "depreciation": "None", "depreciationAndAmortization": "1777000000", "incomeBeforeTax": "7048000000", "incomeTaxExpense": "2660000000", "interestAndDebtExpense": "None", "netIncomeFromContinuingOperations": "4388000000", "comprehensiveIncomeNetOfTax": "None", "ebit": "7446000000", "ebitda": "9223000000", "netIncome": "4388000000"}, {"fiscalDateEnding": "2012-12-31", "reportedCurrency": "USD", "grossProfit": "7533000000", "totalRevenue": "20926000000", "costOfRevenue": "13393000000", "costofGoodsAndServicesSold": "13393000000", "operatingIncome": "6745000000", "sellingGeneralAndAdministrative": "5473000000", "researchAndDevelopment": "0", "operatingExpenses": "788000000", "investmentIncomeNet": "None", "netInterestIncome": "None", "interestIncome": "None", "interestExpense": "535000000", "nonInterestIncome": "None", "otherNonOperatingIncome": "108000000", "depreciation": "None", "depreciationAndAmortization": "1760000000", "incomeBeforeTax": "6318000000", "incomeTaxExpense": "2375000000", "interestAndDebtExpense": "None", "netIncomeFromContinuingOperations": "3943000000", "comprehensiveIncomeNetOfTax": "None", "ebit": "6853000000", "ebitda": "8613000000", "netIncome": "3943000000"}, {"fiscalDateEnding": "2011-12-31", "reportedCurrency": "USD", "grossProfit": "12804000000", "totalRevenue": "19557000000", "costOfRevenue": "6753000000", "costofGoodsAndServicesSold": "6753000000", "operatingIncome": "5724000000", "sellingGeneralAndAdministrative": "4681000000", "researchAndDevelopment": "0", "operatingExpenses": "7080000000", "investmentIncomeNet": "None", "netInterestIncome": "None", "interestIncome": "None", "interestExpense": "572000000", "nonInterestIncome": "None", "otherNonOperatingIncome": "112000000", "depreciation": "None", "depreciationAndAmortization": "1617000000", "incomeBeforeTax": "5264000000", "incomeTaxExpense": "1972000000", "interestAndDebtExpense": "None", "netIncomeFromContinuingOperations": "3292000000", "comprehensiveIncomeNetOfTax": "None", "ebit": "5836000000", "ebitda": "7453000000", "netIncome": "3292000000"}, {"fiscalDateEnding": "2010-12-31", "reportedCurrency": "USD", "grossProfit": "13785000000", "totalRevenue": "16965000000", "costOfRevenue": "3180000000", "costofGoodsAndServicesSold": "3180000000", "operatingIncome": "4981000000", "sellingGeneralAndAdministrative": "4314000000", "researchAndDevelopment": "0", "operatingExpenses": "6520000000", "investmentIncomeNet": "None", "netInterestIncome": "None", "interestIncome": "None", "interestExpense": "602000000", "nonInterestIncome": "None", "otherNonOperatingIncome": "54000000", "depreciation": "None", "depreciationAndAmortization": "1487000000", "incomeBeforeTax": "4433000000", "incomeTaxExpense": "1653000000", "interestAndDebtExpense": "None", "netIncomeFromContinuingOperations": "2780000000", "comprehensiveIncomeNetOfTax": "None", "ebit": "5035000000", "ebitda": "6522000000", "netIncome": "2780000000"}, {"fiscalDateEnding": "2009-12-31", "reportedCurrency": "USD", "grossProfit": "11916000000", "totalRevenue": "14143000000", "costOfRevenue": "2227000000", "costofGoodsAndServicesSold": "2227000000", "operatingIncome": "3379000000", "sellingGeneralAndAdministrative": "4063000000", "researchAndDevelopment": "0", "operatingExpenses": "6177000000", "investmentIncomeNet": "None", "netInterestIncome": "None", "interestIncome": "None", "interestExpense": "600000000", "nonInterestIncome": "None", "otherNonOperatingIncome": "195000000", "depreciation": "None", "depreciationAndAmortization": "1427000000", "incomeBeforeTax": "2974000000", "incomeTaxExpense": "1084000000", "interestAndDebtExpense": "None", "netIncomeFromContinuingOperations": "1898000000", "comprehensiveIncomeNetOfTax": "None", "ebit": "3384000000", "ebitda": "4811000000", "netIncome": "1890000000"}, {"fiscalDateEnding": "2008-12-31", "reportedCurrency": "USD", "grossProfit": "10759000000", "totalRevenue": "17970000000", "costOfRevenue": "7211000000", "costofGoodsAndServicesSold": "7211000000", "operatingIncome": "4075000000", "sellingGeneralAndAdministrative": "5783000000", "researchAndDevelopment": "None", "operatingExpenses": "12569000000", "investmentIncomeNet": "None", "netInterestIncome": "None", "interestIncome": "None", "interestExpense": "511000000", "nonInterestIncome": "None", "otherNonOperatingIncome": "None", "depreciation": "None", "depreciationAndAmortization": "1387000000", "incomeBeforeTax": "3656000000", "incomeTaxExpense": "1318000000", "interestAndDebtExpense": "None", "netIncomeFromContinuingOperations": "None", "comprehensiveIncomeNetOfTax": "None", "ebit": "4167000000", "ebitda": "5554000000", "netIncome": "2335000000"}, {"fiscalDateEnding": "2007-12-31", "reportedCurrency": "USD", "grossProfit": "9608000000", "totalRevenue": "16283000000", "costOfRevenue": "6675000000", "costofGoodsAndServicesSold": "6675000000", "operatingIncome": "3375000000", "sellingGeneralAndAdministrative": "4591000000", "researchAndDevelopment": "None", "operatingExpenses": "5912000000", "investmentIncomeNet": "None", "netInterestIncome": "None", "interestIncome": "None", "interestExpense": "482000000", "nonInterestIncome": "None", "otherNonOperatingIncome": "None", "depreciation": "None", "depreciationAndAmortization": "1321000000", "incomeBeforeTax": "3009000000", "incomeTaxExpense": "1154000000", "interestAndDebtExpense": "None", "netIncomeFromContinuingOperations": "None", "comprehensiveIncomeNetOfTax": "None", "ebit": "3491000000", "ebitda": "4812000000", "netIncome": "1855000000"}, {"fiscalDateEnding": "2006-12-31", "reportedCurrency": "USD", "grossProfit": "9130000000", "totalRevenue": "15578000000", "costOfRevenue": "6448000000", "costofGoodsAndServicesSold": "6448000000", "operatingIncome": "2884000000", "sellingGeneralAndAdministrative": "4599000000", "researchAndDevelopment": "None", "operatingExpenses": "5836000000", "investmentIncomeNet": "None", "netInterestIncome": "None", "interestIncome": "None", "interestExpense": "477000000", "nonInterestIncome": "None", "otherNonOperatingIncome": "None", "depreciation": "None", "depreciationAndAmortization": "1237000000", "incomeBeforeTax": "2525000000", "incomeTaxExpense": "919000000", "interestAndDebtExpense": "None", "netIncomeFromContinuingOperations": "None", "comprehensiveIncomeNetOfTax": "None", "ebit": "3002000000", "ebitda": "4239000000", "netIncome": "1606000000"}, {"fiscalDateEnding": "2005-12-31", "reportedCurrency": "USD", "grossProfit": "7756000000", "totalRevenue": "13578000000", "costOfRevenue": "5822000000", "costofGoodsAndServicesSold": "5822000000", "operatingIncome": "1795000000", "sellingGeneralAndAdministrative": "4375000000", "researchAndDevelopment": "None", "operatingExpenses": "5550000000", "investmentIncomeNet": "None", "netInterestIncome": "None", "interestIncome": "None", "interestExpense": "504000000", "nonInterestIncome": "None", "otherNonOperatingIncome": "None", "depreciation": "None", "depreciationAndAmortization": "1175000000", "incomeBeforeTax": "1436000000", "incomeTaxExpense": "410000000", "interestAndDebtExpense": "None", "netIncomeFromContinuingOperations": "None", "comprehensiveIncomeNetOfTax": "None", "ebit": "1940000000", "ebitda": "3115000000", "netIncome": "1026000000"}], "quarterlyReports": [{"fiscalDateEnding": "2024-12-31", "reportedCurrency": "USD", "grossProfit": "2806000000", "totalRevenue": "6121000000", "costOfRevenue": "3315000000", "costofGoodsAndServicesSold": "3315000000", "operatingIncome": "2525000000", "sellingGeneralAndAdministrative": "None", "researchAndDevelopment": "None", "operatingExpenses": "281000000", "investmentIncomeNet": "None", "netInterestIncome": "-260000000", "interestIncome": "52000000", "interestExpense": "312000000", "nonInterestIncome": "None", "otherNonOperatingIncome": "None", "depreciation": "None", "depreciationAndAmortization": "606000000", "incomeBeforeTax": "2281000000", "incomeTaxExpense": "519000000", "interestAndDebtExpense": "None", "netIncomeFromContinuingOperations": "1762000000", "comprehensiveIncomeNetOfTax": "None", "ebit": "2593000000", "ebitda": "3199000000", "netIncome": "1762000000"}, {"fiscalDateEnding": "2024-09-30", "reportedCurrency": "USD", "grossProfit": "2770000000", "totalRevenue": "6091000000", "costOfRevenue": "3321000000", "costofGoodsAndServicesSold": "3321000000", "operatingIncome": "2409000000", "sellingGeneralAndAdministrative": "None", "researchAndDevelopment": "None", "operatingExpenses": "354000000", "investmentIncomeNet": "None", "netInterestIncome": "-314000000", "interestIncome": "0", "interestExpense": "314000000", "nonInterestIncome": "None", "otherNonOperatingIncome": "None", "depreciation": "None", "depreciationAndAmortization": "609000000", "incomeBeforeTax": "2189000000", "incomeTaxExpense": "518000000", "interestAndDebtExpense": "None", "netIncomeFromContinuingOperations": "1671000000", "comprehensiveIncomeNetOfTax": "None", "ebit": "2503000000", "ebitda": "3112000000", "netIncome": "1671000000"}, {"fiscalDateEnding": "2024-06-30", "reportedCurrency": "USD", "grossProfit": "2728000000", "totalRevenue": "6007000000", "costOfRevenue": "3279000000", "costofGoodsAndServicesSold": "3279000000", "operatingIncome": "2392000000", "sellingGeneralAndAdministrative": "15000000", "researchAndDevelopment": "None", "operatingExpenses": "336000000", "investmentIncomeNet": "None", "netInterestIncome": "-295000000", "interestIncome": "24000000", "interestExpense": "319000000", "nonInterestIncome": "None", "otherNonOperatingIncome": "None", "depreciation": "None", "depreciationAndAmortization": "604000000", "incomeBeforeTax": "2184000000", "incomeTaxExpense": "511000000", "interestAndDebtExpense": "None", "netIncomeFromContinuingOperations": "1673000000", "comprehensiveIncomeNetOfTax": "None", "ebit": "2503000000", "ebitda": "3107000000", "netIncome": "1673000000"}, {"fiscalDateEnding": "2024-03-31", "reportedCurrency": "USD", "grossProfit": "2721000000", "totalRevenue": "6031000000", "costOfRevenue": "3310000000", "costofGoodsAndServicesSold": "3310000000", "operatingIncome": "2366000000", "sellingGeneralAndAdministrative": "15000000", "researchAndDevelopment": "None", "operatingExpenses": "355000000", "investmentIncomeNet": "None", "netInterestIncome": "-324000000", "interestIncome": "None", "interestExpense": "324000000", "nonInterestIncome": "None", "otherNonOperatingIncome": "None", "depreciation": "None", "depreciationAndAmortization": "600000000", "incomeBeforeTax": "2140000000", "incomeTaxExpense": "499000000", "interestAndDebtExpense": "None", "netIncomeFromContinuingOperations": "1641000000", "comprehensiveIncomeNetOfTax": "None", "ebit": "2464000000", "ebitda": "3064000000", "netIncome": "1641000000"}, {"fiscalDateEnding": "2023-12-31", "reportedCurrency": "USD", "grossProfit": "2768000000", "totalRevenue": "6159000000", "costOfRevenue": "3391000000", "costofGoodsAndServicesSold": "3391000000", "operatingIncome": "2407000000", "sellingGeneralAndAdministrative": "None", "researchAndDevelopment": "None", "operatingExpenses": "361000000", "investmentIncomeNet": "None", "netInterestIncome": "-279000000", "interestIncome": "None", "interestExpense": "331000000", "nonInterestIncome": "None", "otherNonOperatingIncome": "None", "depreciation": "None", "depreciationAndAmortization": "595000000", "incomeBeforeTax": "2184000000", "incomeTaxExpense": "532000000", "interestAndDebtExpense": "None", "netIncomeFromContinuingOperations": "1652000000", "comprehensiveIncomeNetOfTax": "None", "ebit": "2515000000", "ebitda": "3110000000", "netIncome": "1652000000"}, {"fiscalDateEnding": "2023-09-30", "reportedCurrency": "USD", "grossProfit": "2555000000", "totalRevenue": "5941000000", "costOfRevenue": "3386000000", "costofGoodsAndServicesSold": "3386000000", "operatingIncome": "2177000000", "sellingGeneralAndAdministrative": "1436000000", "researchAndDevelopment": "None", "operatingExpenses": "378000000", "investmentIncomeNet": "None", "netInterestIncome": "-334000000", "interestIncome": "334000000", "interestExpense": "334000000", "nonInterestIncome": "None", "otherNonOperatingIncome": "None", "depreciation": "None", "depreciationAndAmortization": "589000000", "incomeBeforeTax": "1949000000", "incomeTaxExpense": "421000000", "interestAndDebtExpense": "None", "netIncomeFromContinuingOperations": "1528000000", "comprehensiveIncomeNetOfTax": "None", "ebit": "2283000000", "ebitda": "2872000000", "netIncome": "1528000000"}, {"fiscalDateEnding": "2023-06-30", "reportedCurrency": "USD", "grossProfit": "2555000000", "totalRevenue": "5963000000", "costOfRevenue": "3408000000", "costofGoodsAndServicesSold": "3408000000", "operatingIncome": "2204000000", "sellingGeneralAndAdministrative": "1620000000", "researchAndDevelopment": "None", "operatingExpenses": "351000000", "investmentIncomeNet": "None", "netInterestIncome": "-339000000", "interestIncome": "339000000", "interestExpense": "339000000", "nonInterestIncome": "None", "otherNonOperatingIncome": "93000000", "depreciation": "None", "depreciationAndAmortization": "580000000", "incomeBeforeTax": "1958000000", "incomeTaxExpense": "389000000", "interestAndDebtExpense": "None", "netIncomeFromContinuingOperations": "1569000000", "comprehensiveIncomeNetOfTax": "None", "ebit": "2297000000", "ebitda": "2877000000", "netIncome": "1569000000"}, {"fiscalDateEnding": "2023-03-31", "reportedCurrency": "USD", "grossProfit": "2651000000", "totalRevenue": "6056000000", "costOfRevenue": "3405000000", "costofGoodsAndServicesSold": "3405000000", "operatingIncome": "2294000000", "sellingGeneralAndAdministrative": "14000000", "researchAndDevelopment": "None", "operatingExpenses": "357000000", "investmentIncomeNet": "None", "netInterestIncome": "-336000000", "interestIncome": "336000000", "interestExpense": "336000000", "nonInterestIncome": "None", "otherNonOperatingIncome": "184000000", "depreciation": "None", "depreciationAndAmortization": "591000000", "incomeBeforeTax": "2142000000", "incomeTaxExpense": "512000000", "interestAndDebtExpense": "None", "netIncomeFromContinuingOperations": "1630000000", "comprehensiveIncomeNetOfTax": "None", "ebit": "2478000000", "ebitda": "3069000000", "netIncome": "1630000000"}, {"fiscalDateEnding": "2022-12-31", "reportedCurrency": "USD", "grossProfit": "2713000000", "totalRevenue": "6180000000", "costOfRevenue": "3467000000", "costofGoodsAndServicesSold": "3467000000", "operatingIncome": "2412000000", "sellingGeneralAndAdministrative": "1412000000", "researchAndDevelopment": "None", "operatingExpenses": "301000000", "investmentIncomeNet": "None", "netInterestIncome": "-333000000", "interestIncome": "333000000", "interestExpense": "333000000", "nonInterestIncome": "None", "otherNonOperatingIncome": "92000000", "depreciation": "None", "depreciationAndAmortization": "585000000", "incomeBeforeTax": "2171000000", "incomeTaxExpense": "533000000", "interestAndDebtExpense": "None", "netIncomeFromContinuingOperations": "1638000000", "comprehensiveIncomeNetOfTax": "None", "ebit": "2504000000", "ebitda": "3089000000", "netIncome": "1638000000"}, {"fiscalDateEnding": "2022-09-30", "reportedCurrency": "USD", "grossProfit": "2952000000", "totalRevenue": "6566000000", "costOfRevenue": "3614000000", "costofGoodsAndServicesSold": "3614000000", "operatingIncome": "2633000000", "sellingGeneralAndAdministrative": "1597000000", "researchAndDevelopment": "None", "operatingExpenses": "319000000", "investmentIncomeNet": "None", "netInterestIncome": "-315000000", "interestIncome": "315000000", "interestExpense": "315000000", "nonInterestIncome": "None", "otherNonOperatingIncome": "124000000", "depreciation": "None", "depreciationAndAmortization": "563000000", "incomeBeforeTax": "2442000000", "incomeTaxExpense": "547000000", "interestAndDebtExpense": "None", "netIncomeFromContinuingOperations": "1895000000", "comprehensiveIncomeNetOfTax": "None", "ebit": "2655000000", "ebitda": "3218000000", "netIncome": "1895000000"}, {"fiscalDateEnding": "2022-06-30", "reportedCurrency": "USD", "grossProfit": "2826000000", "totalRevenue": "6269000000", "costOfRevenue": "3443000000", "costofGoodsAndServicesSold": "3443000000", "operatingIncome": "2495000000", "sellingGeneralAndAdministrative": "1423000000", "researchAndDevelopment": "None", "operatingExpenses": "331000000", "investmentIncomeNet": "None", "netInterestIncome": "-316000000", "interestIncome": "316000000", "interestExpense": "316000000", "nonInterestIncome": "None", "otherNonOperatingIncome": "163000000", "depreciation": "None", "depreciationAndAmortization": "559000000", "incomeBeforeTax": "2342000000", "incomeTaxExpense": "507000000", "interestAndDebtExpense": "None", "netIncomeFromContinuingOperations": "1835000000", "comprehensiveIncomeNetOfTax": "None", "ebit": "2516000000", "ebitda": "3075000000", "netIncome": "1835000000"}, {"fiscalDateEnding": "2022-03-31", "reportedCurrency": "USD", "grossProfit": "2714000000", "totalRevenue": "5860000000", "costOfRevenue": "3146000000", "costofGoodsAndServicesSold": "3146000000", "operatingIncome": "2377000000", "sellingGeneralAndAdministrative": "1438000000", "researchAndDevelopment": "None", "operatingExpenses": "337000000", "investmentIncomeNet": "None", "netInterestIncome": "-307000000", "interestIncome": "307000000", "interestExpense": "307000000", "nonInterestIncome": "None", "otherNonOperatingIncome": "47000000", "depreciation": "None", "depreciationAndAmortization": "555000000", "incomeBeforeTax": "2117000000", "incomeTaxExpense": "487000000", "interestAndDebtExpense": "None", "netIncomeFromContinuingOperations": "1630000000", "comprehensiveIncomeNetOfTax": "None", "ebit": "2424000000", "ebitda": "2979000000", "netIncome": "1630000000"}, {"fiscalDateEnding": "2021-12-31", "reportedCurrency": "USD", "grossProfit": "2742000000", "totalRevenue": "5733000000", "costOfRevenue": "2991000000", "costofGoodsAndServicesSold": "2991000000", "operatingIncome": "2440000000", "sellingGeneralAndAdministrative": "1300000000", "researchAndDevelopment": "None", "operatingExpenses": "302000000", "investmentIncomeNet": "None", "netInterestIncome": "-295000000", "interestIncome": "295000000", "interestExpense": "295000000", "nonInterestIncome": "None", "otherNonOperatingIncome": "83000000", "depreciation": "None", "depreciationAndAmortization": "556000000", "incomeBeforeTax": "2228000000", "incomeTaxExpense": "517000000", "interestAndDebtExpense": "None", "netIncomeFromContinuingOperations": "1711000000", "comprehensiveIncomeNetOfTax": "None", "ebit": "2397000000", "ebitda": "2953000000", "netIncome": "1711000000"}, {"fiscalDateEnding": "2021-09-30", "reportedCurrency": "USD", "grossProfit": "2702000000", "totalRevenue": "5566000000", "costOfRevenue": "2864000000", "costofGoodsAndServicesSold": "2864000000", "operatingIncome": "2432000000", "sellingGeneralAndAdministrative": "1257000000", "researchAndDevelopment": "None", "operatingExpenses": "270000000", "investmentIncomeNet": "None", "netInterestIncome": "-288000000", "interestIncome": "2000000", "interestExpense": "290000000", "nonInterestIncome": "None", "otherNonOperatingIncome": "38000000", "depreciation": "None", "depreciationAndAmortization": "553000000", "incomeBeforeTax": "2180000000", "incomeTaxExpense": "507000000", "interestAndDebtExpense": "None", "netIncomeFromContinuingOperations": "1673000000", "comprehensiveIncomeNetOfTax": "None", "ebit": "2470000000", "ebitda": "3023000000", "netIncome": "1673000000"}, {"fiscalDateEnding": "2021-06-30", "reportedCurrency": "USD", "grossProfit": "2757000000", "totalRevenue": "5504000000", "costOfRevenue": "2747000000", "costofGoodsAndServicesSold": "2747000000", "operatingIncome": "2473000000", "sellingGeneralAndAdministrative": "1222000000", "researchAndDevelopment": "None", "operatingExpenses": "284000000", "investmentIncomeNet": "None", "netInterestIncome": "-281000000", "interestIncome": "1000000", "interestExpense": "282000000", "nonInterestIncome": "None", "otherNonOperatingIncome": "125000000", "depreciation": "None", "depreciationAndAmortization": "550000000", "incomeBeforeTax": "2316000000", "incomeTaxExpense": "518000000", "interestAndDebtExpense": "None", "netIncomeFromContinuingOperations": "1798000000", "comprehensiveIncomeNetOfTax": "None", "ebit": "2479000000", "ebitda": "3029000000", "netIncome": "1798000000"}, {"fiscalDateEnding": "2021-03-31", "reportedCurrency": "USD", "grossProfit": "2313000000", "totalRevenue": "5001000000", "costOfRevenue": "2688000000", "costofGoodsAndServicesSold": "2688000000", "operatingIncome": "1993000000", "sellingGeneralAndAdministrative": "1346000000", "researchAndDevelopment": "None", "operatingExpenses": "320000000", "investmentIncomeNet": "None", "netInterestIncome": "-289000000", "interestIncome": "1000000", "interestExpense": "290000000", "nonInterestIncome": "None", "otherNonOperatingIncome": "51000000", "depreciation": "None", "depreciationAndAmortization": "549000000", "incomeBeforeTax": "1754000000", "incomeTaxExpense": "413000000", "interestAndDebtExpense": "None", "netIncomeFromContinuingOperations": "1341000000", "comprehensiveIncomeNetOfTax": "None", "ebit": "1998000000", "ebitda": "2547000000", "netIncome": "1341000000"}, {"fiscalDateEnding": "2020-12-31", "reportedCurrency": "USD", "grossProfit": "2519000000", "totalRevenue": "5141000000", "costOfRevenue": "2622000000", "costofGoodsAndServicesSold": "2622000000", "operatingIncome": "2006000000", "sellingGeneralAndAdministrative": "9142000000", "researchAndDevelopment": "None", "operatingExpenses": "513000000", "investmentIncomeNet": "None", "netInterestIncome": "-279000000", "interestIncome": "279000000", "interestExpense": "279000000", "nonInterestIncome": "None", "otherNonOperatingIncome": "66000000", "depreciation": "None", "depreciationAndAmortization": "557000000", "incomeBeforeTax": "1793000000", "incomeTaxExpense": "413000000", "interestAndDebtExpense": "None", "netIncomeFromContinuingOperations": "1380000000", "comprehensiveIncomeNetOfTax": "None", "ebit": "2072000000", "ebitda": "2629000000", "netIncome": "1380000000"}, {"fiscalDateEnding": "2020-09-30", "reportedCurrency": "USD", "grossProfit": "2330000000", "totalRevenue": "4919000000", "costOfRevenue": "2589000000", "costofGoodsAndServicesSold": "2589000000", "operatingIncome": "2031000000", "sellingGeneralAndAdministrative": "1307000000", "researchAndDevelopment": "None", "operatingExpenses": "299000000", "investmentIncomeNet": "None", "netInterestIncome": "-293000000", "interestIncome": "293000000", "interestExpense": "295000000", "nonInterestIncome": "None", "otherNonOperatingIncome": "37000000", "depreciation": "None", "depreciationAndAmortization": "555000000", "incomeBeforeTax": "1773000000", "incomeTaxExpense": "410000000", "interestAndDebtExpense": "None", "netIncomeFromContinuingOperations": "1363000000", "comprehensiveIncomeNetOfTax": "None", "ebit": "2043000000", "ebitda": "2598000000", "netIncome": "1363000000"}, {"fiscalDateEnding": "2020-06-30", "reportedCurrency": "USD", "grossProfit": "1889000000", "totalRevenue": "4244000000", "costOfRevenue": "2355000000", "costofGoodsAndServicesSold": "2355000000", "operatingIncome": "1654000000", "sellingGeneralAndAdministrative": "1140000000", "researchAndDevelopment": "None", "operatingExpenses": "235000000", "investmentIncomeNet": "None", "netInterestIncome": "-286000000", "interestIncome": "3000000", "interestExpense": "289000000", "nonInterestIncome": "None", "otherNonOperatingIncome": "131000000", "depreciation": "None", "depreciationAndAmortization": "551000000", "incomeBeforeTax": "1496000000", "incomeTaxExpense": "364000000", "interestAndDebtExpense": "None", "netIncomeFromContinuingOperations": "1132000000", "comprehensiveIncomeNetOfTax": "None", "ebit": "1665000000", "ebitda": "2216000000", "netIncome": "1132000000"}, {"fiscalDateEnding": "2020-03-31", "reportedCurrency": "USD", "grossProfit": "2441000000", "totalRevenue": "5229000000", "costOfRevenue": "2788000000", "costofGoodsAndServicesSold": "2788000000", "operatingIncome": "2143000000", "sellingGeneralAndAdministrative": "1357000000", "researchAndDevelopment": "None", "operatingExpenses": "298000000", "investmentIncomeNet": "None", "netInterestIncome": "-272000000", "interestIncome": "6000000", "interestExpense": "278000000", "nonInterestIncome": "None", "otherNonOperatingIncome": "53000000", "depreciation": "None", "depreciationAndAmortization": "547000000", "incomeBeforeTax": "1918000000", "incomeTaxExpense": "444000000", "interestAndDebtExpense": "None", "netIncomeFromContinuingOperations": "1474000000", "comprehensiveIncomeNetOfTax": "None", "ebit": "2151000000", "ebitda": "2698000000", "netIncome": "1474000000"}, {"fiscalDateEnding": "2019-12-31", "reportedCurrency": "USD", "grossProfit": "2331000000", "totalRevenue": "5212000000", "costOfRevenue": "2881000000", "costofGoodsAndServicesSold": "2881000000", "operatingIncome": "2100000000", "sellingGeneralAndAdministrative": "9906000000", "researchAndDevelopment": "None", "operatingExpenses": "231000000", "investmentIncomeNet": "None", "netInterestIncome": "-240000000", "interestIncome": "38000000", "interestExpense": "278000000", "nonInterestIncome": "None", "otherNonOperatingIncome": "56000000", "depreciation": "None", "depreciationAndAmortization": "559000000", "incomeBeforeTax": "1878000000", "incomeTaxExpense": "475000000", "interestAndDebtExpense": "None", "netIncomeFromContinuingOperations": "1403000000", "comprehensiveIncomeNetOfTax": "None", "ebit": "2109000000", "ebitda": "2668000000", "netIncome": "1403000000"}, {"fiscalDateEnding": "2019-09-30", "reportedCurrency": "USD", "grossProfit": "2511000000", "totalRevenue": "5516000000", "costOfRevenue": "3005000000", "costofGoodsAndServicesSold": "3005000000", "operatingIncome": "2234000000", "sellingGeneralAndAdministrative": "1411000000", "researchAndDevelopment": "None", "operatingExpenses": "277000000", "investmentIncomeNet": "None", "netInterestIncome": "-256000000", "interestIncome": "10000000", "interestExpense": "266000000", "nonInterestIncome": "None", "otherNonOperatingIncome": "53000000", "depreciation": "None", "depreciationAndAmortization": "557000000", "incomeBeforeTax": "2021000000", "incomeTaxExpense": "466000000", "interestAndDebtExpense": "None", "netIncomeFromContinuingOperations": "1555000000", "comprehensiveIncomeNetOfTax": "None", "ebit": "2246000000", "ebitda": "2803000000", "netIncome": "1555000000"}, {"fiscalDateEnding": "2019-06-30", "reportedCurrency": "USD", "grossProfit": "2507000000", "totalRevenue": "5596000000", "costOfRevenue": "3089000000", "costofGoodsAndServicesSold": "3089000000", "operatingIncome": "2260000000", "sellingGeneralAndAdministrative": "1392000000", "researchAndDevelopment": "None", "operatingExpenses": "247000000", "investmentIncomeNet": "None", "netInterestIncome": "-253000000", "interestIncome": "6000000", "interestExpense": "259000000", "nonInterestIncome": "None", "otherNonOperatingIncome": "57000000", "depreciation": "None", "depreciationAndAmortization": "551000000", "incomeBeforeTax": "2058000000", "incomeTaxExpense": "488000000", "interestAndDebtExpense": "None", "netIncomeFromContinuingOperations": "1570000000", "comprehensiveIncomeNetOfTax": "None", "ebit": "2268000000", "ebitda": "2819000000", "netIncome": "1570000000"}, {"fiscalDateEnding": "2019-03-31", "reportedCurrency": "USD", "grossProfit": "2265000000", "totalRevenue": "5384000000", "costOfRevenue": "3119000000", "costofGoodsAndServicesSold": "3119000000", "operatingIncome": "1960000000", "sellingGeneralAndAdministrative": "1510000000", "researchAndDevelopment": "0", "operatingExpenses": "305000000", "investmentIncomeNet": "None", "netInterestIncome": "-238000000", "interestIncome": "9000000", "interestExpense": "247000000", "nonInterestIncome": "None", "otherNonOperatingIncome": "77000000", "depreciation": "None", "depreciationAndAmortization": "549000000", "incomeBeforeTax": "1790000000", "incomeTaxExpense": "399000000", "interestAndDebtExpense": "None", "netIncomeFromContinuingOperations": "1391000000", "comprehensiveIncomeNetOfTax": "None", "ebit": "1968000000", "ebitda": "2517000000", "netIncome": "1391000000"}, {"fiscalDateEnding": "2018-12-31", "reportedCurrency": "USD", "grossProfit": "2431000000", "totalRevenue": "5757000000", "costOfRevenue": "3326000000", "costofGoodsAndServicesSold": "3326000000", "operatingIncome": "2210000000", "sellingGeneralAndAdministrative": "10655000000", "researchAndDevelopment": "0", "operatingExpenses": "221000000", "investmentIncomeNet": "None", "netInterestIncome": "None", "interestIncome": "None", "interestExpense": "240000000", "nonInterestIncome": "None", "otherNonOperatingIncome": "46000000", "depreciation": "None", "depreciationAndAmortization": "555000000", "incomeBeforeTax": "2016000000", "incomeTaxExpense": "462000000", "interestAndDebtExpense": "None", "netIncomeFromContinuingOperations": "1554000000", "comprehensiveIncomeNetOfTax": "None", "ebit": "2237000000", "ebitda": "2792000000", "netIncome": "1554000000"}, {"fiscalDateEnding": "2018-09-30", "reportedCurrency": "USD", "grossProfit": "2556000000", "totalRevenue": "5928000000", "costOfRevenue": "3372000000", "costofGoodsAndServicesSold": "3372000000", "operatingIncome": "2269000000", "sellingGeneralAndAdministrative": "1549000000", "researchAndDevelopment": "0", "operatingExpenses": "287000000", "investmentIncomeNet": "None", "netInterestIncome": "None", "interestIncome": "None", "interestExpense": "241000000", "nonInterestIncome": "None", "otherNonOperatingIncome": "48000000", "depreciation": "None", "depreciationAndAmortization": "547000000", "incomeBeforeTax": "2076000000", "incomeTaxExpense": "483000000", "interestAndDebtExpense": "None", "netIncomeFromContinuingOperations": "1593000000", "comprehensiveIncomeNetOfTax": "None", "ebit": "2272000000", "ebitda": "2819000000", "netIncome": "1593000000"}, {"fiscalDateEnding": "2018-06-30", "reportedCurrency": "USD", "grossProfit": "2347000000", "totalRevenue": "5672000000", "costOfRevenue": "3325000000", "costofGoodsAndServicesSold": "3325000000", "operatingIncome": "2099000000", "sellingGeneralAndAdministrative": "1489000000", "researchAndDevelopment": "0", "operatingExpenses": "248000000", "investmentIncomeNet": "None", "netInterestIncome": "None", "interestIncome": "None", "interestExpense": "203000000", "nonInterestIncome": "None", "otherNonOperatingIncome": "42000000", "depreciation": "None", "depreciationAndAmortization": "546000000", "incomeBeforeTax": "1938000000", "incomeTaxExpense": "429000000", "interestAndDebtExpense": "None", "netIncomeFromContinuingOperations": "1509000000", "comprehensiveIncomeNetOfTax": "None", "ebit": "2103000000", "ebitda": "2649000000", "netIncome": "1509000000"}, {"fiscalDateEnding": "2018-03-31", "reportedCurrency": "USD", "grossProfit": "2205000000", "totalRevenue": "5475000000", "costOfRevenue": "3270000000", "costofGoodsAndServicesSold": "3270000000", "operatingIncome": "1939000000", "sellingGeneralAndAdministrative": "1539000000", "researchAndDevelopment": "0", "operatingExpenses": "266000000", "investmentIncomeNet": "None", "netInterestIncome": "None", "interestIncome": "None", "interestExpense": "186000000", "nonInterestIncome": "None", "otherNonOperatingIncome": "-42000000", "depreciation": "None", "depreciationAndAmortization": "543000000", "incomeBeforeTax": "1711000000", "incomeTaxExpense": "401000000", "interestAndDebtExpense": "None", "netIncomeFromContinuingOperations": "1310000000", "comprehensiveIncomeNetOfTax": "None", "ebit": "1897000000", "ebitda": "2440000000", "netIncome": "1310000000"}, {"fiscalDateEnding": "2017-12-31", "reportedCurrency": "USD", "grossProfit": "2490000000", "totalRevenue": "5450000000", "costOfRevenue": "2960000000", "costofGoodsAndServicesSold": "2960000000", "operatingIncome": "2251000000", "sellingGeneralAndAdministrative": "10393000000", "researchAndDevelopment": "0", "operatingExpenses": "239000000", "investmentIncomeNet": "None", "netInterestIncome": "None", "interestIncome": "None", "interestExpense": "188000000", "nonInterestIncome": "None", "otherNonOperatingIncome": "29000000", "depreciation": "None", "depreciationAndAmortization": "532000000", "incomeBeforeTax": "2092000000", "incomeTaxExpense": "-5186000000", "interestAndDebtExpense": "None", "netIncomeFromContinuingOperations": "7278000000", "comprehensiveIncomeNetOfTax": "None", "ebit": "2288000000", "ebitda": "2820000000", "netIncome": "7278000000"}, {"fiscalDateEnding": "2017-09-30", "reportedCurrency": "USD", "grossProfit": "2242000000", "totalRevenue": "5408000000", "costOfRevenue": "3166000000", "costofGoodsAndServicesSold": "3166000000", "operatingIncome": "2012000000", "sellingGeneralAndAdministrative": "1528000000", "researchAndDevelopment": "0", "operatingExpenses": "230000000", "investmentIncomeNet": "None", "netInterestIncome": "None", "interestIncome": "None", "interestExpense": "180000000", "nonInterestIncome": "None", "otherNonOperatingIncome": "151000000", "depreciation": "None", "depreciationAndAmortization": "528000000", "incomeBeforeTax": "1983000000", "incomeTaxExpense": "789000000", "interestAndDebtExpense": "None", "netIncomeFromContinuingOperations": "1194000000", "comprehensiveIncomeNetOfTax": "None", "ebit": "2073000000", "ebitda": "2601000000", "netIncome": "1194000000"}, {"fiscalDateEnding": "2017-06-30", "reportedCurrency": "USD", "grossProfit": "2224000000", "totalRevenue": "5250000000", "costOfRevenue": "3026000000", "costofGoodsAndServicesSold": "3026000000", "operatingIncome": "2005000000", "sellingGeneralAndAdministrative": "1416000000", "researchAndDevelopment": "0", "operatingExpenses": "219000000", "investmentIncomeNet": "None", "netInterestIncome": "None", "interestIncome": "None", "interestExpense": "179000000", "nonInterestIncome": "None", "otherNonOperatingIncome": "43000000", "depreciation": "None", "depreciationAndAmortization": "525000000", "incomeBeforeTax": "1869000000", "incomeTaxExpense": "701000000", "interestAndDebtExpense": "None", "netIncomeFromContinuingOperations": "1168000000", "comprehensiveIncomeNetOfTax": "None", "ebit": "2005000000", "ebitda": "2530000000", "netIncome": "1168000000"}, {"fiscalDateEnding": "2017-03-31", "reportedCurrency": "USD", "grossProfit": "2053000000", "totalRevenue": "5132000000", "costOfRevenue": "3079000000", "costofGoodsAndServicesSold": "3079000000", "operatingIncome": "1793000000", "sellingGeneralAndAdministrative": "1517000000", "researchAndDevelopment": "0", "operatingExpenses": "260000000", "investmentIncomeNet": "None", "netInterestIncome": "None", "interestIncome": "None", "interestExpense": "172000000", "nonInterestIncome": "None", "otherNonOperatingIncome": "67000000", "depreciation": "None", "depreciationAndAmortization": "520000000", "incomeBeforeTax": "1688000000", "incomeTaxExpense": "616000000", "interestAndDebtExpense": "None", "netIncomeFromContinuingOperations": "1072000000", "comprehensiveIncomeNetOfTax": "None", "ebit": "1788000000", "ebitda": "2308000000", "netIncome": "1072000000"}, {"fiscalDateEnding": "2016-12-31", "reportedCurrency": "USD", "grossProfit": "2198000000", "totalRevenue": "5168000000", "costOfRevenue": "2970000000", "costofGoodsAndServicesSold": "2970000000", "operatingIncome": "1965000000", "sellingGeneralAndAdministrative": "10075000000", "researchAndDevelopment": "0", "operatingExpenses": "233000000", "investmentIncomeNet": "None", "netInterestIncome": "None", "interestIncome": "None", "interestExpense": "174000000", "nonInterestIncome": "None", "otherNonOperatingIncome": "40000000", "depreciation": "None", "depreciationAndAmortization": "520000000", "incomeBeforeTax": "1831000000", "incomeTaxExpense": "687000000", "interestAndDebtExpense": "None", "netIncomeFromContinuingOperations": "1144000000", "comprehensiveIncomeNetOfTax": "None", "ebit": "1965000000", "ebitda": "2485000000", "netIncome": "1144000000"}, {"fiscalDateEnding": "2016-09-30", "reportedCurrency": "USD", "grossProfit": "2231000000", "totalRevenue": "5174000000", "costOfRevenue": "2943000000", "costofGoodsAndServicesSold": "2943000000", "operatingIncome": "1960000000", "sellingGeneralAndAdministrative": "1462000000", "researchAndDevelopment": "0", "operatingExpenses": "271000000", "investmentIncomeNet": "None", "netInterestIncome": "None", "interestIncome": "None", "interestExpense": "184000000", "nonInterestIncome": "None", "otherNonOperatingIncome": "29000000", "depreciation": "None", "depreciationAndAmortization": "512000000", "incomeBeforeTax": "1805000000", "incomeTaxExpense": "674000000", "interestAndDebtExpense": "None", "netIncomeFromContinuingOperations": "1131000000", "comprehensiveIncomeNetOfTax": "None", "ebit": "1960000000", "ebitda": "2472000000", "netIncome": "1131000000"}, {"fiscalDateEnding": "2016-06-30", "reportedCurrency": "USD", "grossProfit": "1904000000", "totalRevenue": "4770000000", "costOfRevenue": "2866000000", "costofGoodsAndServicesSold": "2866000000", "operatingIncome": "1660000000", "sellingGeneralAndAdministrative": "1404000000", "researchAndDevelopment": "0", "operatingExpenses": "244000000", "investmentIncomeNet": "None", "netInterestIncome": "None", "interestIncome": "None", "interestExpense": "173000000", "nonInterestIncome": "None", "otherNonOperatingIncome": "77000000", "depreciation": "None", "depreciationAndAmortization": "504000000", "incomeBeforeTax": "1564000000", "incomeTaxExpense": "585000000", "interestAndDebtExpense": "None", "netIncomeFromContinuingOperations": "979000000", "comprehensiveIncomeNetOfTax": "None", "ebit": "1660000000", "ebitda": "2164000000", "netIncome": "979000000"}, {"fiscalDateEnding": "2016-03-31", "reportedCurrency": "USD", "grossProfit": "1936000000", "totalRevenue": "4829000000", "costOfRevenue": "2893000000", "costofGoodsAndServicesSold": "2893000000", "operatingIncome": "1687000000", "sellingGeneralAndAdministrative": "1462000000", "researchAndDevelopment": "0", "operatingExpenses": "249000000", "investmentIncomeNet": "None", "netInterestIncome": "None", "interestIncome": "None", "interestExpense": "167000000", "nonInterestIncome": "None", "otherNonOperatingIncome": "46000000", "depreciation": "None", "depreciationAndAmortization": "502000000", "incomeBeforeTax": "1566000000", "incomeTaxExpense": "587000000", "interestAndDebtExpense": "None", "netIncomeFromContinuingOperations": "979000000", "comprehensiveIncomeNetOfTax": "None", "ebit": "1687000000", "ebitda": "2189000000", "netIncome": "979000000"}, {"fiscalDateEnding": "2015-12-31", "reportedCurrency": "USD", "grossProfit": "2153000000", "totalRevenue": "5208000000", "costOfRevenue": "3055000000", "costofGoodsAndServicesSold": "3055000000", "operatingIncome": "1918000000", "sellingGeneralAndAdministrative": "10715000000", "researchAndDevelopment": "0", "operatingExpenses": "235000000", "investmentIncomeNet": "None", "netInterestIncome": "None", "interestIncome": "None", "interestExpense": "164000000", "nonInterestIncome": "None", "otherNonOperatingIncome": "28000000", "depreciation": "None", "depreciationAndAmortization": "517000000", "incomeBeforeTax": "1782000000", "incomeTaxExpense": "665000000", "interestAndDebtExpense": "None", "netIncomeFromContinuingOperations": "1117000000", "comprehensiveIncomeNetOfTax": "None", "ebit": "1918000000", "ebitda": "2435000000", "netIncome": "1117000000"}, {"fiscalDateEnding": "2015-09-30", "reportedCurrency": "USD", "grossProfit": "2413000000", "totalRevenue": "5562000000", "costOfRevenue": "3149000000", "costofGoodsAndServicesSold": "3149000000", "operatingIncome": "2208000000", "sellingGeneralAndAdministrative": "1472000000", "researchAndDevelopment": "0", "operatingExpenses": "205000000", "investmentIncomeNet": "None", "netInterestIncome": "None", "interestIncome": "None", "interestExpense": "157000000", "nonInterestIncome": "None", "otherNonOperatingIncome": "30000000", "depreciation": "None", "depreciationAndAmortization": "507000000", "incomeBeforeTax": "2081000000", "incomeTaxExpense": "781000000", "interestAndDebtExpense": "None", "netIncomeFromContinuingOperations": "1300000000", "comprehensiveIncomeNetOfTax": "None", "ebit": "2208000000", "ebitda": "2715000000", "netIncome": "1300000000"}, {"fiscalDateEnding": "2015-06-30", "reportedCurrency": "USD", "grossProfit": "2174000000", "totalRevenue": "5429000000", "costOfRevenue": "3255000000", "costofGoodsAndServicesSold": "3255000000", "operatingIncome": "1949000000", "sellingGeneralAndAdministrative": "1530000000", "researchAndDevelopment": "0", "operatingExpenses": "225000000", "investmentIncomeNet": "None", "netInterestIncome": "None", "interestIncome": "None", "interestExpense": "153000000", "nonInterestIncome": "None", "otherNonOperatingIncome": "142000000", "depreciation": "None", "depreciationAndAmortization": "497000000", "incomeBeforeTax": "1938000000", "incomeTaxExpense": "734000000", "interestAndDebtExpense": "None", "netIncomeFromContinuingOperations": "1204000000", "comprehensiveIncomeNetOfTax": "None", "ebit": "1949000000", "ebitda": "2446000000", "netIncome": "1204000000"}, {"fiscalDateEnding": "2015-03-31", "reportedCurrency": "USD", "grossProfit": "2236000000", "totalRevenue": "5614000000", "costOfRevenue": "3378000000", "costofGoodsAndServicesSold": "3378000000", "operatingIncome": "1977000000", "sellingGeneralAndAdministrative": "1628000000", "researchAndDevelopment": "0", "operatingExpenses": "259000000", "investmentIncomeNet": "None", "netInterestIncome": "None", "interestIncome": "None", "interestExpense": "148000000", "nonInterestIncome": "None", "otherNonOperatingIncome": "26000000", "depreciation": "None", "depreciationAndAmortization": "491000000", "incomeBeforeTax": "1855000000", "incomeTaxExpense": "704000000", "interestAndDebtExpense": "None", "netIncomeFromContinuingOperations": "1151000000", "comprehensiveIncomeNetOfTax": "None", "ebit": "1977000000", "ebitda": "2468000000", "netIncome": "1151000000"}, {"fiscalDateEnding": "2014-12-31", "reportedCurrency": "USD", "grossProfit": "2601000000", "totalRevenue": "6153000000", "costOfRevenue": "3552000000", "costofGoodsAndServicesSold": "3552000000", "operatingIncome": "2373000000", "sellingGeneralAndAdministrative": "1517000000", "researchAndDevelopment": "0", "operatingExpenses": "228000000", "investmentIncomeNet": "None", "netInterestIncome": "None", "interestIncome": "None", "interestExpense": "146000000", "nonInterestIncome": "None", "otherNonOperatingIncome": "71000000", "depreciation": "None", "depreciationAndAmortization": "489000000", "incomeBeforeTax": "2298000000", "incomeTaxExpense": "867000000", "interestAndDebtExpense": "None", "netIncomeFromContinuingOperations": "1431000000", "comprehensiveIncomeNetOfTax": "None", "ebit": "2373000000", "ebitda": "2862000000", "netIncome": "1431000000"}, {"fiscalDateEnding": "2014-09-30", "reportedCurrency": "USD", "grossProfit": "2572000000", "totalRevenue": "6182000000", "costOfRevenue": "3610000000", "costofGoodsAndServicesSold": "3610000000", "operatingIncome": "2330000000", "sellingGeneralAndAdministrative": "1529000000", "researchAndDevelopment": "0", "operatingExpenses": "242000000", "investmentIncomeNet": "None", "netInterestIncome": "None", "interestIncome": "None", "interestExpense": "144000000", "nonInterestIncome": "None", "otherNonOperatingIncome": "20000000", "depreciation": "None", "depreciationAndAmortization": "481000000", "incomeBeforeTax": "2206000000", "incomeTaxExpense": "836000000", "interestAndDebtExpense": "None", "netIncomeFromContinuingOperations": "1370000000", "comprehensiveIncomeNetOfTax": "None", "ebit": "2330000000", "ebitda": "2811000000", "netIncome": "1370000000"}, {"fiscalDateEnding": "2014-06-30", "reportedCurrency": "USD", "grossProfit": "2424000000", "totalRevenue": "6015000000", "costOfRevenue": "3591000000", "costofGoodsAndServicesSold": "3591000000", "operatingIncome": "2196000000", "sellingGeneralAndAdministrative": "1474000000", "researchAndDevelopment": "0", "operatingExpenses": "228000000", "investmentIncomeNet": "None", "netInterestIncome": "None", "interestIncome": "None", "interestExpense": "138000000", "nonInterestIncome": "None", "otherNonOperatingIncome": "22000000", "depreciation": "None", "depreciationAndAmortization": "470000000", "incomeBeforeTax": "2080000000", "incomeTaxExpense": "789000000", "interestAndDebtExpense": "None", "netIncomeFromContinuingOperations": "1291000000", "comprehensiveIncomeNetOfTax": "None", "ebit": "2196000000", "ebitda": "2666000000", "netIncome": "1291000000"}, {"fiscalDateEnding": "2014-03-31", "reportedCurrency": "USD", "grossProfit": "2080000000", "totalRevenue": "5638000000", "costOfRevenue": "3558000000", "costofGoodsAndServicesSold": "3558000000", "operatingIncome": "1854000000", "sellingGeneralAndAdministrative": "1480000000", "researchAndDevelopment": "0", "operatingExpenses": "226000000", "investmentIncomeNet": "None", "netInterestIncome": "None", "interestIncome": "None", "interestExpense": "133000000", "nonInterestIncome": "None", "otherNonOperatingIncome": "38000000", "depreciation": "None", "depreciationAndAmortization": "464000000", "incomeBeforeTax": "1759000000", "incomeTaxExpense": "671000000", "interestAndDebtExpense": "None", "netIncomeFromContinuingOperations": "1088000000", "comprehensiveIncomeNetOfTax": "None", "ebit": "1854000000", "ebitda": "2318000000", "netIncome": "1088000000"}, {"fiscalDateEnding": "2013-12-31", "reportedCurrency": "USD", "grossProfit": "2161000000", "totalRevenue": "5630000000", "costOfRevenue": "3469000000", "costofGoodsAndServicesSold": "3469000000", "operatingIncome": "1973000000", "sellingGeneralAndAdministrative": "1398000000", "researchAndDevelopment": "0", "operatingExpenses": "188000000", "investmentIncomeNet": "None", "netInterestIncome": "None", "interestIncome": "None", "interestExpense": "127000000", "nonInterestIncome": "None", "otherNonOperatingIncome": "37000000", "depreciation": "None", "depreciationAndAmortization": "458000000", "incomeBeforeTax": "1883000000", "incomeTaxExpense": "709000000", "interestAndDebtExpense": "None", "netIncomeFromContinuingOperations": "1174000000", "comprehensiveIncomeNetOfTax": "None", "ebit": "1973000000", "ebitda": "2431000000", "netIncome": "1174000000"}, {"fiscalDateEnding": "2013-09-30", "reportedCurrency": "USD", "grossProfit": "2167000000", "totalRevenue": "5573000000", "costOfRevenue": "3406000000", "costofGoodsAndServicesSold": "3406000000", "operatingIncome": "1962000000", "sellingGeneralAndAdministrative": "1401000000", "researchAndDevelopment": "0", "operatingExpenses": "205000000", "investmentIncomeNet": "None", "netInterestIncome": "None", "interestIncome": "None", "interestExpense": "138000000", "nonInterestIncome": "None", "otherNonOperatingIncome": "28000000", "depreciation": "None", "depreciationAndAmortization": "447000000", "incomeBeforeTax": "1852000000", "incomeTaxExpense": "701000000", "interestAndDebtExpense": "None", "netIncomeFromContinuingOperations": "1151000000", "comprehensiveIncomeNetOfTax": "None", "ebit": "1962000000", "ebitda": "2409000000", "netIncome": "1151000000"}, {"fiscalDateEnding": "2013-06-30", "reportedCurrency": "USD", "grossProfit": "2097000000", "totalRevenue": "5470000000", "costOfRevenue": "3373000000", "costofGoodsAndServicesSold": "3373000000", "operatingIncome": "1878000000", "sellingGeneralAndAdministrative": "1404000000", "researchAndDevelopment": "0", "operatingExpenses": "219000000", "investmentIncomeNet": "None", "netInterestIncome": "None", "interestIncome": "None", "interestExpense": "133000000", "nonInterestIncome": "None", "otherNonOperatingIncome": "23000000", "depreciation": "None", "depreciationAndAmortization": "438000000", "incomeBeforeTax": "1768000000", "incomeTaxExpense": "662000000", "interestAndDebtExpense": "None", "netIncomeFromContinuingOperations": "1106000000", "comprehensiveIncomeNetOfTax": "None", "ebit": "1901000000", "ebitda": "2339000000", "netIncome": "1106000000"}, {"fiscalDateEnding": "2013-03-31", "reportedCurrency": "USD", "grossProfit": "1870000000", "totalRevenue": "5290000000", "costOfRevenue": "3420000000", "costofGoodsAndServicesSold": "3420000000", "operatingIncome": "1633000000", "sellingGeneralAndAdministrative": "1453000000", "researchAndDevelopment": "0", "operatingExpenses": "237000000", "investmentIncomeNet": "None", "netInterestIncome": "None", "interestIncome": "None", "interestExpense": "128000000", "nonInterestIncome": "None", "otherNonOperatingIncome": "40000000", "depreciation": "None", "depreciationAndAmortization": "434000000", "incomeBeforeTax": "1545000000", "incomeTaxExpense": "588000000", "interestAndDebtExpense": "None", "netIncomeFromContinuingOperations": "957000000", "comprehensiveIncomeNetOfTax": "None", "ebit": "1673000000", "ebitda": "2107000000", "netIncome": "957000000"}, {"fiscalDateEnding": "2012-12-31", "reportedCurrency": "USD", "grossProfit": "1907000000", "totalRevenue": "5250000000", "costOfRevenue": "3343000000", "costofGoodsAndServicesSold": "3343000000", "operatingIncome": "1725000000", "sellingGeneralAndAdministrative": "1317000000", "researchAndDevelopment": "0", "operatingExpenses": "182000000", "investmentIncomeNet": "None", "netInterestIncome": "None", "interestIncome": "None", "interestExpense": "128000000", "nonInterestIncome": "None", "otherNonOperatingIncome": "43000000", "depreciation": "None", "depreciationAndAmortization": "453000000", "incomeBeforeTax": "1640000000", "incomeTaxExpense": "604000000", "interestAndDebtExpense": "None", "netIncomeFromContinuingOperations": "1036000000", "comprehensiveIncomeNetOfTax": "None", "ebit": "1768000000", "ebitda": "2221000000", "netIncome": "1036000000"}, {"fiscalDateEnding": "2012-09-30", "reportedCurrency": "USD", "grossProfit": "3621000000", "totalRevenue": "5343000000", "costOfRevenue": "1722000000", "costofGoodsAndServicesSold": "1722000000", "operatingIncome": "1786000000", "sellingGeneralAndAdministrative": "1188000000", "researchAndDevelopment": "0", "operatingExpenses": "1835000000", "investmentIncomeNet": "None", "netInterestIncome": "None", "interestIncome": "None", "interestExpense": "137000000", "nonInterestIncome": "None", "otherNonOperatingIncome": "28000000", "depreciation": "None", "depreciationAndAmortization": "447000000", "incomeBeforeTax": "1677000000", "incomeTaxExpense": "635000000", "interestAndDebtExpense": "None", "netIncomeFromContinuingOperations": "1042000000", "comprehensiveIncomeNetOfTax": "None", "ebit": "1814000000", "ebitda": "2261000000", "netIncome": "1042000000"}, {"fiscalDateEnding": "2012-06-30", "reportedCurrency": "USD", "grossProfit": "3498000000", "totalRevenue": "5221000000", "costOfRevenue": "1723000000", "costofGoodsAndServicesSold": "1723000000", "operatingIncome": "1724000000", "sellingGeneralAndAdministrative": "1151000000", "researchAndDevelopment": "0", "operatingExpenses": "1774000000", "investmentIncomeNet": "None", "netInterestIncome": "None", "interestIncome": "None", "interestExpense": "135000000", "nonInterestIncome": "None", "otherNonOperatingIncome": "21000000", "depreciation": "None", "depreciationAndAmortization": "433000000", "incomeBeforeTax": "1610000000", "incomeTaxExpense": "608000000", "interestAndDebtExpense": "None", "netIncomeFromContinuingOperations": "1002000000", "comprehensiveIncomeNetOfTax": "None", "ebit": "1745000000", "ebitda": "2178000000", "netIncome": "1002000000"}, {"fiscalDateEnding": "2012-03-31", "reportedCurrency": "USD", "grossProfit": "3364000000", "totalRevenue": "5112000000", "costOfRevenue": "1748000000", "costofGoodsAndServicesSold": "1748000000", "operatingIncome": "1510000000", "sellingGeneralAndAdministrative": "1211000000", "researchAndDevelopment": "0", "operatingExpenses": "1854000000", "investmentIncomeNet": "None", "netInterestIncome": "None", "interestIncome": "None", "interestExpense": "135000000", "nonInterestIncome": "None", "otherNonOperatingIncome": "16000000", "depreciation": "None", "depreciationAndAmortization": "427000000", "incomeBeforeTax": "1391000000", "incomeTaxExpense": "528000000", "interestAndDebtExpense": "None", "netIncomeFromContinuingOperations": "863000000", "comprehensiveIncomeNetOfTax": "None", "ebit": "1526000000", "ebitda": "1953000000", "netIncome": "863000000"}, {"fiscalDateEnding": "2011-12-31", "reportedCurrency": "USD", "grossProfit": "3376000000", "totalRevenue": "5108000000", "costOfRevenue": "1732000000", "costofGoodsAndServicesSold": "1732000000", "operatingIncome": "1617000000", "sellingGeneralAndAdministrative": "1155000000", "researchAndDevelopment": "0", "operatingExpenses": "2350000000", "investmentIncomeNet": "None", "netInterestIncome": "None", "interestIncome": "None", "interestExpense": "141000000", "nonInterestIncome": "None", "otherNonOperatingIncome": "54000000", "depreciation": "None", "depreciationAndAmortization": "413000000", "incomeBeforeTax": "1530000000", "incomeTaxExpense": "566000000", "interestAndDebtExpense": "None", "netIncomeFromContinuingOperations": "964000000", "comprehensiveIncomeNetOfTax": "None", "ebit": "1671000000", "ebitda": "2084000000", "netIncome": "964000000"}, {"fiscalDateEnding": "2011-09-30", "reportedCurrency": "USD", "grossProfit": "3386000000", "totalRevenue": "5101000000", "costOfRevenue": "1715000000", "costofGoodsAndServicesSold": "1715000000", "operatingIncome": "1578000000", "sellingGeneralAndAdministrative": "1193000000", "researchAndDevelopment": "0", "operatingExpenses": "1808000000", "investmentIncomeNet": "None", "netInterestIncome": "None", "interestIncome": "None", "interestExpense": "142000000", "nonInterestIncome": "None", "otherNonOperatingIncome": "17000000", "depreciation": "None", "depreciationAndAmortization": "408000000", "incomeBeforeTax": "1453000000", "incomeTaxExpense": "549000000", "interestAndDebtExpense": "None", "netIncomeFromContinuingOperations": "904000000", "comprehensiveIncomeNetOfTax": "None", "ebit": "1595000000", "ebitda": "2003000000", "netIncome": "904000000"}, {"fiscalDateEnding": "2011-06-30", "reportedCurrency": "USD", "grossProfit": "3155000000", "totalRevenue": "4858000000", "costOfRevenue": "1703000000", "costofGoodsAndServicesSold": "1703000000", "operatingIncome": "1392000000", "sellingGeneralAndAdministrative": "1166000000", "researchAndDevelopment": "0", "operatingExpenses": "1763000000", "investmentIncomeNet": "None", "netInterestIncome": "None", "interestIncome": "None", "interestExpense": "148000000", "nonInterestIncome": "None", "otherNonOperatingIncome": "26000000", "depreciation": "None", "depreciationAndAmortization": "401000000", "incomeBeforeTax": "1270000000", "incomeTaxExpense": "485000000", "interestAndDebtExpense": "None", "netIncomeFromContinuingOperations": "785000000", "comprehensiveIncomeNetOfTax": "None", "ebit": "1418000000", "ebitda": "1819000000", "netIncome": "785000000"}, {"fiscalDateEnding": "2011-03-31", "reportedCurrency": "USD", "grossProfit": "2887000000", "totalRevenue": "4490000000", "costOfRevenue": "1603000000", "costofGoodsAndServicesSold": "1603000000", "operatingIncome": "1137000000", "sellingGeneralAndAdministrative": "1167000000", "researchAndDevelopment": "0", "operatingExpenses": "1750000000", "investmentIncomeNet": "None", "netInterestIncome": "None", "interestIncome": "None", "interestExpense": "141000000", "nonInterestIncome": "None", "otherNonOperatingIncome": "15000000", "depreciation": "None", "depreciationAndAmortization": "395000000", "incomeBeforeTax": "1011000000", "incomeTaxExpense": "372000000", "interestAndDebtExpense": "None", "netIncomeFromContinuingOperations": "639000000", "comprehensiveIncomeNetOfTax": "None", "ebit": "1137000000", "ebitda": "1532000000", "netIncome": "639000000"}, {"fiscalDateEnding": "2010-12-31", "reportedCurrency": "USD", "grossProfit": "2978000000", "totalRevenue": "4410000000", "costOfRevenue": "1432000000", "costofGoodsAndServicesSold": "1432000000", "operatingIncome": "1313000000", "sellingGeneralAndAdministrative": "1112000000", "researchAndDevelopment": "0", "operatingExpenses": "1492000000", "investmentIncomeNet": "None", "netInterestIncome": "None", "interestIncome": "None", "interestExpense": "142000000", "nonInterestIncome": "None", "otherNonOperatingIncome": "9000000", "depreciation": "None", "depreciationAndAmortization": "380000000", "incomeBeforeTax": "1180000000", "incomeTaxExpense": "405000000", "interestAndDebtExpense": "None", "netIncomeFromContinuingOperations": "775000000", "comprehensiveIncomeNetOfTax": "None", "ebit": "1322000000", "ebitda": "1702000000", "netIncome": "775000000"}, {"fiscalDateEnding": "2010-09-30", "reportedCurrency": "USD", "grossProfit": "3627000000", "totalRevenue": "4408000000", "costOfRevenue": "781000000", "costofGoodsAndServicesSold": "781000000", "operatingIncome": "1401000000", "sellingGeneralAndAdministrative": "1092000000", "researchAndDevelopment": "0", "operatingExpenses": "1642000000", "investmentIncomeNet": "None", "netInterestIncome": "None", "interestIncome": "None", "interestExpense": "153000000", "nonInterestIncome": "None", "otherNonOperatingIncome": "25000000", "depreciation": "None", "depreciationAndAmortization": "372000000", "incomeBeforeTax": "1273000000", "incomeTaxExpense": "495000000", "interestAndDebtExpense": "None", "netIncomeFromContinuingOperations": "778000000", "comprehensiveIncomeNetOfTax": "None", "ebit": "1426000000", "ebitda": "1798000000", "netIncome": "778000000"}, {"fiscalDateEnding": "2010-06-30", "reportedCurrency": "USD", "grossProfit": "3384000000", "totalRevenue": "4182000000", "costOfRevenue": "798000000", "costofGoodsAndServicesSold": "798000000", "operatingIncome": "1279000000", "sellingGeneralAndAdministrative": "1051000000", "researchAndDevelopment": "0", "operatingExpenses": "1541000000", "investmentIncomeNet": "None", "netInterestIncome": "None", "interestIncome": "None", "interestExpense": "152000000", "nonInterestIncome": "None", "otherNonOperatingIncome": "19000000", "depreciation": "None", "depreciationAndAmortization": "368000000", "incomeBeforeTax": "1146000000", "incomeTaxExpense": "435000000", "interestAndDebtExpense": "None", "netIncomeFromContinuingOperations": "711000000", "comprehensiveIncomeNetOfTax": "None", "ebit": "1298000000", "ebitda": "1666000000", "netIncome": "711000000"}, {"fiscalDateEnding": "2010-03-31", "reportedCurrency": "USD", "grossProfit": "3240000000", "totalRevenue": "3965000000", "costOfRevenue": "725000000", "costofGoodsAndServicesSold": "725000000", "operatingIncome": "988000000", "sellingGeneralAndAdministrative": "1059000000", "researchAndDevelopment": "0", "operatingExpenses": "1672000000", "investmentIncomeNet": "None", "netInterestIncome": "None", "interestIncome": "None", "interestExpense": "155000000", "nonInterestIncome": "None", "otherNonOperatingIncome": "1000000", "depreciation": "None", "depreciationAndAmortization": "367000000", "incomeBeforeTax": "834000000", "incomeTaxExpense": "318000000", "interestAndDebtExpense": "None", "netIncomeFromContinuingOperations": "516000000", "comprehensiveIncomeNetOfTax": "None", "ebit": "989000000", "ebitda": "1356000000", "netIncome": "516000000"}, {"fiscalDateEnding": "2009-12-31", "reportedCurrency": "USD", "grossProfit": "2526000000", "totalRevenue": "3754000000", "costOfRevenue": "1228000000", "costofGoodsAndServicesSold": "1228000000", "operatingIncome": "1002000000", "sellingGeneralAndAdministrative": "1018000000", "researchAndDevelopment": "0", "operatingExpenses": "1395000000", "investmentIncomeNet": "None", "netInterestIncome": "None", "interestIncome": "None", "interestExpense": "153000000", "nonInterestIncome": "None", "otherNonOperatingIncome": "None", "depreciation": "None", "depreciationAndAmortization": "377000000", "incomeBeforeTax": "872000000", "incomeTaxExpense": "321000000", "interestAndDebtExpense": "None", "netIncomeFromContinuingOperations": "0", "comprehensiveIncomeNetOfTax": "None", "ebit": "1025000000", "ebitda": "1402000000", "netIncome": "551000000"}, {"fiscalDateEnding": "2009-09-30", "reportedCurrency": "USD", "grossProfit": "2512000000", "totalRevenue": "3671000000", "costOfRevenue": "1159000000", "costofGoodsAndServicesSold": "1159000000", "operatingIncome": "967000000", "sellingGeneralAndAdministrative": "999000000", "researchAndDevelopment": "0", "operatingExpenses": "1366000000", "investmentIncomeNet": "None", "netInterestIncome": "None", "interestIncome": "None", "interestExpense": "156000000", "nonInterestIncome": "None", "otherNonOperatingIncome": "14000000", "depreciation": "None", "depreciationAndAmortization": "367000000", "incomeBeforeTax": "825000000", "incomeTaxExpense": "308000000", "interestAndDebtExpense": "None", "netIncomeFromContinuingOperations": "517000000", "comprehensiveIncomeNetOfTax": "None", "ebit": "971000000", "ebitda": "1338000000", "netIncome": "514000000"}, {"fiscalDateEnding": "2009-06-30", "reportedCurrency": "USD", "grossProfit": "2849000000", "totalRevenue": "3303000000", "costOfRevenue": "454000000", "costofGoodsAndServicesSold": "454000000", "operatingIncome": "751000000", "sellingGeneralAndAdministrative": "976000000", "researchAndDevelopment": "0", "operatingExpenses": "1484000000", "investmentIncomeNet": "None", "netInterestIncome": "None", "interestIncome": "None", "interestExpense": "150000000", "nonInterestIncome": "None", "otherNonOperatingIncome": "135000000", "depreciation": "None", "depreciationAndAmortization": "355000000", "incomeBeforeTax": "736000000", "incomeTaxExpense": "268000000", "interestAndDebtExpense": "None", "netIncomeFromContinuingOperations": "468000000", "comprehensiveIncomeNetOfTax": "None", "ebit": "878000000", "ebitda": "1233000000", "netIncome": "465000000"}, {"fiscalDateEnding": "2009-03-31", "reportedCurrency": "USD", "grossProfit": "2947000000", "totalRevenue": "3415000000", "costOfRevenue": "468000000", "costofGoodsAndServicesSold": "468000000", "operatingIncome": "672000000", "sellingGeneralAndAdministrative": "1296000000", "researchAndDevelopment": "0", "operatingExpenses": "1641000000", "investmentIncomeNet": "None", "netInterestIncome": "None", "interestIncome": "None", "interestExpense": "141000000", "nonInterestIncome": "None", "otherNonOperatingIncome": "None", "depreciation": "None", "depreciationAndAmortization": "345000000", "incomeBeforeTax": "554000000", "incomeTaxExpense": "192000000", "interestAndDebtExpense": "None", "netIncomeFromContinuingOperations": "0", "comprehensiveIncomeNetOfTax": "None", "ebit": "690000000", "ebitda": "1035000000", "netIncome": "362000000"}, {"fiscalDateEnding": "2008-12-31", "reportedCurrency": "USD", "grossProfit": "2776000000", "totalRevenue": "4286000000", "costOfRevenue": "1510000000", "costofGoodsAndServicesSold": "1510000000", "operatingIncome": "1141000000", "sellingGeneralAndAdministrative": "1101000000", "researchAndDevelopment": "0", "operatingExpenses": "1454000000", "investmentIncomeNet": "None", "netInterestIncome": "None", "interestIncome": "None", "interestExpense": "127000000", "nonInterestIncome": "None", "otherNonOperatingIncome": "None", "depreciation": "None", "depreciationAndAmortization": "353000000", "incomeBeforeTax": "1039000000", "incomeTaxExpense": "378000000", "interestAndDebtExpense": "None", "netIncomeFromContinuingOperations": "0", "comprehensiveIncomeNetOfTax": "None", "ebit": "1166000000", "ebitda": "1519000000", "netIncome": "661000000"}, {"fiscalDateEnding": "2008-09-30", "reportedCurrency": "USD", "grossProfit": "2904000000", "totalRevenue": "4846000000", "costOfRevenue": "1942000000", "costofGoodsAndServicesSold": "1942000000", "operatingIncome": "1215000000", "sellingGeneralAndAdministrative": "1123000000", "researchAndDevelopment": "0", "operatingExpenses": "1471000000", "investmentIncomeNet": "None", "netInterestIncome": "None", "interestIncome": "None", "interestExpense": "130000000", "nonInterestIncome": "None", "otherNonOperatingIncome": "None", "depreciation": "None", "depreciationAndAmortization": "348000000", "incomeBeforeTax": "1108000000", "incomeTaxExpense": "405000000", "interestAndDebtExpense": "None", "netIncomeFromContinuingOperations": "0", "comprehensiveIncomeNetOfTax": "None", "ebit": "1238000000", "ebitda": "1586000000", "netIncome": "703000000"}, {"fiscalDateEnding": "2008-06-30", "reportedCurrency": "USD", "grossProfit": "2577000000", "totalRevenue": "4568000000", "costOfRevenue": "1991000000", "costofGoodsAndServicesSold": "1991000000", "operatingIncome": "931000000", "sellingGeneralAndAdministrative": "1101000000", "researchAndDevelopment": "0", "operatingExpenses": "1447000000", "investmentIncomeNet": "None", "netInterestIncome": "None", "interestIncome": "None", "interestExpense": "128000000", "nonInterestIncome": "None", "otherNonOperatingIncome": "None", "depreciation": "None", "depreciationAndAmortization": "346000000", "incomeBeforeTax": "822000000", "incomeTaxExpense": "291000000", "interestAndDebtExpense": "None", "netIncomeFromContinuingOperations": "0", "comprehensiveIncomeNetOfTax": "None", "ebit": "950000000", "ebitda": "1296000000", "netIncome": "531000000"}, {"fiscalDateEnding": "2008-03-31", "reportedCurrency": "USD", "grossProfit": "1918000000", "totalRevenue": "4270000000", "costOfRevenue": "2352000000", "costofGoodsAndServicesSold": "2352000000", "operatingIncome": "788000000", "sellingGeneralAndAdministrative": "1474000000", "researchAndDevelopment": "0", "operatingExpenses": "3824000000", "investmentIncomeNet": "None", "netInterestIncome": "None", "interestIncome": "None", "interestExpense": "101000000", "nonInterestIncome": "None", "otherNonOperatingIncome": "None", "depreciation": "None", "depreciationAndAmortization": "340000000", "incomeBeforeTax": "687000000", "incomeTaxExpense": "244000000", "interestAndDebtExpense": "None", "netIncomeFromContinuingOperations": "0", "comprehensiveIncomeNetOfTax": "None", "ebit": "813000000", "ebitda": "1153000000", "netIncome": "443000000"}, {"fiscalDateEnding": "2007-12-31", "reportedCurrency": "USD", "grossProfit": "3737000000", "totalRevenue": "4197000000", "costOfRevenue": "460000000", "costofGoodsAndServicesSold": "460000000", "operatingIncome": "864000000", "sellingGeneralAndAdministrative": "391000000", "researchAndDevelopment": "0", "operatingExpenses": "-4966000000", "investmentIncomeNet": "None", "netInterestIncome": "None", "interestIncome": "None", "interestExpense": "85000000", "nonInterestIncome": "None", "otherNonOperatingIncome": "None", "depreciation": "None", "depreciationAndAmortization": "337000000", "incomeBeforeTax": "779000000", "incomeTaxExpense": "288000000", "interestAndDebtExpense": "None", "netIncomeFromContinuingOperations": "0", "comprehensiveIncomeNetOfTax": "None", "ebit": "8498000000", "ebitda": "8835000000", "netIncome": "491000000"}, {"fiscalDateEnding": "2007-09-30", "reportedCurrency": "USD", "grossProfit": "2093000000", "totalRevenue": "4191000000", "costOfRevenue": "2098000000", "costofGoodsAndServicesSold": "2098000000", "operatingIncome": "1005000000", "sellingGeneralAndAdministrative": "1582000000", "researchAndDevelopment": "0", "operatingExpenses": "3599000000", "investmentIncomeNet": "None", "netInterestIncome": "None", "interestIncome": "None", "interestExpense": "99000000", "nonInterestIncome": "None", "otherNonOperatingIncome": "None", "depreciation": "None", "depreciationAndAmortization": "332000000", "incomeBeforeTax": "906000000", "incomeTaxExpense": "374000000", "interestAndDebtExpense": "None", "netIncomeFromContinuingOperations": "0", "comprehensiveIncomeNetOfTax": "None", "ebit": "1030000000", "ebitda": "1362000000", "netIncome": "532000000"}, {"fiscalDateEnding": "2007-06-30", "reportedCurrency": "USD", "grossProfit": "1907000000", "totalRevenue": "4046000000", "costOfRevenue": "2139000000", "costofGoodsAndServicesSold": "2139000000", "operatingIncome": "787000000", "sellingGeneralAndAdministrative": "1729000000", "researchAndDevelopment": "0", "operatingExpenses": "3727000000", "investmentIncomeNet": "None", "netInterestIncome": "None", "interestIncome": "None", "interestExpense": "84000000", "nonInterestIncome": "None", "otherNonOperatingIncome": "None", "depreciation": "None", "depreciationAndAmortization": "327000000", "incomeBeforeTax": "703000000", "incomeTaxExpense": "257000000", "interestAndDebtExpense": "None", "netIncomeFromContinuingOperations": "0", "comprehensiveIncomeNetOfTax": "None", "ebit": "823000000", "ebitda": "1150000000", "netIncome": "446000000"}, {"fiscalDateEnding": "2007-03-31", "reportedCurrency": "USD", "grossProfit": "1871000000", "totalRevenue": "3849000000", "costOfRevenue": "1978000000", "costofGoodsAndServicesSold": "1978000000", "operatingIncome": "719000000", "sellingGeneralAndAdministrative": "1671000000", "researchAndDevelopment": "0", "operatingExpenses": "3552000000", "investmentIncomeNet": "None", "netInterestIncome": "None", "interestIncome": "None", "interestExpense": "98000000", "nonInterestIncome": "None", "otherNonOperatingIncome": "None", "depreciation": "None", "depreciationAndAmortization": "325000000", "incomeBeforeTax": "621000000", "incomeTaxExpense": "235000000", "interestAndDebtExpense": "None", "netIncomeFromContinuingOperations": "0", "comprehensiveIncomeNetOfTax": "None", "ebit": "719000000", "ebitda": "1044000000", "netIncome": "386000000"}, {"fiscalDateEnding": "2006-12-31", "reportedCurrency": "USD", "grossProfit": "3813000000", "totalRevenue": "3962000000", "costOfRevenue": "149000000", "costofGoodsAndServicesSold": "149000000", "operatingIncome": "810000000", "sellingGeneralAndAdministrative": "546000000", "researchAndDevelopment": "0", "operatingExpenses": "-5118000000", "investmentIncomeNet": "None", "netInterestIncome": "None", "interestIncome": "None", "interestExpense": "61000000", "nonInterestIncome": "None", "otherNonOperatingIncome": "None", "depreciation": "None", "depreciationAndAmortization": "315000000", "incomeBeforeTax": "749000000", "incomeTaxExpense": "264000000", "interestAndDebtExpense": "None", "netIncomeFromContinuingOperations": "0", "comprehensiveIncomeNetOfTax": "None", "ebit": "8639000000", "ebitda": "8954000000", "netIncome": "485000000"}, {"fiscalDateEnding": "2006-09-30", "reportedCurrency": "USD", "grossProfit": "1853000000", "totalRevenue": "3983000000", "costOfRevenue": "2130000000", "costofGoodsAndServicesSold": "2130000000", "operatingIncome": "752000000", "sellingGeneralAndAdministrative": "1698000000", "researchAndDevelopment": "0", "operatingExpenses": "3685000000", "investmentIncomeNet": "None", "netInterestIncome": "None", "interestIncome": "None", "interestExpense": "97000000", "nonInterestIncome": "None", "otherNonOperatingIncome": "None", "depreciation": "None", "depreciationAndAmortization": "311000000", "incomeBeforeTax": "655000000", "incomeTaxExpense": "235000000", "interestAndDebtExpense": "None", "netIncomeFromContinuingOperations": "0", "comprehensiveIncomeNetOfTax": "None", "ebit": "752000000", "ebitda": "1063000000", "netIncome": "420000000"}, {"fiscalDateEnding": "2006-06-30", "reportedCurrency": "USD", "grossProfit": "1794000000", "totalRevenue": "3923000000", "costOfRevenue": "2129000000", "costofGoodsAndServicesSold": "2129000000", "operatingIncome": "717000000", "sellingGeneralAndAdministrative": "1731000000", "researchAndDevelopment": "0", "operatingExpenses": "3687000000", "investmentIncomeNet": "None", "netInterestIncome": "None", "interestIncome": "None", "interestExpense": "91000000", "nonInterestIncome": "None", "otherNonOperatingIncome": "None", "depreciation": "None", "depreciationAndAmortization": "308000000", "incomeBeforeTax": "626000000", "incomeTaxExpense": "236000000", "interestAndDebtExpense": "None", "netIncomeFromContinuingOperations": "0", "comprehensiveIncomeNetOfTax": "None", "ebit": "717000000", "ebitda": "1025000000", "netIncome": "390000000"}, {"fiscalDateEnding": "2006-03-31", "reportedCurrency": "USD", "grossProfit": "1670000000", "totalRevenue": "3710000000", "costOfRevenue": "2040000000", "costofGoodsAndServicesSold": "2040000000", "operatingIncome": "605000000", "sellingGeneralAndAdministrative": "1716000000", "researchAndDevelopment": "0", "operatingExpenses": "3582000000", "investmentIncomeNet": "None", "netInterestIncome": "None", "interestIncome": "None", "interestExpense": "110000000", "nonInterestIncome": "None", "otherNonOperatingIncome": "None", "depreciation": "None", "depreciationAndAmortization": "303000000", "incomeBeforeTax": "495000000", "incomeTaxExpense": "184000000", "interestAndDebtExpense": "None", "netIncomeFromContinuingOperations": "0", "comprehensiveIncomeNetOfTax": "None", "ebit": "605000000", "ebitda": "908000000", "netIncome": "311000000"}, {"fiscalDateEnding": "2005-12-31", "reportedCurrency": "USD", "grossProfit": "3401000000", "totalRevenue": "3621000000", "costOfRevenue": "220000000", "costofGoodsAndServicesSold": "220000000", "operatingIncome": "533000000", "sellingGeneralAndAdministrative": "557000000", "researchAndDevelopment": "0", "operatingExpenses": "-4502000000", "investmentIncomeNet": "None", "netInterestIncome": "None", "interestIncome": "None", "interestExpense": "66000000", "nonInterestIncome": "None", "otherNonOperatingIncome": "None", "depreciation": "None", "depreciationAndAmortization": "300000000", "incomeBeforeTax": "467000000", "incomeTaxExpense": "171000000", "interestAndDebtExpense": "None", "netIncomeFromContinuingOperations": "0", "comprehensiveIncomeNetOfTax": "None", "ebit": "7637000000", "ebitda": "7937000000", "netIncome": "296000000"}, {"fiscalDateEnding": "2005-09-30", "reportedCurrency": "USD", "grossProfit": "1512000000", "totalRevenue": "3461000000", "costOfRevenue": "1949000000", "costofGoodsAndServicesSold": "1949000000", "operatingIncome": "481000000", "sellingGeneralAndAdministrative": "1667000000", "researchAndDevelopment": "0", "operatingExpenses": "3445000000", "investmentIncomeNet": "None", "netInterestIncome": "None", "interestIncome": "None", "interestExpense": "82000000", "nonInterestIncome": "None", "otherNonOperatingIncome": "None", "depreciation": "None", "depreciationAndAmortization": "294000000", "incomeBeforeTax": "399000000", "incomeTaxExpense": "30000000", "interestAndDebtExpense": "None", "netIncomeFromContinuingOperations": "0", "comprehensiveIncomeNetOfTax": "None", "ebit": "-1933000000", "ebitda": "-1639000000", "netIncome": "369000000"}, {"fiscalDateEnding": "2005-06-30", "reportedCurrency": "USD", "grossProfit": "1495000000", "totalRevenue": "3344000000", "costOfRevenue": "1849000000", "costofGoodsAndServicesSold": "1849000000", "operatingIncome": "468000000", "sellingGeneralAndAdministrative": "1623000000", "researchAndDevelopment": "0", "operatingExpenses": "3320000000", "investmentIncomeNet": "None", "netInterestIncome": "None", "interestIncome": "None", "interestExpense": "2194000000", "nonInterestIncome": "None", "otherNonOperatingIncome": "None", "depreciation": "None", "depreciationAndAmortization": "292000000", "incomeBeforeTax": "369000000", "incomeTaxExpense": "136000000", "interestAndDebtExpense": "None", "netIncomeFromContinuingOperations": "0", "comprehensiveIncomeNetOfTax": "None", "ebit": "468000000", "ebitda": "760000000", "netIncome": "233000000"}, {"fiscalDateEnding": "2005-03-31", "reportedCurrency": "USD", "grossProfit": "1348000000", "totalRevenue": "3152000000", "costOfRevenue": "1804000000", "costofGoodsAndServicesSold": "1804000000", "operatingIncome": "313000000", "sellingGeneralAndAdministrative": "1642000000", "researchAndDevelopment": "0", "operatingExpenses": "3287000000", "investmentIncomeNet": "None", "netInterestIncome": "None", "interestIncome": "None", "interestExpense": "2140000000", "nonInterestIncome": "None", "otherNonOperatingIncome": "None", "depreciation": "None", "depreciationAndAmortization": "289000000", "incomeBeforeTax": "201000000", "incomeTaxExpense": "73000000", "interestAndDebtExpense": "None", "netIncomeFromContinuingOperations": "0", "comprehensiveIncomeNetOfTax": "None", "ebit": "-1939000000", "ebitda": "-1650000000", "netIncome": "128000000"}, {"fiscalDateEnding": "2004-12-31", "reportedCurrency": "USD", "grossProfit": "3274000000", "totalRevenue": "3217000000", "costOfRevenue": "-57000000", "costofGoodsAndServicesSold": "-57000000", "operatingIncome": "204000000", "sellingGeneralAndAdministrative": "664000000", "researchAndDevelopment": "0", "operatingExpenses": "-4008000000", "investmentIncomeNet": "None", "netInterestIncome": "None", "interestIncome": "None", "interestExpense": "7186000000", "nonInterestIncome": "None", "otherNonOperatingIncome": "None", "depreciation": "None", "depreciationAndAmortization": "282000000", "incomeBeforeTax": "96000000", "incomeTaxExpense": "17000000", "interestAndDebtExpense": "None", "netIncomeFromContinuingOperations": "0", "comprehensiveIncomeNetOfTax": "None", "ebit": "6676000000", "ebitda": "6958000000", "netIncome": "79000000"}]}