{"symbol": "AVB", "annualReports": [{"fiscalDateEnding": "2024-12-31", "reportedCurrency": "USD", "grossProfit": "2913757000", "totalRevenue": "2913757000", "costOfRevenue": "1073457000", "costofGoodsAndServicesSold": "1073457000", "operatingIncome": "2167911000", "sellingGeneralAndAdministrative": "77697000", "researchAndDevelopment": "None", "operatingExpenses": "745846000", "investmentIncomeNet": "None", "netInterestIncome": "-226589000", "interestIncome": "None", "interestExpense": "226589000", "nonInterestIncome": "None", "otherNonOperatingIncome": "None", "depreciation": "None", "depreciationAndAmortization": "846853000", "incomeBeforeTax": "1082620000", "incomeTaxExpense": "-445000", "interestAndDebtExpense": "None", "netIncomeFromContinuingOperations": "1082175000", "comprehensiveIncomeNetOfTax": "None", "ebit": "1309209000", "ebitda": "2156062000", "netIncome": "1081994000"}, {"fiscalDateEnding": "2023-12-31", "reportedCurrency": "USD", "grossProfit": "1793231000", "totalRevenue": "2781363000", "costOfRevenue": "988132000", "costofGoodsAndServicesSold": "988132000", "operatingIncome": "1716697000", "sellingGeneralAndAdministrative": "76534000", "researchAndDevelopment": "0.33", "operatingExpenses": "76534000", "investmentIncomeNet": "None", "netInterestIncome": "-213982000", "interestIncome": "None", "interestExpense": "205992000", "nonInterestIncome": "None", "otherNonOperatingIncome": "None", "depreciation": "None", "depreciationAndAmortization": "816965000", "incomeBeforeTax": "938591000", "incomeTaxExpense": "10153000", "interestAndDebtExpense": "None", "netIncomeFromContinuingOperations": "927536000", "comprehensiveIncomeNetOfTax": "None", "ebit": "1144583000", "ebitda": "1961548000", "netIncome": "928825000"}, {"fiscalDateEnding": "2022-12-31", "reportedCurrency": "USD", "grossProfit": "1674332000", "totalRevenue": "2593446000", "costOfRevenue": "919114000", "costofGoodsAndServicesSold": "919114000", "operatingIncome": "822119000", "sellingGeneralAndAdministrative": "74064000", "researchAndDevelopment": "16565000", "operatingExpenses": "905607000", "investmentIncomeNet": "None", "netInterestIncome": "-230074000", "interestIncome": "53394000", "interestExpense": "230074000", "nonInterestIncome": "None", "otherNonOperatingIncome": "595780000", "depreciation": "None", "depreciationAndAmortization": "1857303000", "incomeBeforeTax": "1151084000", "incomeTaxExpense": "14646000", "interestAndDebtExpense": "None", "netIncomeFromContinuingOperations": "1136438000", "comprehensiveIncomeNetOfTax": "None", "ebit": "-220206000", "ebitda": "1637097000", "netIncome": "1136775000"}, {"fiscalDateEnding": "2021-12-31", "reportedCurrency": "USD", "grossProfit": "1440908000", "totalRevenue": "2294850000", "costOfRevenue": "853942000", "costofGoodsAndServicesSold": "853942000", "operatingIncome": "651286000", "sellingGeneralAndAdministrative": "69611000", "researchAndDevelopment": "3231000", "operatingExpenses": "828207000", "investmentIncomeNet": "None", "netInterestIncome": "-220415000", "interestIncome": "38585000", "interestExpense": "220415000", "nonInterestIncome": "None", "otherNonOperatingIncome": "621899000", "depreciation": "None", "depreciationAndAmortization": "1736878000", "incomeBeforeTax": "1010089000", "incomeTaxExpense": "5733000", "interestAndDebtExpense": "None", "netIncomeFromContinuingOperations": "1004356000", "comprehensiveIncomeNetOfTax": "None", "ebit": "-326996000", "ebitda": "1409882000", "netIncome": "1004299000"}, {"fiscalDateEnding": "2020-12-31", "reportedCurrency": "USD", "grossProfit": "1478159000", "totalRevenue": "2301261000", "costOfRevenue": "823102000", "costofGoodsAndServicesSold": "823102000", "operatingIncome": "716907000", "sellingGeneralAndAdministrative": "60343000", "researchAndDevelopment": "12399000", "operatingExpenses": "767674000", "investmentIncomeNet": "None", "netInterestIncome": "-214151000", "interestIncome": "6422000", "interestExpense": "214151000", "nonInterestIncome": "None", "otherNonOperatingIncome": "325574000", "depreciation": "None", "depreciationAndAmortization": "1587882000", "incomeBeforeTax": "824459000", "incomeTaxExpense": "-3247000", "interestAndDebtExpense": "None", "netIncomeFromContinuingOperations": "827706000", "comprehensiveIncomeNetOfTax": "None", "ebit": "-163644000", "ebitda": "1424238000", "netIncome": "827630000"}, {"fiscalDateEnding": "2019-12-31", "reportedCurrency": "USD", "grossProfit": "1556520000", "totalRevenue": "2324626000", "costOfRevenue": "768106000", "costofGoodsAndServicesSold": "768106000", "operatingIncome": "845552000", "sellingGeneralAndAdministrative": "58042000", "researchAndDevelopment": "0.34", "operatingExpenses": "719620000", "investmentIncomeNet": "None", "netInterestIncome": "-203585000", "interestIncome": "8652000", "interestExpense": "203585000", "nonInterestIncome": "None", "otherNonOperatingIncome": "175196000", "depreciation": "None", "depreciationAndAmortization": "1491538000", "incomeBeforeTax": "799106000", "incomeTaxExpense": "13003000", "interestAndDebtExpense": "None", "netIncomeFromContinuingOperations": "812109000", "comprehensiveIncomeNetOfTax": "None", "ebit": "15592000", "ebitda": "1507130000", "netIncome": "785974000"}, {"fiscalDateEnding": "2018-12-31", "reportedCurrency": "USD", "grossProfit": "1521684000", "totalRevenue": "2284535000", "costOfRevenue": "762851000", "costofGoodsAndServicesSold": "762851000", "operatingIncome": "826414000", "sellingGeneralAndAdministrative": "56205000", "researchAndDevelopment": "0.43", "operatingExpenses": "687401000", "investmentIncomeNet": "None", "netInterestIncome": "-220974000", "interestIncome": "15270000", "interestExpense": "220974000", "nonInterestIncome": "None", "otherNonOperatingIncome": "390591000", "depreciation": "None", "depreciationAndAmortization": "1458121000", "incomeBeforeTax": "974175000", "incomeTaxExpense": "-160000", "interestAndDebtExpense": "None", "netIncomeFromContinuingOperations": "974175000", "comprehensiveIncomeNetOfTax": "None", "ebit": "4183000", "ebitda": "1462304000", "netIncome": "974525000"}, {"fiscalDateEnding": "2017-12-31", "reportedCurrency": "USD", "grossProfit": "1439243000", "totalRevenue": "2158628000", "costOfRevenue": "719385000", "costofGoodsAndServicesSold": "719385000", "operatingIncome": "798484000", "sellingGeneralAndAdministrative": "50814000", "researchAndDevelopment": "0.41", "operatingExpenses": "634964000", "investmentIncomeNet": "None", "netInterestIncome": "-199661000", "interestIncome": "70744000", "interestExpense": "199661000", "nonInterestIncome": "None", "otherNonOperatingIncome": "70744000", "depreciation": "None", "depreciationAndAmortization": "1359391000", "incomeBeforeTax": "876660000", "incomeTaxExpense": "141000", "interestAndDebtExpense": "None", "netIncomeFromContinuingOperations": "876660000", "comprehensiveIncomeNetOfTax": "None", "ebit": "53511000", "ebitda": "1412902000", "netIncome": "876921000"}, {"fiscalDateEnding": "2016-12-31", "reportedCurrency": "USD", "grossProfit": "1366803000", "totalRevenue": "2045255000", "costOfRevenue": "678452000", "costofGoodsAndServicesSold": "678452000", "operatingIncome": "784776000", "sellingGeneralAndAdministrative": "45771000", "researchAndDevelopment": "0.51", "operatingExpenses": "577205000", "investmentIncomeNet": "None", "netInterestIncome": "-187510000", "interestIncome": "64962000", "interestExpense": "187510000", "nonInterestIncome": "None", "otherNonOperatingIncome": "64962000", "depreciation": "None", "depreciationAndAmortization": "1260479000", "incomeBeforeTax": "1034013000", "incomeTaxExpense": "305000", "interestAndDebtExpense": "None", "netIncomeFromContinuingOperations": "1033708000", "comprehensiveIncomeNetOfTax": "None", "ebit": "61937000", "ebitda": "1322416000", "netIncome": "1034002000"}, {"fiscalDateEnding": "2015-12-31", "reportedCurrency": "USD", "grossProfit": "1218152000", "totalRevenue": "1856028000", "costOfRevenue": "637876000", "costofGoodsAndServicesSold": "637876000", "operatingIncome": "693463000", "sellingGeneralAndAdministrative": "42396000", "researchAndDevelopment": "0", "operatingExpenses": "520319000", "investmentIncomeNet": "None", "netInterestIncome": "None", "interestIncome": "70018000", "interestExpense": "175615000", "nonInterestIncome": "None", "otherNonOperatingIncome": "195290000", "depreciation": "None", "depreciationAndAmortization": "477923000", "incomeBeforeTax": "743594000", "incomeTaxExpense": "1861000", "interestAndDebtExpense": "None", "netIncomeFromContinuingOperations": "741733000", "comprehensiveIncomeNetOfTax": "None", "ebit": "732506000", "ebitda": "1210429000", "netIncome": "742038000"}, {"fiscalDateEnding": "2014-12-31", "reportedCurrency": "USD", "grossProfit": "1100240000", "totalRevenue": "1685061000", "costOfRevenue": "584821000", "costofGoodsAndServicesSold": "584821000", "operatingIncome": "611648000", "sellingGeneralAndAdministrative": "41425000", "researchAndDevelopment": "0", "operatingExpenses": "484107000", "investmentIncomeNet": "None", "netInterestIncome": "None", "interestIncome": "None", "interestExpense": "180618000", "nonInterestIncome": "None", "otherNonOperatingIncome": "234181000", "depreciation": "None", "depreciationAndAmortization": "442682000", "incomeBeforeTax": "668516000", "incomeTaxExpense": "9368000", "interestAndDebtExpense": "None", "netIncomeFromContinuingOperations": "659148000", "comprehensiveIncomeNetOfTax": "None", "ebit": "691176000", "ebitda": "1133858000", "netIncome": "683567000"}, {"fiscalDateEnding": "2013-12-31", "reportedCurrency": "USD", "grossProfit": "955892000", "totalRevenue": "1462921000", "costOfRevenue": "507029000", "costofGoodsAndServicesSold": "507029000", "operatingIncome": "352114000", "sellingGeneralAndAdministrative": "39573000", "researchAndDevelopment": "0", "operatingExpenses": "599788000", "investmentIncomeNet": "None", "netInterestIncome": "None", "interestIncome": "None", "interestExpense": "172402000", "nonInterestIncome": "None", "otherNonOperatingIncome": "-10914000", "depreciation": "None", "depreciationAndAmortization": "560215000", "incomeBeforeTax": "57827000", "incomeTaxExpense": "-138056000", "interestAndDebtExpense": "None", "netIncomeFromContinuingOperations": "57827000", "comprehensiveIncomeNetOfTax": "None", "ebit": "326308000", "ebitda": "886523000", "netIncome": "353141000"}, {"fiscalDateEnding": "2012-12-31", "reportedCurrency": "USD", "grossProfit": "676464000", "totalRevenue": "1038660000", "costOfRevenue": "362196000", "costofGoodsAndServicesSold": "362196000", "operatingIncome": "368916000", "sellingGeneralAndAdministrative": "34101000", "researchAndDevelopment": "0", "operatingExpenses": "290127000", "investmentIncomeNet": "None", "netInterestIncome": "None", "interestIncome": "None", "interestExpense": "136920000", "nonInterestIncome": "None", "otherNonOperatingIncome": "35388000", "depreciation": "None", "depreciationAndAmortization": "256026000", "incomeBeforeTax": "264756000", "incomeTaxExpense": "-7350000", "interestAndDebtExpense": "None", "netIncomeFromContinuingOperations": "264756000", "comprehensiveIncomeNetOfTax": "None", "ebit": "316060000", "ebitda": "572086000", "netIncome": "423869000"}, {"fiscalDateEnding": "2011-12-31", "reportedCurrency": "USD", "grossProfit": "615403000", "totalRevenue": "968711000", "costOfRevenue": "353308000", "costofGoodsAndServicesSold": "353308000", "operatingIncome": "331273000", "sellingGeneralAndAdministrative": "29371000", "researchAndDevelopment": "2967000", "operatingExpenses": "284130000", "investmentIncomeNet": "None", "netInterestIncome": "None", "interestIncome": "None", "interestExpense": "168179000", "nonInterestIncome": "None", "otherNonOperatingIncome": "18836000", "depreciation": "None", "depreciationAndAmortization": "246666000", "incomeBeforeTax": "165938000", "incomeTaxExpense": "-105229000", "interestAndDebtExpense": "None", "netIncomeFromContinuingOperations": "165938000", "comprehensiveIncomeNetOfTax": "None", "ebit": "163748000", "ebitda": "410414000", "netIncome": "441622000"}, {"fiscalDateEnding": "2010-12-31", "reportedCurrency": "USD", "grossProfit": "531932000", "totalRevenue": "895266000", "costOfRevenue": "363334000", "costofGoodsAndServicesSold": "363334000", "operatingIncome": "272515000", "sellingGeneralAndAdministrative": "26846000", "researchAndDevelopment": "0", "operatingExpenses": "259417000", "investmentIncomeNet": "None", "netInterestIncome": "None", "interestIncome": "None", "interestExpense": "175209000", "nonInterestIncome": "None", "otherNonOperatingIncome": "-762000", "depreciation": "None", "depreciationAndAmortization": "232942000", "incomeBeforeTax": "98068000", "incomeTaxExpense": "97946000", "interestAndDebtExpense": "None", "netIncomeFromContinuingOperations": "98068000", "comprehensiveIncomeNetOfTax": "None", "ebit": "272515000", "ebitda": "505457000", "netIncome": "175331000"}, {"fiscalDateEnding": "2009-12-31", "reportedCurrency": "USD", "grossProfit": "515707000", "totalRevenue": "851582000", "costOfRevenue": "335875000", "costofGoodsAndServicesSold": "335875000", "operatingIncome": "241617000", "sellingGeneralAndAdministrative": "28748000", "researchAndDevelopment": "5842000", "operatingExpenses": "248180000", "investmentIncomeNet": "None", "netInterestIncome": "None", "interestIncome": "None", "interestExpense": "150323000", "nonInterestIncome": "None", "otherNonOperatingIncome": "6271000", "depreciation": "None", "depreciationAndAmortization": "209746000", "incomeBeforeTax": "200826000", "incomeTaxExpense": "113321000", "interestAndDebtExpense": "None", "netIncomeFromContinuingOperations": "76413000", "comprehensiveIncomeNetOfTax": "None", "ebit": "126371000", "ebitda": "336117000", "netIncome": "155647000"}, {"fiscalDateEnding": "2008-12-31", "reportedCurrency": "USD", "grossProfit": "613344000", "totalRevenue": "854208000", "costOfRevenue": "240864000", "costofGoodsAndServicesSold": "240864000", "operatingIncome": "281848000", "sellingGeneralAndAdministrative": "42781000", "researchAndDevelopment": "None", "operatingExpenses": "-20313000", "investmentIncomeNet": "None", "netInterestIncome": "None", "interestIncome": "None", "interestExpense": "114878000", "nonInterestIncome": "None", "otherNonOperatingIncome": "None", "depreciation": "None", "depreciationAndAmortization": "194150000", "incomeBeforeTax": "411487000", "incomeTaxExpense": "227477000", "interestAndDebtExpense": "None", "netIncomeFromContinuingOperations": "None", "comprehensiveIncomeNetOfTax": "None", "ebit": "180931000", "ebitda": "375081000", "netIncome": "411487000"}, {"fiscalDateEnding": "2007-12-31", "reportedCurrency": "USD", "grossProfit": "570039000", "totalRevenue": "812741000", "costOfRevenue": "242702000", "costofGoodsAndServicesSold": "242702000", "operatingIncome": "287084000", "sellingGeneralAndAdministrative": "28494000", "researchAndDevelopment": "None", "operatingExpenses": "282955000", "investmentIncomeNet": "None", "netInterestIncome": "None", "interestIncome": "None", "interestExpense": "97545000", "nonInterestIncome": "None", "otherNonOperatingIncome": "None", "depreciation": "None", "depreciationAndAmortization": "181725000", "incomeBeforeTax": "247668000", "incomeTaxExpense": "-13492000", "interestAndDebtExpense": "None", "netIncomeFromContinuingOperations": "None", "comprehensiveIncomeNetOfTax": "None", "ebit": "267595000", "ebitda": "449320000", "netIncome": "358160000"}, {"fiscalDateEnding": "2006-12-31", "reportedCurrency": "USD", "grossProfit": "737300000", "totalRevenue": "737300000", "costOfRevenue": "478668000", "costofGoodsAndServicesSold": "478668000", "operatingIncome": "270485000", "sellingGeneralAndAdministrative": "24767000", "researchAndDevelopment": "None", "operatingExpenses": "466815000", "investmentIncomeNet": "None", "netInterestIncome": "None", "interestIncome": "None", "interestExpense": "111046000", "nonInterestIncome": "None", "otherNonOperatingIncome": "None", "depreciation": "None", "depreciationAndAmortization": "172991000", "incomeBeforeTax": "278399000", "incomeTaxExpense": "-7914000", "interestAndDebtExpense": "None", "netIncomeFromContinuingOperations": "None", "comprehensiveIncomeNetOfTax": "None", "ebit": "243438000", "ebitda": "416429000", "netIncome": "278399000"}, {"fiscalDateEnding": "2005-12-31", "reportedCurrency": "USD", "grossProfit": "670680000", "totalRevenue": "670680000", "costOfRevenue": "441628000", "costofGoodsAndServicesSold": "441628000", "operatingIncome": "229052000", "sellingGeneralAndAdministrative": "25761000", "researchAndDevelopment": "None", "operatingExpenses": "441628000", "investmentIncomeNet": "None", "netInterestIncome": "None", "interestIncome": "None", "interestExpense": "127099000", "nonInterestIncome": "None", "otherNonOperatingIncome": "None", "depreciation": "None", "depreciationAndAmortization": "170401000", "incomeBeforeTax": "322378000", "incomeTaxExpense": "243994000", "interestAndDebtExpense": "None", "netIncomeFromContinuingOperations": "None", "comprehensiveIncomeNetOfTax": "None", "ebit": "229052000", "ebitda": "399453000", "netIncome": "322378000"}], "quarterlyReports": [{"fiscalDateEnding": "2024-12-31", "reportedCurrency": "USD", "grossProfit": "458900000", "totalRevenue": "740549000", "costOfRevenue": "281649000", "costofGoodsAndServicesSold": "281649000", "operatingIncome": "225670000", "sellingGeneralAndAdministrative": "17691000", "researchAndDevelopment": "None", "operatingExpenses": "233230000", "investmentIncomeNet": "None", "netInterestIncome": "-58976000", "interestIncome": "None", "interestExpense": "58976000", "nonInterestIncome": "None", "otherNonOperatingIncome": "None", "depreciation": "None", "depreciationAndAmortization": "215539000", "incomeBeforeTax": "281839000", "incomeTaxExpense": "-253000", "interestAndDebtExpense": "None", "netIncomeFromContinuingOperations": "282092000", "comprehensiveIncomeNetOfTax": "None", "ebit": "340815000", "ebitda": "556354000", "netIncome": "282092000"}, {"fiscalDateEnding": "2024-09-30", "reportedCurrency": "USD", "grossProfit": "733993000", "totalRevenue": "734307000", "costOfRevenue": "314000", "costofGoodsAndServicesSold": "314000", "operatingIncome": "541266000", "sellingGeneralAndAdministrative": "20089000", "researchAndDevelopment": "None", "operatingExpenses": "192727000", "investmentIncomeNet": "None", "netInterestIncome": "-55769000", "interestIncome": "None", "interestExpense": "55769000", "nonInterestIncome": "None", "otherNonOperatingIncome": "None", "depreciation": "None", "depreciationAndAmortization": "212122000", "incomeBeforeTax": "373301000", "incomeTaxExpense": "782000", "interestAndDebtExpense": "None", "netIncomeFromContinuingOperations": "372519000", "comprehensiveIncomeNetOfTax": "None", "ebit": "429070000", "ebitda": "641192000", "netIncome": "372519000"}, {"fiscalDateEnding": "2024-06-30", "reportedCurrency": "USD", "grossProfit": "246236000", "totalRevenue": "713810000", "costOfRevenue": "467574000", "costofGoodsAndServicesSold": "467574000", "operatingIncome": "238950000", "sellingGeneralAndAdministrative": "19586000", "researchAndDevelopment": "None", "operatingExpenses": "226509000", "investmentIncomeNet": "None", "netInterestIncome": "-57078000", "interestIncome": "None", "interestExpense": "57078000", "nonInterestIncome": "None", "otherNonOperatingIncome": "None", "depreciation": "None", "depreciationAndAmortization": "206923000", "incomeBeforeTax": "253945000", "incomeTaxExpense": "-62000", "interestAndDebtExpense": "None", "netIncomeFromContinuingOperations": "254007000", "comprehensiveIncomeNetOfTax": "None", "ebit": "238950000", "ebitda": "445873000", "netIncome": "253934000"}, {"fiscalDateEnding": "2024-03-31", "reportedCurrency": "USD", "grossProfit": "233412000", "totalRevenue": "701377000", "costOfRevenue": "467965000", "costofGoodsAndServicesSold": "467965000", "operatingIncome": "224563000", "sellingGeneralAndAdministrative": "20331000", "researchAndDevelopment": "None", "operatingExpenses": "8849000", "investmentIncomeNet": "None", "netInterestIncome": "-54766000", "interestIncome": "None", "interestExpense": "54766000", "nonInterestIncome": "None", "otherNonOperatingIncome": "None", "depreciation": "None", "depreciationAndAmortization": "212269000", "incomeBeforeTax": "173535000", "incomeTaxExpense": "-22000", "interestAndDebtExpense": "None", "netIncomeFromContinuingOperations": "173557000", "comprehensiveIncomeNetOfTax": "None", "ebit": "224563000", "ebitda": "436832000", "netIncome": "173449000"}, {"fiscalDateEnding": "2023-12-31", "reportedCurrency": "USD", "grossProfit": "243632000", "totalRevenue": "704705000", "costOfRevenue": "461073000", "costofGoodsAndServicesSold": "461073000", "operatingIncome": "215373000", "sellingGeneralAndAdministrative": "17992000", "researchAndDevelopment": "23212000", "operatingExpenses": "28259000", "investmentIncomeNet": "None", "netInterestIncome": "-49471000", "interestIncome": "None", "interestExpense": "49471000", "nonInterestIncome": "None", "otherNonOperatingIncome": "None", "depreciation": "None", "depreciationAndAmortization": "210694000", "incomeBeforeTax": "244504000", "incomeTaxExpense": "2438000", "interestAndDebtExpense": "None", "netIncomeFromContinuingOperations": "242066000", "comprehensiveIncomeNetOfTax": "None", "ebit": "215373000", "ebitda": "426067000", "netIncome": "241969000"}, {"fiscalDateEnding": "2023-09-30", "reportedCurrency": "USD", "grossProfit": "444045000", "totalRevenue": "697635000", "costOfRevenue": "253590000", "costofGoodsAndServicesSold": "253590000", "operatingIncome": "205805000", "sellingGeneralAndAdministrative": "20466000", "researchAndDevelopment": "18959000", "operatingExpenses": "240407000", "investmentIncomeNet": "None", "netInterestIncome": "-48115000", "interestIncome": "1930000", "interestExpense": "48115000", "nonInterestIncome": "None", "otherNonOperatingIncome": "None", "depreciation": "None", "depreciationAndAmortization": "200982000", "incomeBeforeTax": "176162000", "incomeTaxExpense": "4372000", "interestAndDebtExpense": "None", "netIncomeFromContinuingOperations": "171790000", "comprehensiveIncomeNetOfTax": "None", "ebit": "205805000", "ebitda": "406787000", "netIncome": "172031000"}, {"fiscalDateEnding": "2023-06-30", "reportedCurrency": "USD", "grossProfit": "446025000", "totalRevenue": "690860000", "costOfRevenue": "244835000", "costofGoodsAndServicesSold": "244835000", "operatingIncome": "231853000", "sellingGeneralAndAdministrative": "17676000", "researchAndDevelopment": "1261000", "operatingExpenses": "219483000", "investmentIncomeNet": "None", "netInterestIncome": "-51585000", "interestIncome": "4970000", "interestExpense": "51585000", "nonInterestIncome": "None", "otherNonOperatingIncome": "191372000", "depreciation": "None", "depreciationAndAmortization": "200546000", "incomeBeforeTax": "367590000", "incomeTaxExpense": "-217000", "interestAndDebtExpense": "None", "netIncomeFromContinuingOperations": "367807000", "comprehensiveIncomeNetOfTax": "None", "ebit": "231853000", "ebitda": "432399000", "netIncome": "367923000"}, {"fiscalDateEnding": "2023-03-31", "reportedCurrency": "USD", "grossProfit": "435381000", "totalRevenue": "674708000", "costOfRevenue": "239327000", "costofGoodsAndServicesSold": "239327000", "operatingIncome": "207246000", "sellingGeneralAndAdministrative": "20400000", "researchAndDevelopment": "2992000", "operatingExpenses": "228135000", "investmentIncomeNet": "None", "netInterestIncome": "-56821000", "interestIncome": "4845000", "interestExpense": "56821000", "nonInterestIncome": "None", "otherNonOperatingIncome": "1969000", "depreciation": "None", "depreciationAndAmortization": "204743000", "incomeBeforeTax": "150335000", "incomeTaxExpense": "3560000", "interestAndDebtExpense": "None", "netIncomeFromContinuingOperations": "146775000", "comprehensiveIncomeNetOfTax": "None", "ebit": "207246000", "ebitda": "411989000", "netIncome": "146902000"}, {"fiscalDateEnding": "2022-12-31", "reportedCurrency": "USD", "grossProfit": "440533000", "totalRevenue": "669673000", "costOfRevenue": "229140000", "costofGoodsAndServicesSold": "229140000", "operatingIncome": "212680000", "sellingGeneralAndAdministrative": "20741000", "researchAndDevelopment": "6700000", "operatingExpenses": "234673000", "investmentIncomeNet": "None", "netInterestIncome": "-57461000", "interestIncome": "6820000", "interestExpense": "57461000", "nonInterestIncome": "None", "otherNonOperatingIncome": "93129000", "depreciation": "None", "depreciationAndAmortization": "207232000", "incomeBeforeTax": "247847000", "incomeTaxExpense": "6683000", "interestAndDebtExpense": "None", "netIncomeFromContinuingOperations": "241164000", "comprehensiveIncomeNetOfTax": "None", "ebit": "212680000", "ebitda": "419912000", "netIncome": "241293000"}, {"fiscalDateEnding": "2022-09-30", "reportedCurrency": "USD", "grossProfit": "424617000", "totalRevenue": "665288000", "costOfRevenue": "240671000", "costofGoodsAndServicesSold": "240671000", "operatingIncome": "240611000", "sellingGeneralAndAdministrative": "14611000", "researchAndDevelopment": "None", "operatingExpenses": "221269000", "investmentIncomeNet": "None", "netInterestIncome": "-57290000", "interestIncome": "43777000", "interestExpense": "57290000", "nonInterestIncome": "None", "otherNonOperatingIncome": "353921000", "depreciation": "None", "depreciationAndAmortization": "206658000", "incomeBeforeTax": "500283000", "incomeTaxExpense": "5651000", "interestAndDebtExpense": "None", "netIncomeFromContinuingOperations": "494632000", "comprehensiveIncomeNetOfTax": "None", "ebit": "240611000", "ebitda": "447269000", "netIncome": "494747000"}, {"fiscalDateEnding": "2022-06-30", "reportedCurrency": "USD", "grossProfit": "417305000", "totalRevenue": "644559000", "costOfRevenue": "227254000", "costofGoodsAndServicesSold": "227254000", "operatingIncome": "196957000", "sellingGeneralAndAdministrative": "21291000", "researchAndDevelopment": "2364000", "operatingExpenses": "220593000", "investmentIncomeNet": "None", "netInterestIncome": "-58797000", "interestIncome": "2480000", "interestExpense": "58797000", "nonInterestIncome": "None", "otherNonOperatingIncome": "563000", "depreciation": "None", "depreciationAndAmortization": "199302000", "incomeBeforeTax": "138407000", "incomeTaxExpense": "-159000", "interestAndDebtExpense": "None", "netIncomeFromContinuingOperations": "138566000", "comprehensiveIncomeNetOfTax": "None", "ebit": "196957000", "ebitda": "396259000", "netIncome": "138444000"}, {"fiscalDateEnding": "2022-03-31", "reportedCurrency": "USD", "grossProfit": "391877000", "totalRevenue": "613927000", "costOfRevenue": "222050000", "costofGoodsAndServicesSold": "222050000", "operatingIncome": "172000000", "sellingGeneralAndAdministrative": "17421000", "researchAndDevelopment": "987000", "operatingExpenses": "219207000", "investmentIncomeNet": "None", "netInterestIncome": "-56526000", "interestIncome": "317000", "interestExpense": "56526000", "nonInterestIncome": "None", "otherNonOperatingIncome": "148167000", "depreciation": "None", "depreciationAndAmortization": "201786000", "incomeBeforeTax": "264547000", "incomeTaxExpense": "2471000", "interestAndDebtExpense": "None", "netIncomeFromContinuingOperations": "262076000", "comprehensiveIncomeNetOfTax": "None", "ebit": "172000000", "ebitda": "373786000", "netIncome": "262044000"}, {"fiscalDateEnding": "2021-12-31", "reportedCurrency": "USD", "grossProfit": "390150000", "totalRevenue": "601197000", "costOfRevenue": "211047000", "costofGoodsAndServicesSold": "211047000", "operatingIncome": "395219000", "sellingGeneralAndAdministrative": "16481000", "researchAndDevelopment": "None", "operatingExpenses": "213517000", "investmentIncomeNet": "None", "netInterestIncome": "-55711000", "interestIncome": "5626000", "interestExpense": "55711000", "nonInterestIncome": "None", "otherNonOperatingIncome": "218252000", "depreciation": "None", "depreciationAndAmortization": "197036000", "incomeBeforeTax": "339597000", "incomeTaxExpense": "4299000", "interestAndDebtExpense": "None", "netIncomeFromContinuingOperations": "335298000", "comprehensiveIncomeNetOfTax": "None", "ebit": "159594000", "ebitda": "356630000", "netIncome": "334552000"}, {"fiscalDateEnding": "2021-09-30", "reportedCurrency": "USD", "grossProfit": "359738000", "totalRevenue": "580774000", "costOfRevenue": "221036000", "costofGoodsAndServicesSold": "221036000", "operatingIncome": "148634000", "sellingGeneralAndAdministrative": "17313000", "researchAndDevelopment": "None", "operatingExpenses": "211104000", "investmentIncomeNet": "None", "netInterestIncome": "-55987000", "interestIncome": "6867000", "interestExpense": "55987000", "nonInterestIncome": "None", "otherNonOperatingIncome": "-9839000", "depreciation": "None", "depreciationAndAmortization": "193791000", "incomeBeforeTax": "81026000", "incomeTaxExpense": "2179000", "interestAndDebtExpense": "None", "netIncomeFromContinuingOperations": "78847000", "comprehensiveIncomeNetOfTax": "None", "ebit": "155264000", "ebitda": "349055000", "netIncome": "78754000"}, {"fiscalDateEnding": "2021-06-30", "reportedCurrency": "USD", "grossProfit": "349345000", "totalRevenue": "561743000", "costOfRevenue": "212398000", "costofGoodsAndServicesSold": "212398000", "operatingIncome": "146408000", "sellingGeneralAndAdministrative": "18465000", "researchAndDevelopment": "None", "operatingExpenses": "202937000", "investmentIncomeNet": "None", "netInterestIncome": "-56104000", "interestIncome": "26559000", "interestExpense": "56104000", "nonInterestIncome": "None", "otherNonOperatingIncome": "359507000", "depreciation": "None", "depreciationAndAmortization": "184472000", "incomeBeforeTax": "447987000", "incomeTaxExpense": "10000", "interestAndDebtExpense": "None", "netIncomeFromContinuingOperations": "447977000", "comprehensiveIncomeNetOfTax": "None", "ebit": "172184000", "ebitda": "356656000", "netIncome": "447051000"}, {"fiscalDateEnding": "2021-03-31", "reportedCurrency": "USD", "grossProfit": "341675000", "totalRevenue": "551135000", "costOfRevenue": "209460000", "costofGoodsAndServicesSold": "209460000", "operatingIncome": "141026000", "sellingGeneralAndAdministrative": "17352000", "researchAndDevelopment": "None", "operatingExpenses": "200649000", "investmentIncomeNet": "None", "netInterestIncome": "-52613000", "interestIncome": "467000", "interestExpense": "52613000", "nonInterestIncome": "None", "otherNonOperatingIncome": "53979000", "depreciation": "None", "depreciationAndAmortization": "183297000", "incomeBeforeTax": "141479000", "incomeTaxExpense": "-755000", "interestAndDebtExpense": "None", "netIncomeFromContinuingOperations": "142234000", "comprehensiveIncomeNetOfTax": "None", "ebit": "140062000", "ebitda": "323359000", "netIncome": "141899000"}, {"fiscalDateEnding": "2020-12-31", "reportedCurrency": "USD", "grossProfit": "342664000", "totalRevenue": "555801000", "costOfRevenue": "213137000", "costofGoodsAndServicesSold": "213137000", "operatingIncome": "151376000", "sellingGeneralAndAdministrative": "13465000", "researchAndDevelopment": "None", "operatingExpenses": "191288000", "investmentIncomeNet": "None", "netInterestIncome": "-51589000", "interestIncome": "348000", "interestExpense": "51589000", "nonInterestIncome": "None", "otherNonOperatingIncome": "240760000", "depreciation": "None", "depreciationAndAmortization": "177823000", "incomeBeforeTax": "338936000", "incomeTaxExpense": "-2178000", "interestAndDebtExpense": "None", "netIncomeFromContinuingOperations": "340932000", "comprehensiveIncomeNetOfTax": "None", "ebit": "144785000", "ebitda": "322608000", "netIncome": "340331000"}, {"fiscalDateEnding": "2020-09-30", "reportedCurrency": "USD", "grossProfit": "354561000", "totalRevenue": "567404000", "costOfRevenue": "212843000", "costofGoodsAndServicesSold": "212843000", "operatingIncome": "165228000", "sellingGeneralAndAdministrative": "13985000", "researchAndDevelopment": "None", "operatingExpenses": "189333000", "investmentIncomeNet": "None", "netInterestIncome": "-53249000", "interestIncome": "5083000", "interestExpense": "53249000", "nonInterestIncome": "None", "otherNonOperatingIncome": "36357000", "depreciation": "None", "depreciationAndAmortization": "175348000", "incomeBeforeTax": "147690000", "incomeTaxExpense": "-27000", "interestAndDebtExpense": "None", "netIncomeFromContinuingOperations": "147717000", "comprehensiveIncomeNetOfTax": "None", "ebit": "169626000", "ebitda": "344974000", "netIncome": "147361000"}, {"fiscalDateEnding": "2020-06-30", "reportedCurrency": "USD", "grossProfit": "378302000", "totalRevenue": "576405000", "costOfRevenue": "198103000", "costofGoodsAndServicesSold": "198103000", "operatingIncome": "186480000", "sellingGeneralAndAdministrative": "15573000", "researchAndDevelopment": "None", "operatingExpenses": "191822000", "investmentIncomeNet": "None", "netInterestIncome": "-53399000", "interestIncome": "512000", "interestExpense": "53399000", "nonInterestIncome": "None", "otherNonOperatingIncome": "35307000", "depreciation": "None", "depreciationAndAmortization": "176249000", "incomeBeforeTax": "169736000", "incomeTaxExpense": "-1133000", "interestAndDebtExpense": "None", "netIncomeFromContinuingOperations": "170869000", "comprehensiveIncomeNetOfTax": "None", "ebit": "188414000", "ebitda": "364663000", "netIncome": "170438000"}, {"fiscalDateEnding": "2020-03-31", "reportedCurrency": "USD", "grossProfit": "402632000", "totalRevenue": "601651000", "costOfRevenue": "199019000", "costofGoodsAndServicesSold": "199019000", "operatingIncome": "207401000", "sellingGeneralAndAdministrative": "17320000", "researchAndDevelopment": "None", "operatingExpenses": "195231000", "investmentIncomeNet": "None", "netInterestIncome": "-55914000", "interestIncome": "1175000", "interestExpense": "55914000", "nonInterestIncome": "None", "otherNonOperatingIncome": "13150000", "depreciation": "None", "depreciationAndAmortization": "177911000", "incomeBeforeTax": "168097000", "incomeTaxExpense": "91000", "interestAndDebtExpense": "None", "netIncomeFromContinuingOperations": "168188000", "comprehensiveIncomeNetOfTax": "None", "ebit": "211220000", "ebitda": "389131000", "netIncome": "167544000"}, {"fiscalDateEnding": "2019-12-31", "reportedCurrency": "USD", "grossProfit": "403173000", "totalRevenue": "593566000", "costOfRevenue": "190393000", "costofGoodsAndServicesSold": "190393000", "operatingIncome": "219208000", "sellingGeneralAndAdministrative": "12602000", "researchAndDevelopment": "None", "operatingExpenses": "183966000", "investmentIncomeNet": "None", "netInterestIncome": "-54190000", "interestIncome": "7872000", "interestExpense": "54190000", "nonInterestIncome": "None", "otherNonOperatingIncome": "8193000", "depreciation": "None", "depreciationAndAmortization": "171365000", "incomeBeforeTax": "169496000", "incomeTaxExpense": "1825000", "interestAndDebtExpense": "None", "netIncomeFromContinuingOperations": "171285000", "comprehensiveIncomeNetOfTax": "None", "ebit": "211907000", "ebitda": "383272000", "netIncome": "167242000"}, {"fiscalDateEnding": "2019-09-30", "reportedCurrency": "USD", "grossProfit": "389794000", "totalRevenue": "587613000", "costOfRevenue": "197819000", "costofGoodsAndServicesSold": "197819000", "operatingIncome": "211562000", "sellingGeneralAndAdministrative": "12769000", "researchAndDevelopment": "None", "operatingExpenses": "178232000", "investmentIncomeNet": "None", "netInterestIncome": "-51493000", "interestIncome": "1643000", "interestExpense": "51493000", "nonInterestIncome": "None", "otherNonOperatingIncome": "132200000", "depreciation": "None", "depreciationAndAmortization": "165464000", "incomeBeforeTax": "290893000", "incomeTaxExpense": "11184000", "interestAndDebtExpense": "None", "netIncomeFromContinuingOperations": "279709000", "comprehensiveIncomeNetOfTax": "None", "ebit": "213562000", "ebitda": "379026000", "netIncome": "278973000"}, {"fiscalDateEnding": "2019-06-30", "reportedCurrency": "USD", "grossProfit": "382152000", "totalRevenue": "577263000", "costOfRevenue": "195111000", "costofGoodsAndServicesSold": "195111000", "operatingIncome": "200494000", "sellingGeneralAndAdministrative": "18965000", "researchAndDevelopment": "None", "operatingExpenses": "181658000", "investmentIncomeNet": "None", "netInterestIncome": "-50010000", "interestIncome": "863000", "interestExpense": "50010000", "nonInterestIncome": "None", "otherNonOperatingIncome": "20761000", "depreciation": "None", "depreciationAndAmortization": "162692000", "incomeBeforeTax": "168305000", "incomeTaxExpense": "50231000", "interestAndDebtExpense": "None", "netIncomeFromContinuingOperations": "168305000", "comprehensiveIncomeNetOfTax": "None", "ebit": "281647000", "ebitda": "444339000", "netIncome": "167846000"}, {"fiscalDateEnding": "2019-03-31", "reportedCurrency": "USD", "grossProfit": "381400000", "totalRevenue": "566184000", "costOfRevenue": "184784000", "costofGoodsAndServicesSold": "184784000", "operatingIncome": "205655000", "sellingGeneralAndAdministrative": "13700000", "researchAndDevelopment": "None", "operatingExpenses": "175757000", "investmentIncomeNet": "None", "netInterestIncome": "-47892000", "interestIncome": "1060000", "interestExpense": "47892000", "nonInterestIncome": "None", "otherNonOperatingIncome": "14042000", "depreciation": "None", "depreciationAndAmortization": "162057000", "incomeBeforeTax": "170418000", "incomeTaxExpense": "12000", "interestAndDebtExpense": "None", "netIncomeFromContinuingOperations": "170442000", "comprehensiveIncomeNetOfTax": "None", "ebit": "204695000", "ebitda": "366752000", "netIncome": "169865000"}, {"fiscalDateEnding": "2018-12-31", "reportedCurrency": "USD", "grossProfit": "388595000", "totalRevenue": "578522000", "costOfRevenue": "189927000", "costofGoodsAndServicesSold": "189927000", "operatingIncome": "212517000", "sellingGeneralAndAdministrative": "14105000", "researchAndDevelopment": "0", "operatingExpenses": "173019000", "investmentIncomeNet": "None", "netInterestIncome": "None", "interestIncome": "None", "interestExpense": "55180000", "nonInterestIncome": "None", "otherNonOperatingIncome": "245252000", "depreciation": "None", "depreciationAndAmortization": "158914000", "incomeBeforeTax": "385636000", "incomeTaxExpense": "-247000", "interestAndDebtExpense": "None", "netIncomeFromContinuingOperations": "385141000", "comprehensiveIncomeNetOfTax": "None", "ebit": "215271000", "ebitda": "374185000", "netIncome": "384617000"}, {"fiscalDateEnding": "2018-09-30", "reportedCurrency": "USD", "grossProfit": "383560000", "totalRevenue": "575982000", "costOfRevenue": "192422000", "costofGoodsAndServicesSold": "192422000", "operatingIncome": "211391000", "sellingGeneralAndAdministrative": "13934000", "researchAndDevelopment": "0", "operatingExpenses": "170472000", "investmentIncomeNet": "None", "netInterestIncome": "None", "interestIncome": "None", "interestExpense": "54097000", "nonInterestIncome": "None", "otherNonOperatingIncome": "37286000", "depreciation": "None", "depreciationAndAmortization": "156538000", "incomeBeforeTax": "192407000", "incomeTaxExpense": "29000", "interestAndDebtExpense": "None", "netIncomeFromContinuingOperations": "192465000", "comprehensiveIncomeNetOfTax": "None", "ebit": "209925000", "ebitda": "366463000", "netIncome": "191931000"}, {"fiscalDateEnding": "2018-06-30", "reportedCurrency": "USD", "grossProfit": "379015000", "totalRevenue": "569239000", "costOfRevenue": "190224000", "costofGoodsAndServicesSold": "190224000", "operatingIncome": "206357000", "sellingGeneralAndAdministrative": "14502000", "researchAndDevelopment": "0", "operatingExpenses": "171187000", "investmentIncomeNet": "None", "netInterestIncome": "None", "interestIncome": "None", "interestExpense": "56585000", "nonInterestIncome": "None", "otherNonOperatingIncome": "106360000", "depreciation": "None", "depreciationAndAmortization": "156685000", "incomeBeforeTax": "254543000", "incomeTaxExpense": "58000", "interestAndDebtExpense": "None", "netIncomeFromContinuingOperations": "254659000", "comprehensiveIncomeNetOfTax": "None", "ebit": "204902000", "ebitda": "361587000", "netIncome": "253935000"}, {"fiscalDateEnding": "2018-03-31", "reportedCurrency": "USD", "grossProfit": "370515000", "totalRevenue": "560792000", "costOfRevenue": "190277000", "costofGoodsAndServicesSold": "190277000", "operatingIncome": "196149000", "sellingGeneralAndAdministrative": "13664000", "researchAndDevelopment": "0", "operatingExpenses": "172723000", "investmentIncomeNet": "None", "netInterestIncome": "None", "interestIncome": "None", "interestExpense": "55113000", "nonInterestIncome": "None", "otherNonOperatingIncome": "1693000", "depreciation": "None", "depreciationAndAmortization": "159059000", "incomeBeforeTax": "141590000", "incomeTaxExpense": "56800000", "interestAndDebtExpense": "None", "netIncomeFromContinuingOperations": "141590000", "comprehensiveIncomeNetOfTax": "None", "ebit": "197201000", "ebitda": "356260000", "netIncome": "141213000"}, {"fiscalDateEnding": "2017-12-31", "reportedCurrency": "USD", "grossProfit": "375143000", "totalRevenue": "555292000", "costOfRevenue": "180149000", "costofGoodsAndServicesSold": "180149000", "operatingIncome": "204519000", "sellingGeneralAndAdministrative": "11904000", "researchAndDevelopment": "0", "operatingExpenses": "169004000", "investmentIncomeNet": "None", "netInterestIncome": "None", "interestIncome": "None", "interestExpense": "52523000", "nonInterestIncome": "None", "otherNonOperatingIncome": "-159642000", "depreciation": "None", "depreciationAndAmortization": "157100000", "incomeBeforeTax": "237486000", "incomeTaxExpense": "39000", "interestAndDebtExpense": "None", "netIncomeFromContinuingOperations": "237564000", "comprehensiveIncomeNetOfTax": "None", "ebit": "206210000", "ebitda": "363310000", "netIncome": "236904000"}, {"fiscalDateEnding": "2017-09-30", "reportedCurrency": "USD", "grossProfit": "364713000", "totalRevenue": "550500000", "costOfRevenue": "185787000", "costofGoodsAndServicesSold": "185787000", "operatingIncome": "206567000", "sellingGeneralAndAdministrative": "11679000", "researchAndDevelopment": "0", "operatingExpenses": "156669000", "investmentIncomeNet": "None", "netInterestIncome": "None", "interestIncome": "None", "interestExpense": "47741000", "nonInterestIncome": "None", "otherNonOperatingIncome": "80186000", "depreciation": "None", "depreciationAndAmortization": "144990000", "incomeBeforeTax": "238199000", "incomeTaxExpense": "24000", "interestAndDebtExpense": "None", "netIncomeFromContinuingOperations": "238247000", "comprehensiveIncomeNetOfTax": "None", "ebit": "226933000", "ebitda": "371923000", "netIncome": "237576000"}, {"fiscalDateEnding": "2017-06-30", "reportedCurrency": "USD", "grossProfit": "351714000", "totalRevenue": "530512000", "costOfRevenue": "178798000", "costofGoodsAndServicesSold": "178798000", "operatingIncome": "194873000", "sellingGeneralAndAdministrative": "14005000", "researchAndDevelopment": "0", "operatingExpenses": "155444000", "investmentIncomeNet": "None", "netInterestIncome": "None", "interestIncome": "None", "interestExpense": "50102000", "nonInterestIncome": "None", "otherNonOperatingIncome": "45213000", "depreciation": "None", "depreciationAndAmortization": "141439000", "incomeBeforeTax": "165194000", "incomeTaxExpense": "58000", "interestAndDebtExpense": "None", "netIncomeFromContinuingOperations": "165310000", "comprehensiveIncomeNetOfTax": "None", "ebit": "195449000", "ebitda": "336888000", "netIncome": "164757000"}, {"fiscalDateEnding": "2017-03-31", "reportedCurrency": "USD", "grossProfit": "347673000", "totalRevenue": "522326000", "costOfRevenue": "174653000", "costofGoodsAndServicesSold": "174653000", "operatingIncome": "192525000", "sellingGeneralAndAdministrative": "13226000", "researchAndDevelopment": "0", "operatingExpenses": "153847000", "investmentIncomeNet": "None", "netInterestIncome": "None", "interestIncome": "None", "interestExpense": "49295000", "nonInterestIncome": "None", "otherNonOperatingIncome": "104987000", "depreciation": "None", "depreciationAndAmortization": "140621000", "incomeBeforeTax": "235781000", "incomeTaxExpense": "20000", "interestAndDebtExpense": "None", "netIncomeFromContinuingOperations": "235821000", "comprehensiveIncomeNetOfTax": "None", "ebit": "200037000", "ebitda": "340658000", "netIncome": "235223000"}, {"fiscalDateEnding": "2016-12-31", "reportedCurrency": "USD", "grossProfit": "350072000", "totalRevenue": "518240000", "costOfRevenue": "168168000", "costofGoodsAndServicesSold": "168168000", "operatingIncome": "198348000", "sellingGeneralAndAdministrative": "10428000", "researchAndDevelopment": "0", "operatingExpenses": "150448000", "investmentIncomeNet": "None", "netInterestIncome": "None", "interestIncome": "None", "interestExpense": "49648000", "nonInterestIncome": "None", "otherNonOperatingIncome": "-202757000", "depreciation": "None", "depreciationAndAmortization": "140020000", "incomeBeforeTax": "242393000", "incomeTaxExpense": "210000", "interestAndDebtExpense": "None", "netIncomeFromContinuingOperations": "241993000", "comprehensiveIncomeNetOfTax": "None", "ebit": "156879000", "ebitda": "296899000", "netIncome": "241661000"}, {"fiscalDateEnding": "2016-09-30", "reportedCurrency": "USD", "grossProfit": "340289000", "totalRevenue": "516211000", "costOfRevenue": "175922000", "costofGoodsAndServicesSold": "175922000", "operatingIncome": "195427000", "sellingGeneralAndAdministrative": "11928000", "researchAndDevelopment": "0", "operatingExpenses": "143657000", "investmentIncomeNet": "None", "netInterestIncome": "None", "interestIncome": "None", "interestExpense": "47871000", "nonInterestIncome": "None", "otherNonOperatingIncome": "212599000", "depreciation": "None", "depreciationAndAmortization": "131729000", "incomeBeforeTax": "356351000", "incomeTaxExpense": "22000", "interestAndDebtExpense": "None", "netIncomeFromContinuingOperations": "356373000", "comprehensiveIncomeNetOfTax": "None", "ebit": "191281000", "ebitda": "323010000", "netIncome": "355520000"}, {"fiscalDateEnding": "2016-06-30", "reportedCurrency": "USD", "grossProfit": "333491000", "totalRevenue": "502307000", "costOfRevenue": "168816000", "costofGoodsAndServicesSold": "168816000", "operatingIncome": "187817000", "sellingGeneralAndAdministrative": "12011000", "researchAndDevelopment": "0", "operatingExpenses": "144480000", "investmentIncomeNet": "None", "netInterestIncome": "None", "interestIncome": "None", "interestExpense": "46581000", "nonInterestIncome": "None", "otherNonOperatingIncome": "27151000", "depreciation": "None", "depreciationAndAmortization": "132469000", "incomeBeforeTax": "197355000", "incomeTaxExpense": "36000", "interestAndDebtExpense": "None", "netIncomeFromContinuingOperations": "197391000", "comprehensiveIncomeNetOfTax": "None", "ebit": "213532000", "ebitda": "346001000", "netIncome": "196928000"}, {"fiscalDateEnding": "2016-03-31", "reportedCurrency": "USD", "grossProfit": "342950000", "totalRevenue": "508498000", "costOfRevenue": "165548000", "costofGoodsAndServicesSold": "165548000", "operatingIncome": "203185000", "sellingGeneralAndAdministrative": "11404000", "researchAndDevelopment": "0", "operatingExpenses": "138620000", "investmentIncomeNet": "None", "netInterestIncome": "None", "interestIncome": "None", "interestExpense": "43410000", "nonInterestIncome": "None", "otherNonOperatingIncome": "27969000", "depreciation": "None", "depreciationAndAmortization": "127216000", "incomeBeforeTax": "237914000", "incomeTaxExpense": "37000", "interestAndDebtExpense": "None", "netIncomeFromContinuingOperations": "237951000", "comprehensiveIncomeNetOfTax": "None", "ebit": "227692000", "ebitda": "354908000", "netIncome": "237299000"}, {"fiscalDateEnding": "2015-12-31", "reportedCurrency": "USD", "grossProfit": "323695000", "totalRevenue": "480840000", "costOfRevenue": "157145000", "costofGoodsAndServicesSold": "157145000", "operatingIncome": "190560000", "sellingGeneralAndAdministrative": "11428000", "researchAndDevelopment": "0", "operatingExpenses": "133687000", "investmentIncomeNet": "None", "netInterestIncome": "None", "interestIncome": "None", "interestExpense": "42217000", "nonInterestIncome": "None", "otherNonOperatingIncome": "10565000", "depreciation": "None", "depreciationAndAmortization": "122259000", "incomeBeforeTax": "155567000", "incomeTaxExpense": "215000", "interestAndDebtExpense": "None", "netIncomeFromContinuingOperations": "155351000", "comprehensiveIncomeNetOfTax": "None", "ebit": "164581000", "ebitda": "286840000", "netIncome": "155098000"}, {"fiscalDateEnding": "2015-09-30", "reportedCurrency": "USD", "grossProfit": "310456000", "totalRevenue": "475360000", "costOfRevenue": "164904000", "costofGoodsAndServicesSold": "164904000", "operatingIncome": "178602000", "sellingGeneralAndAdministrative": "10464000", "researchAndDevelopment": "0", "operatingExpenses": "130648000", "investmentIncomeNet": "None", "netInterestIncome": "None", "interestIncome": "None", "interestExpense": "43234000", "nonInterestIncome": "None", "otherNonOperatingIncome": "55770000", "depreciation": "None", "depreciationAndAmortization": "120184000", "incomeBeforeTax": "206115000", "incomeTaxExpense": "39000", "interestAndDebtExpense": "None", "netIncomeFromContinuingOperations": "206076000", "comprehensiveIncomeNetOfTax": "None", "ebit": "195804000", "ebitda": "315988000", "netIncome": "205675000"}, {"fiscalDateEnding": "2015-06-30", "reportedCurrency": "USD", "grossProfit": "300550000", "totalRevenue": "457459000", "costOfRevenue": "156909000", "costofGoodsAndServicesSold": "156909000", "operatingIncome": "169222000", "sellingGeneralAndAdministrative": "10335000", "researchAndDevelopment": "0", "operatingExpenses": "128962000", "investmentIncomeNet": "None", "netInterestIncome": "None", "interestIncome": "None", "interestExpense": "44590000", "nonInterestIncome": "None", "otherNonOperatingIncome": "23431000", "depreciation": "None", "depreciationAndAmortization": "118627000", "incomeBeforeTax": "173546000", "incomeTaxExpense": "1293000", "interestAndDebtExpense": "None", "netIncomeFromContinuingOperations": "172253000", "comprehensiveIncomeNetOfTax": "None", "ebit": "192804000", "ebitda": "311431000", "netIncome": "171879000"}, {"fiscalDateEnding": "2015-03-31", "reportedCurrency": "USD", "grossProfit": "283562000", "totalRevenue": "442367000", "costOfRevenue": "158805000", "costofGoodsAndServicesSold": "158805000", "operatingIncome": "155077000", "sellingGeneralAndAdministrative": "10598000", "researchAndDevelopment": "0", "operatingExpenses": "127451000", "investmentIncomeNet": "None", "netInterestIncome": "None", "interestIncome": "None", "interestExpense": "45573000", "nonInterestIncome": "None", "otherNonOperatingIncome": "105524000", "depreciation": "None", "depreciationAndAmortization": "116853000", "incomeBeforeTax": "208053000", "incomeTaxExpense": "80048000", "interestAndDebtExpense": "None", "netIncomeFromContinuingOperations": "208053000", "comprehensiveIncomeNetOfTax": "None", "ebit": "179317000", "ebitda": "296170000", "netIncome": "207615000"}, {"fiscalDateEnding": "2014-12-31", "reportedCurrency": "USD", "grossProfit": "289372000", "totalRevenue": "440656000", "costOfRevenue": "151284000", "costofGoodsAndServicesSold": "151284000", "operatingIncome": "163316000", "sellingGeneralAndAdministrative": "10715000", "researchAndDevelopment": "0", "operatingExpenses": "124799000", "investmentIncomeNet": "None", "netInterestIncome": "None", "interestIncome": "None", "interestExpense": "47987000", "nonInterestIncome": "None", "otherNonOperatingIncome": "29711000", "depreciation": "None", "depreciationAndAmortization": "114084000", "incomeBeforeTax": "151862000", "incomeTaxExpense": "9332000", "interestAndDebtExpense": "None", "netIncomeFromContinuingOperations": "142530000", "comprehensiveIncomeNetOfTax": "None", "ebit": "100532000", "ebitda": "214616000", "netIncome": "141973000"}, {"fiscalDateEnding": "2014-09-30", "reportedCurrency": "USD", "grossProfit": "281396000", "totalRevenue": "430525000", "costOfRevenue": "149129000", "costofGoodsAndServicesSold": "149129000", "operatingIncome": "157191000", "sellingGeneralAndAdministrative": "11290000", "researchAndDevelopment": "0", "operatingExpenses": "123126000", "investmentIncomeNet": "None", "netInterestIncome": "None", "interestIncome": "None", "interestExpense": "46376000", "nonInterestIncome": "None", "otherNonOperatingIncome": "130592000", "depreciation": "None", "depreciationAndAmortization": "111836000", "incomeBeforeTax": "241001000", "incomeTaxExpense": "176869000", "interestAndDebtExpense": "None", "netIncomeFromContinuingOperations": "241001000", "comprehensiveIncomeNetOfTax": "None", "ebit": "287377000", "ebitda": "399213000", "netIncome": "240734000"}, {"fiscalDateEnding": "2014-06-30", "reportedCurrency": "USD", "grossProfit": "271445000", "totalRevenue": "413806000", "costOfRevenue": "142361000", "costofGoodsAndServicesSold": "142361000", "operatingIncome": "149693000", "sellingGeneralAndAdministrative": "10220000", "researchAndDevelopment": "0", "operatingExpenses": "120615000", "investmentIncomeNet": "None", "netInterestIncome": "None", "interestIncome": "None", "interestExpense": "43722000", "nonInterestIncome": "None", "otherNonOperatingIncome": "68655000", "depreciation": "None", "depreciationAndAmortization": "110395000", "incomeBeforeTax": "172197000", "incomeTaxExpense": "65543000", "interestAndDebtExpense": "None", "netIncomeFromContinuingOperations": "172197000", "comprehensiveIncomeNetOfTax": "None", "ebit": "155386000", "ebitda": "265781000", "netIncome": "157832000"}, {"fiscalDateEnding": "2014-03-31", "reportedCurrency": "USD", "grossProfit": "258027000", "totalRevenue": "400075000", "costOfRevenue": "142048000", "costofGoodsAndServicesSold": "142048000", "operatingIncome": "98912000", "sellingGeneralAndAdministrative": "9236000", "researchAndDevelopment": "0", "operatingExpenses": "115603000", "investmentIncomeNet": "None", "netInterestIncome": "None", "interestIncome": "None", "interestExpense": "42533000", "nonInterestIncome": "None", "otherNonOperatingIncome": "5223000", "depreciation": "None", "depreciationAndAmortization": "106367000", "incomeBeforeTax": "103420000", "incomeTaxExpense": "8458000", "interestAndDebtExpense": "None", "netIncomeFromContinuingOperations": "103420000", "comprehensiveIncomeNetOfTax": "None", "ebit": "145953000", "ebitda": "252320000", "netIncome": "141507000"}, {"fiscalDateEnding": "2013-12-31", "reportedCurrency": "USD", "grossProfit": "255632000", "totalRevenue": "394169000", "costOfRevenue": "138537000", "costofGoodsAndServicesSold": "138537000", "operatingIncome": "135862000", "sellingGeneralAndAdministrative": "8311000", "researchAndDevelopment": "0", "operatingExpenses": "113117000", "investmentIncomeNet": "None", "netInterestIncome": "None", "interestIncome": "None", "interestExpense": "44630000", "nonInterestIncome": "None", "otherNonOperatingIncome": "5330000", "depreciation": "None", "depreciationAndAmortization": "104806000", "incomeBeforeTax": "88209000", "incomeTaxExpense": "124452000", "interestAndDebtExpense": "None", "netIncomeFromContinuingOperations": "81349000", "comprehensiveIncomeNetOfTax": "None", "ebit": "124594000", "ebitda": "229400000", "netIncome": "251815000"}, {"fiscalDateEnding": "2013-09-30", "reportedCurrency": "USD", "grossProfit": "253842000", "totalRevenue": "393127000", "costOfRevenue": "139285000", "costofGoodsAndServicesSold": "139285000", "operatingIncome": "82239000", "sellingGeneralAndAdministrative": "9878000", "researchAndDevelopment": "0", "operatingExpenses": "170560000", "investmentIncomeNet": "None", "netInterestIncome": "None", "interestIncome": "None", "interestExpense": "43945000", "nonInterestIncome": "None", "otherNonOperatingIncome": "3260000", "depreciation": "None", "depreciationAndAmortization": "160682000", "incomeBeforeTax": "-14106000", "incomeTaxExpense": "42771000", "interestAndDebtExpense": "None", "netIncomeFromContinuingOperations": "-14106000", "comprehensiveIncomeNetOfTax": "None", "ebit": "80673000", "ebitda": "241355000", "netIncome": "-10715000"}, {"fiscalDateEnding": "2013-06-30", "reportedCurrency": "USD", "grossProfit": "258236000", "totalRevenue": "389234000", "costOfRevenue": "130998000", "costofGoodsAndServicesSold": "130998000", "operatingIncome": "49689000", "sellingGeneralAndAdministrative": "11345000", "researchAndDevelopment": "0", "operatingExpenses": "207451000", "investmentIncomeNet": "None", "netInterestIncome": "None", "interestIncome": "None", "interestExpense": "43169000", "nonInterestIncome": "None", "otherNonOperatingIncome": "-940000", "depreciation": "None", "depreciationAndAmortization": "196106000", "incomeBeforeTax": "2052000", "incomeTaxExpense": "6967000", "interestAndDebtExpense": "None", "netIncomeFromContinuingOperations": "2052000", "comprehensiveIncomeNetOfTax": "None", "ebit": "37374000", "ebitda": "233480000", "netIncome": "36159000"}, {"fiscalDateEnding": "2013-03-31", "reportedCurrency": "USD", "grossProfit": "206212000", "totalRevenue": "312131000", "costOfRevenue": "105919000", "costofGoodsAndServicesSold": "105919000", "operatingIncome": "85329000", "sellingGeneralAndAdministrative": "10039000", "researchAndDevelopment": "0", "operatingExpenses": "119868000", "investmentIncomeNet": "None", "netInterestIncome": "None", "interestIncome": "None", "interestExpense": "38174000", "nonInterestIncome": "None", "otherNonOperatingIncome": "-18564000", "depreciation": "None", "depreciationAndAmortization": "109829000", "incomeBeforeTax": "-11468000", "incomeTaxExpense": "-68300000", "interestAndDebtExpense": "None", "netIncomeFromContinuingOperations": "-11468000", "comprehensiveIncomeNetOfTax": "None", "ebit": "66765000", "ebitda": "176594000", "netIncome": "75288000"}, {"fiscalDateEnding": "2012-12-31", "reportedCurrency": "USD", "grossProfit": "179106000", "totalRevenue": "271303000", "costOfRevenue": "92197000", "costofGoodsAndServicesSold": "92197000", "operatingIncome": "87949000", "sellingGeneralAndAdministrative": "7703000", "researchAndDevelopment": "0", "operatingExpenses": "73270000", "investmentIncomeNet": "None", "netInterestIncome": "None", "interestIncome": "None", "interestExpense": "36117000", "nonInterestIncome": "None", "otherNonOperatingIncome": "11113000", "depreciation": "None", "depreciationAndAmortization": "65567000", "incomeBeforeTax": "68237000", "incomeTaxExpense": "-8434000", "interestAndDebtExpense": "None", "netIncomeFromContinuingOperations": "60701000", "comprehensiveIncomeNetOfTax": "None", "ebit": "100955000", "ebitda": "166522000", "netIncome": "122357000"}, {"fiscalDateEnding": "2012-09-30", "reportedCurrency": "USD", "grossProfit": "177545000", "totalRevenue": "271904000", "costOfRevenue": "94359000", "costofGoodsAndServicesSold": "94359000", "operatingIncome": "100985000", "sellingGeneralAndAdministrative": "8372000", "researchAndDevelopment": "608000", "operatingExpenses": "76560000", "investmentIncomeNet": "None", "netInterestIncome": "None", "interestIncome": "None", "interestExpense": "33985000", "nonInterestIncome": "None", "otherNonOperatingIncome": "19747000", "depreciation": "None", "depreciationAndAmortization": "65998000", "incomeBeforeTax": "86747000", "incomeTaxExpense": "19694000", "interestAndDebtExpense": "None", "netIncomeFromContinuingOperations": "86747000", "comprehensiveIncomeNetOfTax": "None", "ebit": "96359000", "ebitda": "162357000", "netIncome": "86658000"}, {"fiscalDateEnding": "2012-06-30", "reportedCurrency": "USD", "grossProfit": "167051000", "totalRevenue": "258805000", "costOfRevenue": "91754000", "costofGoodsAndServicesSold": "91754000", "operatingIncome": "91460000", "sellingGeneralAndAdministrative": "8316000", "researchAndDevelopment": "901000", "operatingExpenses": "75591000", "investmentIncomeNet": "None", "netInterestIncome": "None", "interestIncome": "None", "interestExpense": "33193000", "nonInterestIncome": "None", "otherNonOperatingIncome": "2353000", "depreciation": "None", "depreciationAndAmortization": "64875000", "incomeBeforeTax": "60620000", "incomeTaxExpense": "-63376000", "interestAndDebtExpense": "None", "netIncomeFromContinuingOperations": "60620000", "comprehensiveIncomeNetOfTax": "None", "ebit": "89427000", "ebitda": "154302000", "netIncome": "156362000"}, {"fiscalDateEnding": "2012-03-31", "reportedCurrency": "USD", "grossProfit": "163704000", "totalRevenue": "252454000", "costOfRevenue": "88750000", "costofGoodsAndServicesSold": "88750000", "operatingIncome": "89318000", "sellingGeneralAndAdministrative": "9710000", "researchAndDevelopment": "239000", "operatingExpenses": "74386000", "investmentIncomeNet": "None", "netInterestIncome": "None", "interestIncome": "None", "interestExpense": "33626000", "nonInterestIncome": "None", "otherNonOperatingIncome": "2175000", "depreciation": "None", "depreciationAndAmortization": "62991000", "incomeBeforeTax": "56688000", "incomeTaxExpense": "33735000", "interestAndDebtExpense": "None", "netIncomeFromContinuingOperations": "56688000", "comprehensiveIncomeNetOfTax": "None", "ebit": "85880000", "ebitda": "148871000", "netIncome": "57504000"}, {"fiscalDateEnding": "2011-12-31", "reportedCurrency": "USD", "grossProfit": "153329000", "totalRevenue": "241091000", "costOfRevenue": "87762000", "costofGoodsAndServicesSold": "87762000", "operatingIncome": "83887000", "sellingGeneralAndAdministrative": "7847000", "researchAndDevelopment": "1986000", "operatingExpenses": "69442000", "investmentIncomeNet": "None", "netInterestIncome": "None", "interestIncome": "None", "interestExpense": "78053000", "nonInterestIncome": "None", "otherNonOperatingIncome": "1607000", "depreciation": "None", "depreciationAndAmortization": "63314000", "incomeBeforeTax": "49471000", "incomeTaxExpense": "5908000", "interestAndDebtExpense": "None", "netIncomeFromContinuingOperations": "53308000", "comprehensiveIncomeNetOfTax": "None", "ebit": "83887000", "ebitda": "147201000", "netIncome": "323085000"}, {"fiscalDateEnding": "2011-09-30", "reportedCurrency": "USD", "grossProfit": "158486000", "totalRevenue": "251077000", "costOfRevenue": "92591000", "costofGoodsAndServicesSold": "92591000", "operatingIncome": "88176000", "sellingGeneralAndAdministrative": "6087000", "researchAndDevelopment": "633000", "operatingExpenses": "70310000", "investmentIncomeNet": "None", "netInterestIncome": "None", "interestIncome": "None", "interestExpense": "43970000", "nonInterestIncome": "None", "otherNonOperatingIncome": "16331000", "depreciation": "None", "depreciationAndAmortization": "62262000", "incomeBeforeTax": "46485000", "incomeTaxExpense": "45967000", "interestAndDebtExpense": "None", "netIncomeFromContinuingOperations": "46485000", "comprehensiveIncomeNetOfTax": "None", "ebit": "85204000", "ebitda": "147466000", "netIncome": "44824000"}, {"fiscalDateEnding": "2011-06-30", "reportedCurrency": "USD", "grossProfit": "154801000", "totalRevenue": "244859000", "costOfRevenue": "90058000", "costofGoodsAndServicesSold": "90058000", "operatingIncome": "81068000", "sellingGeneralAndAdministrative": "8145000", "researchAndDevelopment": "1353000", "operatingExpenses": "72392000", "investmentIncomeNet": "None", "netInterestIncome": "None", "interestIncome": "None", "interestExpense": "45855000", "nonInterestIncome": "None", "otherNonOperatingIncome": "395000", "depreciation": "None", "depreciationAndAmortization": "62894000", "incomeBeforeTax": "35608000", "incomeTaxExpense": "39431000", "interestAndDebtExpense": "None", "netIncomeFromContinuingOperations": "35608000", "comprehensiveIncomeNetOfTax": "None", "ebit": "79409000", "ebitda": "142303000", "netIncome": "43373000"}, {"fiscalDateEnding": "2011-03-31", "reportedCurrency": "USD", "grossProfit": "142896000", "totalRevenue": "235808000", "costOfRevenue": "92912000", "costofGoodsAndServicesSold": "92912000", "operatingIncome": "30034000", "sellingGeneralAndAdministrative": "7292000", "researchAndDevelopment": "0", "operatingExpenses": "68591000", "investmentIncomeNet": "None", "netInterestIncome": "None", "interestIncome": "None", "interestExpense": "44271000", "nonInterestIncome": "None", "otherNonOperatingIncome": "503000", "depreciation": "None", "depreciationAndAmortization": "61299000", "incomeBeforeTax": "30537000", "incomeTaxExpense": "44970000", "interestAndDebtExpense": "None", "netIncomeFromContinuingOperations": "30537000", "comprehensiveIncomeNetOfTax": "None", "ebit": "74184000", "ebitda": "135483000", "netIncome": "30341000"}, {"fiscalDateEnding": "2010-12-31", "reportedCurrency": "USD", "grossProfit": "138828000", "totalRevenue": "231892000", "costOfRevenue": "93064000", "costofGoodsAndServicesSold": "93064000", "operatingIncome": "71342000", "sellingGeneralAndAdministrative": "6871000", "researchAndDevelopment": "1685000", "operatingExpenses": "67486000", "investmentIncomeNet": "None", "netInterestIncome": "None", "interestIncome": "None", "interestExpense": "91210000", "nonInterestIncome": "None", "otherNonOperatingIncome": "None", "depreciation": "None", "depreciationAndAmortization": "60615000", "incomeBeforeTax": "147867000", "incomeTaxExpense": "122090000", "interestAndDebtExpense": "None", "netIncomeFromContinuingOperations": "0", "comprehensiveIncomeNetOfTax": "None", "ebit": "71342000", "ebitda": "131957000", "netIncome": "27027000"}, {"fiscalDateEnding": "2010-09-30", "reportedCurrency": "USD", "grossProfit": "136096000", "totalRevenue": "227583000", "costOfRevenue": "91487000", "costofGoodsAndServicesSold": "91487000", "operatingIncome": "70799000", "sellingGeneralAndAdministrative": "7039000", "researchAndDevelopment": "737000", "operatingExpenses": "67430000", "investmentIncomeNet": "None", "netInterestIncome": "None", "interestIncome": "None", "interestExpense": "48401000", "nonInterestIncome": "None", "otherNonOperatingIncome": "None", "depreciation": "None", "depreciationAndAmortization": "58628000", "incomeBeforeTax": "26212000", "incomeTaxExpense": "44012000", "interestAndDebtExpense": "None", "netIncomeFromContinuingOperations": "0", "comprehensiveIncomeNetOfTax": "None", "ebit": "70924000", "ebitda": "129552000", "netIncome": "24654000"}, {"fiscalDateEnding": "2010-06-30", "reportedCurrency": "USD", "grossProfit": "132898000", "totalRevenue": "220468000", "costOfRevenue": "87570000", "costofGoodsAndServicesSold": "87570000", "operatingIncome": "69888000", "sellingGeneralAndAdministrative": "4041000", "researchAndDevelopment": "443000", "operatingExpenses": "63010000", "investmentIncomeNet": "None", "netInterestIncome": "None", "interestIncome": "None", "interestExpense": "41458000", "nonInterestIncome": "None", "otherNonOperatingIncome": "463000", "depreciation": "None", "depreciationAndAmortization": "57479000", "incomeBeforeTax": "51066000", "incomeTaxExpense": "18763000", "interestAndDebtExpense": "None", "netIncomeFromContinuingOperations": "28893000", "comprehensiveIncomeNetOfTax": "None", "ebit": "70097000", "ebitda": "127576000", "netIncome": "51125000"}, {"fiscalDateEnding": "2010-03-31", "reportedCurrency": "USD", "grossProfit": "128928000", "totalRevenue": "215587000", "costOfRevenue": "86659000", "costofGoodsAndServicesSold": "86659000", "operatingIncome": "62394000", "sellingGeneralAndAdministrative": "8895000", "researchAndDevelopment": "505000", "operatingExpenses": "66534000", "investmentIncomeNet": "None", "netInterestIncome": "None", "interestIncome": "None", "interestExpense": "42541000", "nonInterestIncome": "None", "otherNonOperatingIncome": "227000", "depreciation": "None", "depreciationAndAmortization": "56095000", "incomeBeforeTax": "72366000", "incomeTaxExpense": "-10129000", "interestAndDebtExpense": "None", "netIncomeFromContinuingOperations": "20080000", "comprehensiveIncomeNetOfTax": "None", "ebit": "62167000", "ebitda": "118262000", "netIncome": "72523000"}, {"fiscalDateEnding": "2009-12-31", "reportedCurrency": "USD", "grossProfit": "112684000", "totalRevenue": "193741000", "costOfRevenue": "81057000", "costofGoodsAndServicesSold": "81057000", "operatingIncome": "26603000", "sellingGeneralAndAdministrative": "10360000", "researchAndDevelopment": "0", "operatingExpenses": "86081000", "investmentIncomeNet": "None", "netInterestIncome": "None", "interestIncome": "None", "interestExpense": "42487000", "nonInterestIncome": "None", "otherNonOperatingIncome": "None", "depreciation": "None", "depreciationAndAmortization": "56593000", "incomeBeforeTax": "27644000", "incomeTaxExpense": "-8489000", "interestAndDebtExpense": "None", "netIncomeFromContinuingOperations": "0", "comprehensiveIncomeNetOfTax": "None", "ebit": "26603000", "ebitda": "83196000", "netIncome": "32394000"}, {"fiscalDateEnding": "2009-09-30", "reportedCurrency": "USD", "grossProfit": "134483000", "totalRevenue": "222051000", "costOfRevenue": "87568000", "costofGoodsAndServicesSold": "87568000", "operatingIncome": "29868000", "sellingGeneralAndAdministrative": "5750000", "researchAndDevelopment": "0", "operatingExpenses": "60710000", "investmentIncomeNet": "None", "netInterestIncome": "None", "interestIncome": "None", "interestExpense": "41208000", "nonInterestIncome": "None", "otherNonOperatingIncome": "431000", "depreciation": "None", "depreciationAndAmortization": "54960000", "incomeBeforeTax": "58101000", "incomeTaxExpense": "15619000", "interestAndDebtExpense": "None", "netIncomeFromContinuingOperations": "30299000", "comprehensiveIncomeNetOfTax": "None", "ebit": "68876000", "ebitda": "123836000", "netIncome": "58154000"}, {"fiscalDateEnding": "2009-06-30", "reportedCurrency": "USD", "grossProfit": "156964000", "totalRevenue": "222144000", "costOfRevenue": "65180000", "costofGoodsAndServicesSold": "65180000", "operatingIncome": "73918000", "sellingGeneralAndAdministrative": "5390000", "researchAndDevelopment": "0", "operatingExpenses": "79858000", "investmentIncomeNet": "None", "netInterestIncome": "None", "interestIncome": "None", "interestExpense": "37385000", "nonInterestIncome": "None", "otherNonOperatingIncome": "None", "depreciation": "None", "depreciationAndAmortization": "53737000", "incomeBeforeTax": "16723000", "incomeTaxExpense": "60383000", "interestAndDebtExpense": "None", "netIncomeFromContinuingOperations": "0", "comprehensiveIncomeNetOfTax": "None", "ebit": "69749000", "ebitda": "123486000", "netIncome": "17674000"}, {"fiscalDateEnding": "2009-03-31", "reportedCurrency": "USD", "grossProfit": "154338000", "totalRevenue": "219483000", "costOfRevenue": "65145000", "costofGoodsAndServicesSold": "65145000", "operatingIncome": "72748000", "sellingGeneralAndAdministrative": "7247000", "researchAndDevelopment": "0", "operatingExpenses": "81590000", "investmentIncomeNet": "None", "netInterestIncome": "None", "interestIncome": "None", "interestExpense": "29157000", "nonInterestIncome": "None", "otherNonOperatingIncome": "None", "depreciation": "None", "depreciationAndAmortization": "52640000", "incomeBeforeTax": "76205000", "incomeTaxExpense": "29104000", "interestAndDebtExpense": "None", "netIncomeFromContinuingOperations": "0", "comprehensiveIncomeNetOfTax": "None", "ebit": "72748000", "ebitda": "125388000", "netIncome": "47749000"}, {"fiscalDateEnding": "2008-12-31", "reportedCurrency": "USD", "grossProfit": "71227000", "totalRevenue": "220353000", "costOfRevenue": "149126000", "costofGoodsAndServicesSold": "149126000", "operatingIncome": "61139000", "sellingGeneralAndAdministrative": "15960000", "researchAndDevelopment": "0", "operatingExpenses": "10088000", "investmentIncomeNet": "None", "netInterestIncome": "None", "interestIncome": "None", "interestExpense": "29256000", "nonInterestIncome": "None", "otherNonOperatingIncome": "None", "depreciation": "None", "depreciationAndAmortization": "50955000", "incomeBeforeTax": "411487000", "incomeTaxExpense": "409365000", "interestAndDebtExpense": "None", "netIncomeFromContinuingOperations": "0", "comprehensiveIncomeNetOfTax": "None", "ebit": "61348000", "ebitda": "112303000", "netIncome": "2123000"}, {"fiscalDateEnding": "2008-09-30", "reportedCurrency": "USD", "grossProfit": "134066000", "totalRevenue": "218492000", "costOfRevenue": "84426000", "costofGoodsAndServicesSold": "84426000", "operatingIncome": "75351000", "sellingGeneralAndAdministrative": "9318000", "researchAndDevelopment": "0", "operatingExpenses": "30351000", "investmentIncomeNet": "None", "netInterestIncome": "None", "interestIncome": "None", "interestExpense": "28364000", "nonInterestIncome": "None", "otherNonOperatingIncome": "None", "depreciation": "None", "depreciationAndAmortization": "49397000", "incomeBeforeTax": "233581000", "incomeTaxExpense": "-128676000", "interestAndDebtExpense": "None", "netIncomeFromContinuingOperations": "0", "comprehensiveIncomeNetOfTax": "None", "ebit": "74825000", "ebitda": "124222000", "netIncome": "231406000"}, {"fiscalDateEnding": "2008-06-30", "reportedCurrency": "USD", "grossProfit": "134059000", "totalRevenue": "214222000", "costOfRevenue": "80163000", "costofGoodsAndServicesSold": "80163000", "operatingIncome": "75287000", "sellingGeneralAndAdministrative": "9383000", "researchAndDevelopment": "0", "operatingExpenses": "138935000", "investmentIncomeNet": "None", "netInterestIncome": "None", "interestIncome": "None", "interestExpense": "21913000", "nonInterestIncome": "None", "otherNonOperatingIncome": "None", "depreciation": "None", "depreciationAndAmortization": "58936000", "incomeBeforeTax": "51052000", "incomeTaxExpense": "3728000", "interestAndDebtExpense": "None", "netIncomeFromContinuingOperations": "0", "comprehensiveIncomeNetOfTax": "None", "ebit": "75287000", "ebitda": "134223000", "netIncome": "122984000"}, {"fiscalDateEnding": "2008-03-31", "reportedCurrency": "USD", "grossProfit": "152085000", "totalRevenue": "211838000", "costOfRevenue": "59753000", "costofGoodsAndServicesSold": "59753000", "operatingIncome": "74807000", "sellingGeneralAndAdministrative": "8119000", "researchAndDevelopment": "0", "operatingExpenses": "137031000", "investmentIncomeNet": "None", "netInterestIncome": "None", "interestIncome": "None", "interestExpense": "27661000", "nonInterestIncome": "None", "otherNonOperatingIncome": "None", "depreciation": "None", "depreciationAndAmortization": "48792000", "incomeBeforeTax": "74841000", "incomeTaxExpense": "26357000", "interestAndDebtExpense": "None", "netIncomeFromContinuingOperations": "0", "comprehensiveIncomeNetOfTax": "None", "ebit": "74807000", "ebitda": "123599000", "netIncome": "46275000"}, {"fiscalDateEnding": "2007-12-31", "reportedCurrency": "USD", "grossProfit": "212386000", "totalRevenue": "212386000", "costOfRevenue": "135217000", "costofGoodsAndServicesSold": "135217000", "operatingIncome": "70393000", "sellingGeneralAndAdministrative": "8427000", "researchAndDevelopment": "0", "operatingExpenses": "-100709000", "investmentIncomeNet": "None", "netInterestIncome": "None", "interestIncome": "None", "interestExpense": "97545000", "nonInterestIncome": "None", "otherNonOperatingIncome": "None", "depreciation": "None", "depreciationAndAmortization": "36368000", "incomeBeforeTax": "358160000", "incomeTaxExpense": "226341000", "interestAndDebtExpense": "None", "netIncomeFromContinuingOperations": "0", "comprehensiveIncomeNetOfTax": "None", "ebit": "81203000", "ebitda": "117571000", "netIncome": "129645000"}, {"fiscalDateEnding": "2007-09-30", "reportedCurrency": "USD", "grossProfit": "149489000", "totalRevenue": "208124000", "costOfRevenue": "58635000", "costofGoodsAndServicesSold": "58635000", "operatingIncome": "75194000", "sellingGeneralAndAdministrative": "6645000", "researchAndDevelopment": "0", "operatingExpenses": "132930000", "investmentIncomeNet": "None", "netInterestIncome": "None", "interestIncome": "None", "interestExpense": "26937000", "nonInterestIncome": "None", "otherNonOperatingIncome": "None", "depreciation": "None", "depreciationAndAmortization": "49092000", "incomeBeforeTax": "530", "incomeTaxExpense": "-95687470", "interestAndDebtExpense": "None", "netIncomeFromContinuingOperations": "0", "comprehensiveIncomeNetOfTax": "None", "ebit": "64203000", "ebitda": "113295000", "netIncome": "126594000"}, {"fiscalDateEnding": "2007-06-30", "reportedCurrency": "USD", "grossProfit": "201936000", "totalRevenue": "201936000", "costOfRevenue": "118789000", "costofGoodsAndServicesSold": "118789000", "operatingIncome": "73828000", "sellingGeneralAndAdministrative": "6642000", "researchAndDevelopment": "0", "operatingExpenses": "128108000", "investmentIncomeNet": "None", "netInterestIncome": "None", "interestIncome": "None", "interestExpense": "26595000", "nonInterestIncome": "None", "otherNonOperatingIncome": "None", "depreciation": "None", "depreciationAndAmortization": "46632000", "incomeBeforeTax": "470", "incomeTaxExpense": "-15129530", "interestAndDebtExpense": "None", "netIncomeFromContinuingOperations": "0", "comprehensiveIncomeNetOfTax": "None", "ebit": "73828000", "ebitda": "120460000", "netIncome": "46702000"}, {"fiscalDateEnding": "2007-03-31", "reportedCurrency": "USD", "grossProfit": "196706000", "totalRevenue": "196706000", "costOfRevenue": "118933000", "costofGoodsAndServicesSold": "118933000", "operatingIncome": "70388000", "sellingGeneralAndAdministrative": "6780000", "researchAndDevelopment": "0", "operatingExpenses": "126318000", "investmentIncomeNet": "None", "netInterestIncome": "None", "interestIncome": "None", "interestExpense": "28664000", "nonInterestIncome": "None", "otherNonOperatingIncome": "None", "depreciation": "None", "depreciationAndAmortization": "49633000", "incomeBeforeTax": "114077000", "incomeTaxExpense": "23868000", "interestAndDebtExpense": "None", "netIncomeFromContinuingOperations": "0", "comprehensiveIncomeNetOfTax": "None", "ebit": "61842000", "ebitda": "111475000", "netIncome": "44345000"}, {"fiscalDateEnding": "2006-12-31", "reportedCurrency": "USD", "grossProfit": "193800000", "totalRevenue": "193800000", "costOfRevenue": "122358000", "costofGoodsAndServicesSold": "122358000", "operatingIncome": "72026000", "sellingGeneralAndAdministrative": "6372000", "researchAndDevelopment": "0", "operatingExpenses": "121774000", "investmentIncomeNet": "None", "netInterestIncome": "None", "interestIncome": "None", "interestExpense": "111046000", "nonInterestIncome": "None", "otherNonOperatingIncome": "None", "depreciation": "None", "depreciationAndAmortization": "43265000", "incomeBeforeTax": "278399000", "incomeTaxExpense": "229122000", "interestAndDebtExpense": "None", "netIncomeFromContinuingOperations": "0", "comprehensiveIncomeNetOfTax": "None", "ebit": "72026000", "ebitda": "115291000", "netIncome": "47102000"}, {"fiscalDateEnding": "2006-09-30", "reportedCurrency": "USD", "grossProfit": "187667000", "totalRevenue": "187667000", "costOfRevenue": "117163000", "costofGoodsAndServicesSold": "117163000", "operatingIncome": "71054000", "sellingGeneralAndAdministrative": "5633000", "researchAndDevelopment": "0", "operatingExpenses": "116613000", "investmentIncomeNet": "None", "netInterestIncome": "None", "interestIncome": "None", "interestExpense": "26937000", "nonInterestIncome": "None", "otherNonOperatingIncome": "None", "depreciation": "None", "depreciationAndAmortization": "121525000", "incomeBeforeTax": "45076000", "incomeTaxExpense": "25978000", "interestAndDebtExpense": "None", "netIncomeFromContinuingOperations": "0", "comprehensiveIncomeNetOfTax": "None", "ebit": "-12431000", "ebitda": "109094000", "netIncome": "39938000"}, {"fiscalDateEnding": "2006-06-30", "reportedCurrency": "USD", "grossProfit": "180675000", "totalRevenue": "180675000", "costOfRevenue": "115470000", "costofGoodsAndServicesSold": "115470000", "operatingIncome": "64422000", "sellingGeneralAndAdministrative": "6479000", "researchAndDevelopment": "0", "operatingExpenses": "116253000", "investmentIncomeNet": "None", "netInterestIncome": "None", "interestIncome": "None", "interestExpense": "37318000", "nonInterestIncome": "None", "otherNonOperatingIncome": "None", "depreciation": "None", "depreciationAndAmortization": "3045000", "incomeBeforeTax": "32991000", "incomeTaxExpense": "32646000", "interestAndDebtExpense": "None", "netIncomeFromContinuingOperations": "0", "comprehensiveIncomeNetOfTax": "None", "ebit": "100492000", "ebitda": "103537000", "netIncome": "64831000"}, {"fiscalDateEnding": "2006-03-31", "reportedCurrency": "USD", "grossProfit": "173807000", "totalRevenue": "173807000", "costOfRevenue": "114138000", "costofGoodsAndServicesSold": "114138000", "operatingIncome": "62291000", "sellingGeneralAndAdministrative": "6283000", "researchAndDevelopment": "0", "operatingExpenses": "111516000", "investmentIncomeNet": "None", "netInterestIncome": "None", "interestIncome": "None", "interestExpense": "28664000", "nonInterestIncome": "None", "otherNonOperatingIncome": "None", "depreciation": "None", "depreciationAndAmortization": "5156000", "incomeBeforeTax": "114077000", "incomeTaxExpense": "-17323000", "interestAndDebtExpense": "None", "netIncomeFromContinuingOperations": "0", "comprehensiveIncomeNetOfTax": "None", "ebit": "100248000", "ebitda": "105404000", "netIncome": "108939000"}, {"fiscalDateEnding": "2005-12-31", "reportedCurrency": "USD", "grossProfit": "174977000", "totalRevenue": "174977000", "costOfRevenue": "114371000", "costofGoodsAndServicesSold": "114371000", "operatingIncome": "60922000", "sellingGeneralAndAdministrative": "6483000", "researchAndDevelopment": "0", "operatingExpenses": "114055000", "investmentIncomeNet": "None", "netInterestIncome": "None", "interestIncome": "None", "interestExpense": "127099000", "nonInterestIncome": "None", "otherNonOperatingIncome": "None", "depreciation": "None", "depreciationAndAmortization": "43585000", "incomeBeforeTax": "322378000", "incomeTaxExpense": "225649000", "interestAndDebtExpense": "None", "netIncomeFromContinuingOperations": "0", "comprehensiveIncomeNetOfTax": "None", "ebit": "60922000", "ebitda": "104507000", "netIncome": "94554000"}, {"fiscalDateEnding": "2005-09-30", "reportedCurrency": "USD", "grossProfit": "169992000", "totalRevenue": "169992000", "costOfRevenue": "111970000", "costofGoodsAndServicesSold": "111970000", "operatingIncome": "57718000", "sellingGeneralAndAdministrative": "5857000", "researchAndDevelopment": "0", "operatingExpenses": "112274000", "investmentIncomeNet": "None", "netInterestIncome": "None", "interestIncome": "None", "interestExpense": "31787000", "nonInterestIncome": "None", "otherNonOperatingIncome": "None", "depreciation": "None", "depreciationAndAmortization": "41005000", "incomeBeforeTax": "99128000", "incomeTaxExpense": "62531000", "interestAndDebtExpense": "None", "netIncomeFromContinuingOperations": "0", "comprehensiveIncomeNetOfTax": "None", "ebit": "57718000", "ebitda": "98723000", "netIncome": "96953000"}, {"fiscalDateEnding": "2005-06-30", "reportedCurrency": "USD", "grossProfit": "171877000", "totalRevenue": "171877000", "costOfRevenue": "107956000", "costofGoodsAndServicesSold": "107956000", "operatingIncome": "61122000", "sellingGeneralAndAdministrative": "6262000", "researchAndDevelopment": "0", "operatingExpenses": "110755000", "investmentIncomeNet": "None", "netInterestIncome": "None", "interestIncome": "None", "interestExpense": "38148000", "nonInterestIncome": "None", "otherNonOperatingIncome": "None", "depreciation": "None", "depreciationAndAmortization": "42122000", "incomeBeforeTax": "70356000", "incomeTaxExpense": "4211000", "interestAndDebtExpense": "None", "netIncomeFromContinuingOperations": "0", "comprehensiveIncomeNetOfTax": "None", "ebit": "61122000", "ebitda": "103244000", "netIncome": "54736000"}, {"fiscalDateEnding": "2005-03-31", "reportedCurrency": "USD", "grossProfit": "168711000", "totalRevenue": "168711000", "costOfRevenue": "107331000", "costofGoodsAndServicesSold": "107331000", "operatingIncome": "57163000", "sellingGeneralAndAdministrative": "7159000", "researchAndDevelopment": "0", "operatingExpenses": "111548000", "investmentIncomeNet": "None", "netInterestIncome": "None", "interestIncome": "None", "interestExpense": "37782000", "nonInterestIncome": "None", "otherNonOperatingIncome": "None", "depreciation": "None", "depreciationAndAmortization": "43689000", "incomeBeforeTax": "28441000", "incomeTaxExpense": "-12447000", "interestAndDebtExpense": "None", "netIncomeFromContinuingOperations": "0", "comprehensiveIncomeNetOfTax": "None", "ebit": "48625000", "ebitda": "92314000", "netIncome": "67435000"}, {"fiscalDateEnding": "2004-12-31", "reportedCurrency": "USD", "grossProfit": "161413000", "totalRevenue": "161413000", "costOfRevenue": "105855000", "costofGoodsAndServicesSold": "105855000", "operatingIncome": "54678000", "sellingGeneralAndAdministrative": "6303000", "researchAndDevelopment": "0", "operatingExpenses": "106735000", "investmentIncomeNet": "None", "netInterestIncome": "None", "interestIncome": "None", "interestExpense": "131314000", "nonInterestIncome": "None", "otherNonOperatingIncome": "None", "depreciation": "None", "depreciationAndAmortization": "41613000", "incomeBeforeTax": "219745000", "incomeTaxExpense": "105677000", "interestAndDebtExpense": "None", "netIncomeFromContinuingOperations": "0", "comprehensiveIncomeNetOfTax": "None", "ebit": "54678000", "ebitda": "96291000", "netIncome": "111894000"}]}