{"symbol": "AME", "annualReports": [{"fiscalDateEnding": "2024-12-31", "reportedCurrency": "USD", "grossProfit": "2476467000", "totalRevenue": "6941180000", "costOfRevenue": "4464713000", "costofGoodsAndServicesSold": "4464713000", "operatingIncome": "1779562000", "sellingGeneralAndAdministrative": "696905000", "researchAndDevelopment": "None", "operatingExpenses": "696905000", "investmentIncomeNet": "None", "netInterestIncome": "-112962000", "interestIncome": "None", "interestExpense": "112962000", "nonInterestIncome": "None", "otherNonOperatingIncome": "None", "depreciation": "None", "depreciationAndAmortization": "382927000", "incomeBeforeTax": "1661539000", "incomeTaxExpense": "285415000", "interestAndDebtExpense": "None", "netIncomeFromContinuingOperations": "1376124000", "comprehensiveIncomeNetOfTax": "None", "ebit": "1774501000", "ebitda": "2157428000", "netIncome": "1376124000"}, {"fiscalDateEnding": "2023-12-31", "reportedCurrency": "USD", "grossProfit": "6596950000", "totalRevenue": "6596950000", "costOfRevenue": "4160292000", "costofGoodsAndServicesSold": "4160292000", "operatingIncome": "1707459000", "sellingGeneralAndAdministrative": "670883000", "researchAndDevelopment": "220800000", "operatingExpenses": "4889491000", "investmentIncomeNet": "None", "netInterestIncome": "-80699000", "interestIncome": "None", "interestExpense": "81795000", "nonInterestIncome": "None", "otherNonOperatingIncome": "None", "depreciation": "None", "depreciationAndAmortization": "334172000", "incomeBeforeTax": "1606412000", "incomeTaxExpense": "293224000", "interestAndDebtExpense": "None", "netIncomeFromContinuingOperations": "1277405000", "comprehensiveIncomeNetOfTax": "None", "ebit": "1707459000", "ebitda": "2041631000", "netIncome": "1313188000"}, {"fiscalDateEnding": "2022-12-31", "reportedCurrency": "USD", "grossProfit": "2145269000", "totalRevenue": "6150530000", "costOfRevenue": "4005261000", "costofGoodsAndServicesSold": "4005261000", "operatingIncome": "1500692000", "sellingGeneralAndAdministrative": "644577000", "researchAndDevelopment": "198800000", "operatingExpenses": "644577000", "investmentIncomeNet": "None", "netInterestIncome": "-83186000", "interestIncome": "83186000", "interestExpense": "83186000", "nonInterestIncome": "None", "otherNonOperatingIncome": "11186000", "depreciation": "None", "depreciationAndAmortization": "319427000", "incomeBeforeTax": "1428692000", "incomeTaxExpense": "269150000", "interestAndDebtExpense": "None", "netIncomeFromContinuingOperations": "1159542000", "comprehensiveIncomeNetOfTax": "None", "ebit": "1511878000", "ebitda": "1831305000", "netIncome": "1159542000"}, {"fiscalDateEnding": "2021-12-31", "reportedCurrency": "USD", "grossProfit": "1912614000", "totalRevenue": "5546514000", "costOfRevenue": "3633900000", "costofGoodsAndServicesSold": "3633900000", "operatingIncome": "1308670000", "sellingGeneralAndAdministrative": "603944000", "researchAndDevelopment": "194200000", "operatingExpenses": "603944000", "investmentIncomeNet": "None", "netInterestIncome": "-80381000", "interestIncome": "80381000", "interestExpense": "80381000", "nonInterestIncome": "None", "otherNonOperatingIncome": "-5119000", "depreciation": "None", "depreciationAndAmortization": "292112000", "incomeBeforeTax": "1223170000", "incomeTaxExpense": "233117000", "interestAndDebtExpense": "None", "netIncomeFromContinuingOperations": "990053000", "comprehensiveIncomeNetOfTax": "None", "ebit": "1303551000", "ebitda": "1595663000", "netIncome": "990053000"}, {"fiscalDateEnding": "2020-12-31", "reportedCurrency": "USD", "grossProfit": "1543514000", "totalRevenue": "4540029000", "costOfRevenue": "2996515000", "costofGoodsAndServicesSold": "2996515000", "operatingIncome": "1027884000", "sellingGeneralAndAdministrative": "515630000", "researchAndDevelopment": "158900000", "operatingExpenses": "515630000", "investmentIncomeNet": "None", "netInterestIncome": "-86062000", "interestIncome": "86062000", "interestExpense": "86062000", "nonInterestIncome": "None", "otherNonOperatingIncome": "140487000", "depreciation": "None", "depreciationAndAmortization": "255275000", "incomeBeforeTax": "1082309000", "incomeTaxExpense": "209870000", "interestAndDebtExpense": "None", "netIncomeFromContinuingOperations": "872439000", "comprehensiveIncomeNetOfTax": "None", "ebit": "1168371000", "ebitda": "1423646000", "netIncome": "872439000"}, {"fiscalDateEnding": "2019-12-31", "reportedCurrency": "USD", "grossProfit": "1787660000", "totalRevenue": "5158557000", "costOfRevenue": "3370897000", "costofGoodsAndServicesSold": "3370897000", "operatingIncome": "1177380000", "sellingGeneralAndAdministrative": "610280000", "researchAndDevelopment": "161900000", "operatingExpenses": "610280000", "investmentIncomeNet": "None", "netInterestIncome": "-88481000", "interestIncome": "88481000", "interestExpense": "88481000", "nonInterestIncome": "None", "otherNonOperatingIncome": "-19151000", "depreciation": "None", "depreciationAndAmortization": "234042000", "incomeBeforeTax": "1069748000", "incomeTaxExpense": "208451000", "interestAndDebtExpense": "None", "netIncomeFromContinuingOperations": "861297000", "comprehensiveIncomeNetOfTax": "None", "ebit": "1158229000", "ebitda": "1392271000", "netIncome": "861297000"}, {"fiscalDateEnding": "2018-12-31", "reportedCurrency": "USD", "grossProfit": "1659562000", "totalRevenue": "4845872000", "costOfRevenue": "3186310000", "costofGoodsAndServicesSold": "3186310000", "operatingIncome": "1075540000", "sellingGeneralAndAdministrative": "584022000", "researchAndDevelopment": "141000000", "operatingExpenses": "584022000", "investmentIncomeNet": "None", "netInterestIncome": "-82180000", "interestIncome": "82180000", "interestExpense": "82180000", "nonInterestIncome": "None", "otherNonOperatingIncome": "-5615000", "depreciation": "None", "depreciationAndAmortization": "199490000", "incomeBeforeTax": "987745000", "incomeTaxExpense": "209812000", "interestAndDebtExpense": "None", "netIncomeFromContinuingOperations": "777933000", "comprehensiveIncomeNetOfTax": "None", "ebit": "1069925000", "ebitda": "1269415000", "netIncome": "777933000"}, {"fiscalDateEnding": "2017-12-31", "reportedCurrency": "USD", "grossProfit": "1438800000", "totalRevenue": "4300170000", "costOfRevenue": "2861370000", "costofGoodsAndServicesSold": "2861370000", "operatingIncome": "903620000", "sellingGeneralAndAdministrative": "533645000", "researchAndDevelopment": "130400000", "operatingExpenses": "535180000", "investmentIncomeNet": "None", "netInterestIncome": "-98029000", "interestIncome": "98029000", "interestExpense": "98029000", "nonInterestIncome": "None", "otherNonOperatingIncome": "-20336000", "depreciation": "None", "depreciationAndAmortization": "183227000", "incomeBeforeTax": "796729000", "incomeTaxExpense": "115259000", "interestAndDebtExpense": "None", "netIncomeFromContinuingOperations": "681470000", "comprehensiveIncomeNetOfTax": "None", "ebit": "894758000", "ebitda": "1077985000", "netIncome": "681470000"}, {"fiscalDateEnding": "2016-12-31", "reportedCurrency": "USD", "grossProfit": "1254588000", "totalRevenue": "3840087000", "costOfRevenue": "2585499000", "costofGoodsAndServicesSold": "2585499000", "operatingIncome": "790979000", "sellingGeneralAndAdministrative": "462970000", "researchAndDevelopment": "112000000", "operatingExpenses": "463609000", "investmentIncomeNet": "None", "netInterestIncome": "-94304000", "interestIncome": "94304000", "interestExpense": "94304000", "nonInterestIncome": "None", "otherNonOperatingIncome": "-14490000", "depreciation": "None", "depreciationAndAmortization": "179716000", "incomeBeforeTax": "693103000", "incomeTaxExpense": "180945000", "interestAndDebtExpense": "None", "netIncomeFromContinuingOperations": "512158000", "comprehensiveIncomeNetOfTax": "None", "ebit": "787407000", "ebitda": "967123000", "netIncome": "512158000"}, {"fiscalDateEnding": "2015-12-31", "reportedCurrency": "USD", "grossProfit": "1356308000", "totalRevenue": "3974295000", "costOfRevenue": "2617987000", "costofGoodsAndServicesSold": "2617987000", "operatingIncome": "907716000", "sellingGeneralAndAdministrative": "448592000", "researchAndDevelopment": "116300000", "operatingExpenses": "448592000", "investmentIncomeNet": "None", "netInterestIncome": "None", "interestIncome": "91795000", "interestExpense": "91795000", "nonInterestIncome": "None", "otherNonOperatingIncome": "-9541000", "depreciation": "None", "depreciationAndAmortization": "149460000", "incomeBeforeTax": "806380000", "incomeTaxExpense": "215521000", "interestAndDebtExpense": "None", "netIncomeFromContinuingOperations": "590859000", "comprehensiveIncomeNetOfTax": "None", "ebit": "898175000", "ebitda": "1047635000", "netIncome": "590859000"}, {"fiscalDateEnding": "2014-12-31", "reportedCurrency": "USD", "grossProfit": "1361223000", "totalRevenue": "4021964000", "costOfRevenue": "2660741000", "costofGoodsAndServicesSold": "2660741000", "operatingIncome": "898586000", "sellingGeneralAndAdministrative": "462637000", "researchAndDevelopment": "208300000", "operatingExpenses": "462637000", "investmentIncomeNet": "None", "netInterestIncome": "None", "interestIncome": "None", "interestExpense": "79928000", "nonInterestIncome": "None", "otherNonOperatingIncome": "-13826000", "depreciation": "None", "depreciationAndAmortization": "138584000", "incomeBeforeTax": "804832000", "incomeTaxExpense": "220372000", "interestAndDebtExpense": "None", "netIncomeFromContinuingOperations": "584460000", "comprehensiveIncomeNetOfTax": "None", "ebit": "884760000", "ebitda": "1023344000", "netIncome": "584460000"}, {"fiscalDateEnding": "2013-12-31", "reportedCurrency": "USD", "grossProfit": "1270494000", "totalRevenue": "3594136000", "costOfRevenue": "2323642000", "costofGoodsAndServicesSold": "2323642000", "operatingIncome": "815079000", "sellingGeneralAndAdministrative": "398177000", "researchAndDevelopment": "178700000", "operatingExpenses": "455415000", "investmentIncomeNet": "None", "netInterestIncome": "None", "interestIncome": "None", "interestExpense": "73572000", "nonInterestIncome": "None", "otherNonOperatingIncome": "-16712000", "depreciation": "None", "depreciationAndAmortization": "118657000", "incomeBeforeTax": "724795000", "incomeTaxExpense": "207796000", "interestAndDebtExpense": "None", "netIncomeFromContinuingOperations": "516999000", "comprehensiveIncomeNetOfTax": "None", "ebit": "798367000", "ebitda": "917024000", "netIncome": "516999000"}, {"fiscalDateEnding": "2012-12-31", "reportedCurrency": "USD", "grossProfit": "1180081000", "totalRevenue": "3334213000", "costOfRevenue": "2154132000", "costofGoodsAndServicesSold": "2154132000", "operatingIncome": "745872000", "sellingGeneralAndAdministrative": "380532000", "researchAndDevelopment": "154800000", "operatingExpenses": "434209000", "investmentIncomeNet": "None", "netInterestIncome": "None", "interestIncome": "None", "interestExpense": "75472000", "nonInterestIncome": "None", "otherNonOperatingIncome": "-7925000", "depreciation": "None", "depreciationAndAmortization": "105471000", "incomeBeforeTax": "662475000", "incomeTaxExpense": "203343000", "interestAndDebtExpense": "None", "netIncomeFromContinuingOperations": "459132000", "comprehensiveIncomeNetOfTax": "None", "ebit": "737947000", "ebitda": "843418000", "netIncome": "459132000"}, {"fiscalDateEnding": "2011-12-31", "reportedCurrency": "USD", "grossProfit": "1034135000", "totalRevenue": "2989914000", "costOfRevenue": "1955779000", "costofGoodsAndServicesSold": "1955779000", "operatingIncome": "635941000", "sellingGeneralAndAdministrative": "349321000", "researchAndDevelopment": "78000000", "operatingExpenses": "398194000", "investmentIncomeNet": "None", "netInterestIncome": "None", "interestIncome": "None", "interestExpense": "69729000", "nonInterestIncome": "None", "otherNonOperatingIncome": "-9570000", "depreciation": "None", "depreciationAndAmortization": "86532000", "incomeBeforeTax": "556642000", "incomeTaxExpense": "172178000", "interestAndDebtExpense": "None", "netIncomeFromContinuingOperations": "384464000", "comprehensiveIncomeNetOfTax": "None", "ebit": "626371000", "ebitda": "712903000", "netIncome": "384464000"}, {"fiscalDateEnding": "2010-12-31", "reportedCurrency": "USD", "grossProfit": "824060000", "totalRevenue": "2470952000", "costOfRevenue": "1646892000", "costofGoodsAndServicesSold": "1646892000", "operatingIncome": "482158000", "sellingGeneralAndAdministrative": "296482000", "researchAndDevelopment": "56800000", "operatingExpenses": "341902000", "investmentIncomeNet": "None", "netInterestIncome": "None", "interestIncome": "None", "interestExpense": "67522000", "nonInterestIncome": "None", "otherNonOperatingIncome": "-8386000", "depreciation": "None", "depreciationAndAmortization": "72896000", "incomeBeforeTax": "406250000", "incomeTaxExpense": "122318000", "interestAndDebtExpense": "None", "netIncomeFromContinuingOperations": "283932000", "comprehensiveIncomeNetOfTax": "None", "ebit": "473772000", "ebitda": "546668000", "netIncome": "283932000"}, {"fiscalDateEnding": "2009-12-31", "reportedCurrency": "USD", "grossProfit": "662402000", "totalRevenue": "2098355000", "costOfRevenue": "1435953000", "costofGoodsAndServicesSold": "1435953000", "operatingIncome": "366050000", "sellingGeneralAndAdministrative": "254143000", "researchAndDevelopment": "50500000", "operatingExpenses": "296352000", "investmentIncomeNet": "None", "netInterestIncome": "None", "interestIncome": "None", "interestExpense": "68750000", "nonInterestIncome": "None", "otherNonOperatingIncome": "-2667000", "depreciation": "None", "depreciationAndAmortization": "65500000", "incomeBeforeTax": "294633000", "incomeTaxExpense": "88863000", "interestAndDebtExpense": "None", "netIncomeFromContinuingOperations": "205770000", "comprehensiveIncomeNetOfTax": "None", "ebit": "363383000", "ebitda": "428883000", "netIncome": "205770000"}, {"fiscalDateEnding": "2008-12-31", "reportedCurrency": "USD", "grossProfit": "801049000", "totalRevenue": "2531135000", "costOfRevenue": "1730086000", "costofGoodsAndServicesSold": "1730086000", "operatingIncome": "432654000", "sellingGeneralAndAdministrative": "322552000", "researchAndDevelopment": "57500000", "operatingExpenses": "368395000", "investmentIncomeNet": "None", "netInterestIncome": "None", "interestIncome": "None", "interestExpense": "63652000", "nonInterestIncome": "None", "otherNonOperatingIncome": "None", "depreciation": "None", "depreciationAndAmortization": "63261000", "incomeBeforeTax": "366216000", "incomeTaxExpense": "119264000", "interestAndDebtExpense": "None", "netIncomeFromContinuingOperations": "None", "comprehensiveIncomeNetOfTax": "None", "ebit": "429868000", "ebitda": "493129000", "netIncome": "246952000"}, {"fiscalDateEnding": "2007-12-31", "reportedCurrency": "USD", "grossProfit": "692336000", "totalRevenue": "2136850000", "costOfRevenue": "1444514000", "costofGoodsAndServicesSold": "1444514000", "operatingIncome": "386574000", "sellingGeneralAndAdministrative": "263472000", "researchAndDevelopment": "52900000", "operatingExpenses": "305762000", "investmentIncomeNet": "None", "netInterestIncome": "None", "interestIncome": "None", "interestExpense": "46866000", "nonInterestIncome": "None", "otherNonOperatingIncome": "None", "depreciation": "None", "depreciationAndAmortization": "52665000", "incomeBeforeTax": "336444000", "incomeTaxExpense": "108424000", "interestAndDebtExpense": "None", "netIncomeFromContinuingOperations": "None", "comprehensiveIncomeNetOfTax": "None", "ebit": "383310000", "ebitda": "435975000", "netIncome": "228020000"}, {"fiscalDateEnding": "2006-12-31", "reportedCurrency": "USD", "grossProfit": "567370000", "totalRevenue": "1819290000", "costOfRevenue": "1251920000", "costofGoodsAndServicesSold": "1251920000", "operatingIncome": "308994000", "sellingGeneralAndAdministrative": "219454000", "researchAndDevelopment": "42000000", "operatingExpenses": "258376000", "investmentIncomeNet": "None", "netInterestIncome": "None", "interestIncome": "None", "interestExpense": "0", "nonInterestIncome": "None", "otherNonOperatingIncome": "None", "depreciation": "None", "depreciationAndAmortization": "45929000", "incomeBeforeTax": "263686000", "incomeTaxExpense": "81752000", "interestAndDebtExpense": "None", "netIncomeFromContinuingOperations": "None", "comprehensiveIncomeNetOfTax": "None", "ebit": "308994000", "ebitda": "354923000", "netIncome": "181934000"}, {"fiscalDateEnding": "2005-12-31", "reportedCurrency": "USD", "grossProfit": "442669000", "totalRevenue": "1434457000", "costOfRevenue": "991788000", "costofGoodsAndServicesSold": "991788000", "operatingIncome": "233488000", "sellingGeneralAndAdministrative": "171577000", "researchAndDevelopment": "34800000", "operatingExpenses": "209181000", "investmentIncomeNet": "None", "netInterestIncome": "None", "interestIncome": "None", "interestExpense": "32913000", "nonInterestIncome": "None", "otherNonOperatingIncome": "None", "depreciation": "None", "depreciationAndAmortization": "39429000", "incomeBeforeTax": "198287000", "incomeTaxExpense": "61930000", "interestAndDebtExpense": "None", "netIncomeFromContinuingOperations": "None", "comprehensiveIncomeNetOfTax": "None", "ebit": "233488000", "ebitda": "272917000", "netIncome": "136357000"}], "quarterlyReports": [{"fiscalDateEnding": "2024-12-31", "reportedCurrency": "USD", "grossProfit": "644749000", "totalRevenue": "1761602000", "costOfRevenue": "1116853000", "costofGoodsAndServicesSold": "1116853000", "operatingIncome": "468981000", "sellingGeneralAndAdministrative": "175768000", "researchAndDevelopment": "None", "operatingExpenses": "175768000", "investmentIncomeNet": "None", "netInterestIncome": "-22000000", "interestIncome": "None", "interestExpense": "22000000", "nonInterestIncome": "None", "otherNonOperatingIncome": "None", "depreciation": "None", "depreciationAndAmortization": "95878000", "incomeBeforeTax": "444355000", "incomeTaxExpense": "57098000", "interestAndDebtExpense": "None", "netIncomeFromContinuingOperations": "387257000", "comprehensiveIncomeNetOfTax": "None", "ebit": "466355000", "ebitda": "562233000", "netIncome": "387257000"}, {"fiscalDateEnding": "2024-09-30", "reportedCurrency": "USD", "grossProfit": "615810000", "totalRevenue": "1708564000", "costOfRevenue": "1092754000", "costofGoodsAndServicesSold": "1092754000", "operatingIncome": "445851000", "sellingGeneralAndAdministrative": "169959000", "researchAndDevelopment": "None", "operatingExpenses": "169959000", "investmentIncomeNet": "None", "netInterestIncome": "-25118000", "interestIncome": "None", "interestExpense": "25118000", "nonInterestIncome": "None", "otherNonOperatingIncome": "None", "depreciation": "None", "depreciationAndAmortization": "90368000", "incomeBeforeTax": "418845000", "incomeTaxExpense": "78604000", "interestAndDebtExpense": "None", "netIncomeFromContinuingOperations": "340241000", "comprehensiveIncomeNetOfTax": "None", "ebit": "443963000", "ebitda": "534331000", "netIncome": "340241000"}, {"fiscalDateEnding": "2024-06-30", "reportedCurrency": "USD", "grossProfit": "624409000", "totalRevenue": "1734834000", "costOfRevenue": "1110425000", "costofGoodsAndServicesSold": "1110425000", "operatingIncome": "447514000", "sellingGeneralAndAdministrative": "176895000", "researchAndDevelopment": "None", "operatingExpenses": "176895000", "investmentIncomeNet": "None", "netInterestIncome": "-30590000", "interestIncome": "None", "interestExpense": "30590000", "nonInterestIncome": "None", "otherNonOperatingIncome": "None", "depreciation": "None", "depreciationAndAmortization": "98681000", "incomeBeforeTax": "417010000", "incomeTaxExpense": "79327000", "interestAndDebtExpense": "None", "netIncomeFromContinuingOperations": "337683000", "comprehensiveIncomeNetOfTax": "None", "ebit": "447600000", "ebitda": "546281000", "netIncome": "337683000"}, {"fiscalDateEnding": "2024-03-31", "reportedCurrency": "USD", "grossProfit": "591499000", "totalRevenue": "1736180000", "costOfRevenue": "1144681000", "costofGoodsAndServicesSold": "1144681000", "operatingIncome": "417216000", "sellingGeneralAndAdministrative": "174283000", "researchAndDevelopment": "None", "operatingExpenses": "174283000", "investmentIncomeNet": "None", "netInterestIncome": "-35254000", "interestIncome": "None", "interestExpense": "35254000", "nonInterestIncome": "None", "otherNonOperatingIncome": "None", "depreciation": "None", "depreciationAndAmortization": "98000000", "incomeBeforeTax": "381329000", "incomeTaxExpense": "70386000", "interestAndDebtExpense": "None", "netIncomeFromContinuingOperations": "310943000", "comprehensiveIncomeNetOfTax": "None", "ebit": "416583000", "ebitda": "514583000", "netIncome": "310943000"}, {"fiscalDateEnding": "2023-12-31", "reportedCurrency": "USD", "grossProfit": "615035000", "totalRevenue": "1730885000", "costOfRevenue": "1115850000", "costofGoodsAndServicesSold": "1115850000", "operatingIncome": "444992000", "sellingGeneralAndAdministrative": "170043000", "researchAndDevelopment": "351700000", "operatingExpenses": "170043000", "investmentIncomeNet": "None", "netInterestIncome": "-24117000", "interestIncome": "None", "interestExpense": "24117000", "nonInterestIncome": "None", "otherNonOperatingIncome": "None", "depreciation": "None", "depreciationAndAmortization": "91923000", "incomeBeforeTax": "416936000", "incomeTaxExpense": "74072000", "interestAndDebtExpense": "None", "netIncomeFromContinuingOperations": "342864000", "comprehensiveIncomeNetOfTax": "None", "ebit": "441053000", "ebitda": "532976000", "netIncome": "342864000"}, {"fiscalDateEnding": "2023-09-30", "reportedCurrency": "USD", "grossProfit": "601917000", "totalRevenue": "1622837000", "costOfRevenue": "1020920000", "costofGoodsAndServicesSold": "1020920000", "operatingIncome": "438135000", "sellingGeneralAndAdministrative": "163782000", "researchAndDevelopment": "None", "operatingExpenses": "163782000", "investmentIncomeNet": "None", "netInterestIncome": "-18386000", "interestIncome": "18386000", "interestExpense": "18386000", "nonInterestIncome": "None", "otherNonOperatingIncome": "None", "depreciation": "None", "depreciationAndAmortization": "81778000", "incomeBeforeTax": "413493000", "incomeTaxExpense": "73123000", "interestAndDebtExpense": "None", "netIncomeFromContinuingOperations": "340370000", "comprehensiveIncomeNetOfTax": "None", "ebit": "431879000", "ebitda": "513657000", "netIncome": "340370000"}, {"fiscalDateEnding": "2023-06-30", "reportedCurrency": "USD", "grossProfit": "592921000", "totalRevenue": "1646111000", "costOfRevenue": "1053190000", "costofGoodsAndServicesSold": "1053190000", "operatingIncome": "418791000", "sellingGeneralAndAdministrative": "174130000", "researchAndDevelopment": "None", "operatingExpenses": "174130000", "investmentIncomeNet": "None", "netInterestIncome": "-18723000", "interestIncome": "18723000", "interestExpense": "18723000", "nonInterestIncome": "None", "otherNonOperatingIncome": "-3684000", "depreciation": "None", "depreciationAndAmortization": "81556000", "incomeBeforeTax": "396384000", "incomeTaxExpense": "72142000", "interestAndDebtExpense": "None", "netIncomeFromContinuingOperations": "324242000", "comprehensiveIncomeNetOfTax": "None", "ebit": "415107000", "ebitda": "496663000", "netIncome": "324242000"}, {"fiscalDateEnding": "2023-03-31", "reportedCurrency": "USD", "grossProfit": "574592000", "totalRevenue": "1597117000", "costOfRevenue": "1022525000", "costofGoodsAndServicesSold": "1022525000", "operatingIncome": "405541000", "sellingGeneralAndAdministrative": "169051000", "researchAndDevelopment": "None", "operatingExpenses": "169051000", "investmentIncomeNet": "None", "netInterestIncome": "-20569000", "interestIncome": "20569000", "interestExpense": "20569000", "nonInterestIncome": "None", "otherNonOperatingIncome": "-5373000", "depreciation": "None", "depreciationAndAmortization": "82379000", "incomeBeforeTax": "379599000", "incomeTaxExpense": "73887000", "interestAndDebtExpense": "None", "netIncomeFromContinuingOperations": "305712000", "comprehensiveIncomeNetOfTax": "None", "ebit": "400168000", "ebitda": "482547000", "netIncome": "305712000"}, {"fiscalDateEnding": "2022-12-31", "reportedCurrency": "USD", "grossProfit": "562010000", "totalRevenue": "1625667000", "costOfRevenue": "1063657000", "costofGoodsAndServicesSold": "1063657000", "operatingIncome": "398090000", "sellingGeneralAndAdministrative": "163920000", "researchAndDevelopment": "322100000", "operatingExpenses": "163920000", "investmentIncomeNet": "None", "netInterestIncome": "-23021000", "interestIncome": "23021000", "interestExpense": "23021000", "nonInterestIncome": "None", "otherNonOperatingIncome": "3434000", "depreciation": "None", "depreciationAndAmortization": "88459000", "incomeBeforeTax": "378503000", "incomeTaxExpense": "71422000", "interestAndDebtExpense": "None", "netIncomeFromContinuingOperations": "307082000", "comprehensiveIncomeNetOfTax": "None", "ebit": "401524000", "ebitda": "489983000", "netIncome": "307081000"}, {"fiscalDateEnding": "2022-09-30", "reportedCurrency": "USD", "grossProfit": "547190000", "totalRevenue": "1551786000", "costOfRevenue": "1004596000", "costofGoodsAndServicesSold": "1004596000", "operatingIncome": "384520000", "sellingGeneralAndAdministrative": "162670000", "researchAndDevelopment": "None", "operatingExpenses": "162670000", "investmentIncomeNet": "None", "netInterestIncome": "-20245000", "interestIncome": "20245000", "interestExpense": "20245000", "nonInterestIncome": "None", "otherNonOperatingIncome": "3227000", "depreciation": "None", "depreciationAndAmortization": "75750000", "incomeBeforeTax": "367502000", "incomeTaxExpense": "69861000", "interestAndDebtExpense": "None", "netIncomeFromContinuingOperations": "297641000", "comprehensiveIncomeNetOfTax": "None", "ebit": "387747000", "ebitda": "463497000", "netIncome": "297641000"}, {"fiscalDateEnding": "2022-06-30", "reportedCurrency": "USD", "grossProfit": "526377000", "totalRevenue": "1514552000", "costOfRevenue": "988175000", "costofGoodsAndServicesSold": "988175000", "operatingIncome": "364842000", "sellingGeneralAndAdministrative": "161535000", "researchAndDevelopment": "None", "operatingExpenses": "161535000", "investmentIncomeNet": "None", "netInterestIncome": "-20350000", "interestIncome": "20350000", "interestExpense": "20350000", "nonInterestIncome": "None", "otherNonOperatingIncome": "1973000", "depreciation": "None", "depreciationAndAmortization": "77097000", "incomeBeforeTax": "346465000", "incomeTaxExpense": "64092000", "interestAndDebtExpense": "None", "netIncomeFromContinuingOperations": "282373000", "comprehensiveIncomeNetOfTax": "None", "ebit": "366815000", "ebitda": "443912000", "netIncome": "282373000"}, {"fiscalDateEnding": "2022-03-31", "reportedCurrency": "USD", "grossProfit": "509692000", "totalRevenue": "1458525000", "costOfRevenue": "948833000", "costofGoodsAndServicesSold": "948833000", "operatingIncome": "353240000", "sellingGeneralAndAdministrative": "156452000", "researchAndDevelopment": "None", "operatingExpenses": "156452000", "investmentIncomeNet": "None", "netInterestIncome": "-19570000", "interestIncome": "19570000", "interestExpense": "19570000", "nonInterestIncome": "None", "otherNonOperatingIncome": "2552000", "depreciation": "None", "depreciationAndAmortization": "78121000", "incomeBeforeTax": "336222000", "incomeTaxExpense": "63775000", "interestAndDebtExpense": "None", "netIncomeFromContinuingOperations": "272447000", "comprehensiveIncomeNetOfTax": "None", "ebit": "355792000", "ebitda": "433913000", "netIncome": "272447000"}, {"fiscalDateEnding": "2021-12-31", "reportedCurrency": "USD", "grossProfit": "521351000", "totalRevenue": "1503745000", "costOfRevenue": "982394000", "costofGoodsAndServicesSold": "982394000", "operatingIncome": "361151000", "sellingGeneralAndAdministrative": "160200000", "researchAndDevelopment": "299600000", "operatingExpenses": "160200000", "investmentIncomeNet": "None", "netInterestIncome": "-20516000", "interestIncome": "20516000", "interestExpense": "20516000", "nonInterestIncome": "None", "otherNonOperatingIncome": "-1344000", "depreciation": "None", "depreciationAndAmortization": "77618000", "incomeBeforeTax": "339291000", "incomeTaxExpense": "57610000", "interestAndDebtExpense": "None", "netIncomeFromContinuingOperations": "281681000", "comprehensiveIncomeNetOfTax": "None", "ebit": "359807000", "ebitda": "437425000", "netIncome": "281681000"}, {"fiscalDateEnding": "2021-09-30", "reportedCurrency": "USD", "grossProfit": "491279000", "totalRevenue": "1440681000", "costOfRevenue": "949402000", "costofGoodsAndServicesSold": "949402000", "operatingIncome": "337563000", "sellingGeneralAndAdministrative": "153716000", "researchAndDevelopment": "None", "operatingExpenses": "153716000", "investmentIncomeNet": "None", "netInterestIncome": "-20476000", "interestIncome": "20476000", "interestExpense": "20476000", "nonInterestIncome": "None", "otherNonOperatingIncome": "2581000", "depreciation": "None", "depreciationAndAmortization": "74680000", "incomeBeforeTax": "319668000", "incomeTaxExpense": "62208000", "interestAndDebtExpense": "None", "netIncomeFromContinuingOperations": "257460000", "comprehensiveIncomeNetOfTax": "None", "ebit": "340144000", "ebitda": "414824000", "netIncome": "257460000"}, {"fiscalDateEnding": "2021-06-30", "reportedCurrency": "USD", "grossProfit": "473634000", "totalRevenue": "1386346000", "costOfRevenue": "912712000", "costofGoodsAndServicesSold": "912712000", "operatingIncome": "316611000", "sellingGeneralAndAdministrative": "157023000", "researchAndDevelopment": "None", "operatingExpenses": "157023000", "investmentIncomeNet": "None", "netInterestIncome": "-20442000", "interestIncome": "20442000", "interestExpense": "20442000", "nonInterestIncome": "None", "otherNonOperatingIncome": "-4414000", "depreciation": "None", "depreciationAndAmortization": "75197000", "incomeBeforeTax": "291755000", "incomeTaxExpense": "60076000", "interestAndDebtExpense": "None", "netIncomeFromContinuingOperations": "231679000", "comprehensiveIncomeNetOfTax": "None", "ebit": "312197000", "ebitda": "387394000", "netIncome": "231679000"}, {"fiscalDateEnding": "2021-03-31", "reportedCurrency": "USD", "grossProfit": "426350000", "totalRevenue": "1215742000", "costOfRevenue": "789392000", "costofGoodsAndServicesSold": "789392000", "operatingIncome": "293345000", "sellingGeneralAndAdministrative": "133005000", "researchAndDevelopment": "None", "operatingExpenses": "133005000", "investmentIncomeNet": "None", "netInterestIncome": "-18947000", "interestIncome": "18947000", "interestExpense": "18947000", "nonInterestIncome": "None", "otherNonOperatingIncome": "-1942000", "depreciation": "None", "depreciationAndAmortization": "64617000", "incomeBeforeTax": "272456000", "incomeTaxExpense": "53223000", "interestAndDebtExpense": "None", "netIncomeFromContinuingOperations": "219233000", "comprehensiveIncomeNetOfTax": "None", "ebit": "291403000", "ebitda": "356020000", "netIncome": "219233000"}, {"fiscalDateEnding": "2020-12-31", "reportedCurrency": "USD", "grossProfit": "428979000", "totalRevenue": "1198947000", "costOfRevenue": "769968000", "costofGoodsAndServicesSold": "769968000", "operatingIncome": "298113000", "sellingGeneralAndAdministrative": "145531000", "researchAndDevelopment": "246200000", "operatingExpenses": "130866000", "investmentIncomeNet": "None", "netInterestIncome": "-19465000", "interestIncome": "19465000", "interestExpense": "19465000", "nonInterestIncome": "None", "otherNonOperatingIncome": "-1941000", "depreciation": "None", "depreciationAndAmortization": "64877000", "incomeBeforeTax": "276707000", "incomeTaxExpense": "55682000", "interestAndDebtExpense": "None", "netIncomeFromContinuingOperations": "221025000", "comprehensiveIncomeNetOfTax": "None", "ebit": "296172000", "ebitda": "361049000", "netIncome": "221025000"}, {"fiscalDateEnding": "2020-09-30", "reportedCurrency": "USD", "grossProfit": "394237000", "totalRevenue": "1126942000", "costOfRevenue": "732705000", "costofGoodsAndServicesSold": "732705000", "operatingIncome": "270741000", "sellingGeneralAndAdministrative": "123496000", "researchAndDevelopment": "None", "operatingExpenses": "123496000", "investmentIncomeNet": "None", "netInterestIncome": "-21187000", "interestIncome": "21187000", "interestExpense": "21187000", "nonInterestIncome": "None", "otherNonOperatingIncome": "-1479000", "depreciation": "None", "depreciationAndAmortization": "62994000", "incomeBeforeTax": "248075000", "incomeTaxExpense": "43494000", "interestAndDebtExpense": "None", "netIncomeFromContinuingOperations": "204581000", "comprehensiveIncomeNetOfTax": "None", "ebit": "269262000", "ebitda": "332256000", "netIncome": "204581000"}, {"fiscalDateEnding": "2020-06-30", "reportedCurrency": "USD", "grossProfit": "342727000", "totalRevenue": "1011922000", "costOfRevenue": "669195000", "costofGoodsAndServicesSold": "669195000", "operatingIncome": "226990000", "sellingGeneralAndAdministrative": "115737000", "researchAndDevelopment": "None", "operatingExpenses": "115737000", "investmentIncomeNet": "None", "netInterestIncome": "-22669000", "interestIncome": "22669000", "interestExpense": "22669000", "nonInterestIncome": "None", "otherNonOperatingIncome": "2131000", "depreciation": "None", "depreciationAndAmortization": "61337000", "incomeBeforeTax": "206452000", "incomeTaxExpense": "40235000", "interestAndDebtExpense": "None", "netIncomeFromContinuingOperations": "166217000", "comprehensiveIncomeNetOfTax": "None", "ebit": "229121000", "ebitda": "290458000", "netIncome": "166217000"}, {"fiscalDateEnding": "2020-03-31", "reportedCurrency": "USD", "grossProfit": "377571000", "totalRevenue": "1202218000", "costOfRevenue": "824647000", "costofGoodsAndServicesSold": "824647000", "operatingIncome": "232040000", "sellingGeneralAndAdministrative": "145531000", "researchAndDevelopment": "None", "operatingExpenses": "145531000", "investmentIncomeNet": "None", "netInterestIncome": "-22741000", "interestIncome": "22741000", "interestExpense": "22741000", "nonInterestIncome": "None", "otherNonOperatingIncome": "141776000", "depreciation": "None", "depreciationAndAmortization": "66067000", "incomeBeforeTax": "351075000", "incomeTaxExpense": "70459000", "interestAndDebtExpense": "None", "netIncomeFromContinuingOperations": "280616000", "comprehensiveIncomeNetOfTax": "None", "ebit": "373816000", "ebitda": "439883000", "netIncome": "280616000"}, {"fiscalDateEnding": "2019-12-31", "reportedCurrency": "USD", "grossProfit": "446646000", "totalRevenue": "1304821000", "costOfRevenue": "858175000", "costofGoodsAndServicesSold": "858175000", "operatingIncome": "297655000", "sellingGeneralAndAdministrative": "148991000", "researchAndDevelopment": "260300000", "operatingExpenses": "148991000", "investmentIncomeNet": "None", "netInterestIncome": "-23045000", "interestIncome": "23045000", "interestExpense": "23045000", "nonInterestIncome": "None", "otherNonOperatingIncome": "-6630000", "depreciation": "None", "depreciationAndAmortization": "64107000", "incomeBeforeTax": "267980000", "incomeTaxExpense": "47203000", "interestAndDebtExpense": "None", "netIncomeFromContinuingOperations": "220777000", "comprehensiveIncomeNetOfTax": "None", "ebit": "291025000", "ebitda": "355132000", "netIncome": "220777000"}, {"fiscalDateEnding": "2019-09-30", "reportedCurrency": "USD", "grossProfit": "453371000", "totalRevenue": "1276633000", "costOfRevenue": "823262000", "costofGoodsAndServicesSold": "823262000", "operatingIncome": "301056000", "sellingGeneralAndAdministrative": "152315000", "researchAndDevelopment": "None", "operatingExpenses": "152315000", "investmentIncomeNet": "None", "netInterestIncome": "-21308000", "interestIncome": "21308000", "interestExpense": "21308000", "nonInterestIncome": "None", "otherNonOperatingIncome": "-5517000", "depreciation": "None", "depreciationAndAmortization": "55262000", "incomeBeforeTax": "274231000", "incomeTaxExpense": "53482000", "interestAndDebtExpense": "None", "netIncomeFromContinuingOperations": "220749000", "comprehensiveIncomeNetOfTax": "None", "ebit": "295539000", "ebitda": "350801000", "netIncome": "220749000"}, {"fiscalDateEnding": "2019-06-30", "reportedCurrency": "USD", "grossProfit": "451259000", "totalRevenue": "1289412000", "costOfRevenue": "838153000", "costofGoodsAndServicesSold": "838153000", "operatingIncome": "295410000", "sellingGeneralAndAdministrative": "155849000", "researchAndDevelopment": "None", "operatingExpenses": "155849000", "investmentIncomeNet": "None", "netInterestIncome": "-21475000", "interestIncome": "21475000", "interestExpense": "21475000", "nonInterestIncome": "None", "otherNonOperatingIncome": "-3336000", "depreciation": "None", "depreciationAndAmortization": "57173000", "incomeBeforeTax": "270599000", "incomeTaxExpense": "55096000", "interestAndDebtExpense": "None", "netIncomeFromContinuingOperations": "215503000", "comprehensiveIncomeNetOfTax": "None", "ebit": "292074000", "ebitda": "349247000", "netIncome": "215503000"}, {"fiscalDateEnding": "2019-03-31", "reportedCurrency": "USD", "grossProfit": "436384000", "totalRevenue": "1287691000", "costOfRevenue": "851307000", "costofGoodsAndServicesSold": "851307000", "operatingIncome": "283259000", "sellingGeneralAndAdministrative": "153125000", "researchAndDevelopment": "None", "operatingExpenses": "153125000", "investmentIncomeNet": "None", "netInterestIncome": "-22653000", "interestIncome": "22653000", "interestExpense": "22653000", "nonInterestIncome": "None", "otherNonOperatingIncome": "-3668000", "depreciation": "None", "depreciationAndAmortization": "57500000", "incomeBeforeTax": "256938000", "incomeTaxExpense": "52670000", "interestAndDebtExpense": "None", "netIncomeFromContinuingOperations": "204268000", "comprehensiveIncomeNetOfTax": "None", "ebit": "279591000", "ebitda": "337091000", "netIncome": "204268000"}, {"fiscalDateEnding": "2018-12-31", "reportedCurrency": "USD", "grossProfit": "436060000", "totalRevenue": "1271328000", "costOfRevenue": "835268000", "costofGoodsAndServicesSold": "835268000", "operatingIncome": "282020000", "sellingGeneralAndAdministrative": "154040000", "researchAndDevelopment": "230200000", "operatingExpenses": "154040000", "investmentIncomeNet": "None", "netInterestIncome": "None", "interestIncome": "None", "interestExpense": "20319000", "nonInterestIncome": "None", "otherNonOperatingIncome": "-2931000", "depreciation": "None", "depreciationAndAmortization": "53583000", "incomeBeforeTax": "258770000", "incomeTaxExpense": "47250000", "interestAndDebtExpense": "None", "netIncomeFromContinuingOperations": "211520000", "comprehensiveIncomeNetOfTax": "None", "ebit": "279089000", "ebitda": "332672000", "netIncome": "211520000"}, {"fiscalDateEnding": "2018-09-30", "reportedCurrency": "USD", "grossProfit": "409968000", "totalRevenue": "1192962000", "costOfRevenue": "782994000", "costofGoodsAndServicesSold": "782994000", "operatingIncome": "265266000", "sellingGeneralAndAdministrative": "144702000", "researchAndDevelopment": "0", "operatingExpenses": "144702000", "investmentIncomeNet": "None", "netInterestIncome": "None", "interestIncome": "None", "interestExpense": "19391000", "nonInterestIncome": "None", "otherNonOperatingIncome": "-945000", "depreciation": "None", "depreciationAndAmortization": "48130000", "incomeBeforeTax": "244930000", "incomeTaxExpense": "53717000", "interestAndDebtExpense": "None", "netIncomeFromContinuingOperations": "191213000", "comprehensiveIncomeNetOfTax": "None", "ebit": "264321000", "ebitda": "312451000", "netIncome": "191213000"}, {"fiscalDateEnding": "2018-06-30", "reportedCurrency": "USD", "grossProfit": "417687000", "totalRevenue": "1208935000", "costOfRevenue": "791248000", "costofGoodsAndServicesSold": "791248000", "operatingIncome": "270086000", "sellingGeneralAndAdministrative": "147601000", "researchAndDevelopment": "0", "operatingExpenses": "147601000", "investmentIncomeNet": "None", "netInterestIncome": "None", "interestIncome": "None", "interestExpense": "20784000", "nonInterestIncome": "None", "otherNonOperatingIncome": "-1081000", "depreciation": "None", "depreciationAndAmortization": "48943000", "incomeBeforeTax": "248221000", "incomeTaxExpense": "54361000", "interestAndDebtExpense": "None", "netIncomeFromContinuingOperations": "193860000", "comprehensiveIncomeNetOfTax": "None", "ebit": "269005000", "ebitda": "317948000", "netIncome": "193860000"}, {"fiscalDateEnding": "2018-03-31", "reportedCurrency": "USD", "grossProfit": "395847000", "totalRevenue": "1172647000", "costOfRevenue": "776800000", "costofGoodsAndServicesSold": "776800000", "operatingIncome": "258168000", "sellingGeneralAndAdministrative": "137679000", "researchAndDevelopment": "0", "operatingExpenses": "137679000", "investmentIncomeNet": "None", "netInterestIncome": "None", "interestIncome": "None", "interestExpense": "21686000", "nonInterestIncome": "None", "otherNonOperatingIncome": "-658000", "depreciation": "None", "depreciationAndAmortization": "48834000", "incomeBeforeTax": "235824000", "incomeTaxExpense": "54484000", "interestAndDebtExpense": "None", "netIncomeFromContinuingOperations": "181340000", "comprehensiveIncomeNetOfTax": "None", "ebit": "257510000", "ebitda": "306344000", "netIncome": "181340000"}, {"fiscalDateEnding": "2017-12-31", "reportedCurrency": "USD", "grossProfit": "376046000", "totalRevenue": "1143085000", "costOfRevenue": "767039000", "costofGoodsAndServicesSold": "767039000", "operatingIncome": "229580000", "sellingGeneralAndAdministrative": "146466000", "researchAndDevelopment": "221200000", "operatingExpenses": "146466000", "investmentIncomeNet": "None", "netInterestIncome": "None", "interestIncome": "None", "interestExpense": "24252000", "nonInterestIncome": "None", "otherNonOperatingIncome": "-7803000", "depreciation": "None", "depreciationAndAmortization": "52222000", "incomeBeforeTax": "197525000", "incomeTaxExpense": "-41007000", "interestAndDebtExpense": "None", "netIncomeFromContinuingOperations": "238532000", "comprehensiveIncomeNetOfTax": "None", "ebit": "221777000", "ebitda": "273999000", "netIncome": "238532000"}, {"fiscalDateEnding": "2017-09-30", "reportedCurrency": "USD", "grossProfit": "362672000", "totalRevenue": "1084799000", "costOfRevenue": "722127000", "costofGoodsAndServicesSold": "722127000", "operatingIncome": "230038000", "sellingGeneralAndAdministrative": "132250000", "researchAndDevelopment": "0", "operatingExpenses": "132634000", "investmentIncomeNet": "None", "netInterestIncome": "None", "interestIncome": "None", "interestExpense": "24709000", "nonInterestIncome": "None", "otherNonOperatingIncome": "-3695000", "depreciation": "None", "depreciationAndAmortization": "44621000", "incomeBeforeTax": "204427000", "incomeTaxExpense": "50896000", "interestAndDebtExpense": "None", "netIncomeFromContinuingOperations": "153531000", "comprehensiveIncomeNetOfTax": "None", "ebit": "229136000", "ebitda": "273757000", "netIncome": "153531000"}, {"fiscalDateEnding": "2017-06-30", "reportedCurrency": "USD", "grossProfit": "362413000", "totalRevenue": "1064604000", "costOfRevenue": "702191000", "costofGoodsAndServicesSold": "702191000", "operatingIncome": "229549000", "sellingGeneralAndAdministrative": "132480000", "researchAndDevelopment": "0", "operatingExpenses": "132864000", "investmentIncomeNet": "None", "netInterestIncome": "None", "interestIncome": "None", "interestExpense": "24552000", "nonInterestIncome": "None", "otherNonOperatingIncome": "-4478000", "depreciation": "None", "depreciationAndAmortization": "43843000", "incomeBeforeTax": "203355000", "incomeTaxExpense": "52874000", "interestAndDebtExpense": "None", "netIncomeFromContinuingOperations": "150481000", "comprehensiveIncomeNetOfTax": "None", "ebit": "227907000", "ebitda": "271750000", "netIncome": "150481000"}, {"fiscalDateEnding": "2017-03-31", "reportedCurrency": "USD", "grossProfit": "340280000", "totalRevenue": "1007682000", "costOfRevenue": "667402000", "costofGoodsAndServicesSold": "667402000", "operatingIncome": "217447000", "sellingGeneralAndAdministrative": "122449000", "researchAndDevelopment": "0", "operatingExpenses": "122833000", "investmentIncomeNet": "None", "netInterestIncome": "None", "interestIncome": "None", "interestExpense": "24516000", "nonInterestIncome": "None", "otherNonOperatingIncome": "-4360000", "depreciation": "None", "depreciationAndAmortization": "42541000", "incomeBeforeTax": "191422000", "incomeTaxExpense": "52496000", "interestAndDebtExpense": "None", "netIncomeFromContinuingOperations": "138926000", "comprehensiveIncomeNetOfTax": "None", "ebit": "215938000", "ebitda": "258479000", "netIncome": "138926000"}, {"fiscalDateEnding": "2016-12-31", "reportedCurrency": "USD", "grossProfit": "237375000", "totalRevenue": "972953000", "costOfRevenue": "735578000", "costofGoodsAndServicesSold": "735578000", "operatingIncome": "173222000", "sellingGeneralAndAdministrative": "118647000", "researchAndDevelopment": "200800000", "operatingExpenses": "64153000", "investmentIncomeNet": "None", "netInterestIncome": "None", "interestIncome": "None", "interestExpense": "23588000", "nonInterestIncome": "None", "otherNonOperatingIncome": "-4382000", "depreciation": "None", "depreciationAndAmortization": "56748000", "incomeBeforeTax": "145252000", "incomeTaxExpense": "36144000", "interestAndDebtExpense": "None", "netIncomeFromContinuingOperations": "109108000", "comprehensiveIncomeNetOfTax": "None", "ebit": "168840000", "ebitda": "225588000", "netIncome": "109108000"}, {"fiscalDateEnding": "2016-09-30", "reportedCurrency": "USD", "grossProfit": "314286000", "totalRevenue": "945030000", "costOfRevenue": "630744000", "costofGoodsAndServicesSold": "630744000", "operatingIncome": "201116000", "sellingGeneralAndAdministrative": "113170000", "researchAndDevelopment": "0", "operatingExpenses": "113170000", "investmentIncomeNet": "None", "netInterestIncome": "None", "interestIncome": "None", "interestExpense": "23609000", "nonInterestIncome": "None", "otherNonOperatingIncome": "-3259000", "depreciation": "None", "depreciationAndAmortization": "42031000", "incomeBeforeTax": "174248000", "incomeTaxExpense": "43561000", "interestAndDebtExpense": "None", "netIncomeFromContinuingOperations": "130687000", "comprehensiveIncomeNetOfTax": "None", "ebit": "197857000", "ebitda": "239888000", "netIncome": "130687000"}, {"fiscalDateEnding": "2016-06-30", "reportedCurrency": "USD", "grossProfit": "337995000", "totalRevenue": "977706000", "costOfRevenue": "639711000", "costofGoodsAndServicesSold": "639711000", "operatingIncome": "219036000", "sellingGeneralAndAdministrative": "118959000", "researchAndDevelopment": "0", "operatingExpenses": "118959000", "investmentIncomeNet": "None", "netInterestIncome": "None", "interestIncome": "None", "interestExpense": "23706000", "nonInterestIncome": "None", "otherNonOperatingIncome": "-4769000", "depreciation": "None", "depreciationAndAmortization": "40851000", "incomeBeforeTax": "190561000", "incomeTaxExpense": "52368000", "interestAndDebtExpense": "None", "netIncomeFromContinuingOperations": "138193000", "comprehensiveIncomeNetOfTax": "None", "ebit": "214267000", "ebitda": "255118000", "netIncome": "138193000"}, {"fiscalDateEnding": "2016-03-31", "reportedCurrency": "USD", "grossProfit": "320717000", "totalRevenue": "944398000", "costOfRevenue": "623681000", "costofGoodsAndServicesSold": "623681000", "operatingIncome": "208523000", "sellingGeneralAndAdministrative": "112194000", "researchAndDevelopment": "0", "operatingExpenses": "112194000", "investmentIncomeNet": "None", "netInterestIncome": "None", "interestIncome": "None", "interestExpense": "23401000", "nonInterestIncome": "None", "otherNonOperatingIncome": "-2080000", "depreciation": "None", "depreciationAndAmortization": "40086000", "incomeBeforeTax": "183042000", "incomeTaxExpense": "48872000", "interestAndDebtExpense": "None", "netIncomeFromContinuingOperations": "134170000", "comprehensiveIncomeNetOfTax": "None", "ebit": "206443000", "ebitda": "246529000", "netIncome": "134170000"}, {"fiscalDateEnding": "2015-12-31", "reportedCurrency": "USD", "grossProfit": "340383000", "totalRevenue": "987983000", "costOfRevenue": "647600000", "costofGoodsAndServicesSold": "647600000", "operatingIncome": "208830000", "sellingGeneralAndAdministrative": "112890000", "researchAndDevelopment": "200800000", "operatingExpenses": "131553000", "investmentIncomeNet": "None", "netInterestIncome": "None", "interestIncome": "None", "interestExpense": "22747000", "nonInterestIncome": "None", "otherNonOperatingIncome": "-3243000", "depreciation": "None", "depreciationAndAmortization": "39429000", "incomeBeforeTax": "182840000", "incomeTaxExpense": "45999000", "interestAndDebtExpense": "None", "netIncomeFromContinuingOperations": "136841000", "comprehensiveIncomeNetOfTax": "None", "ebit": "205587000", "ebitda": "245016000", "netIncome": "136841000"}, {"fiscalDateEnding": "2015-09-30", "reportedCurrency": "USD", "grossProfit": "366737000", "totalRevenue": "998527000", "costOfRevenue": "631790000", "costofGoodsAndServicesSold": "631790000", "operatingIncome": "237615000", "sellingGeneralAndAdministrative": "112116000", "researchAndDevelopment": "0", "operatingExpenses": "129122000", "investmentIncomeNet": "None", "netInterestIncome": "None", "interestIncome": "None", "interestExpense": "23684000", "nonInterestIncome": "None", "otherNonOperatingIncome": "-2325000", "depreciation": "None", "depreciationAndAmortization": "37714000", "incomeBeforeTax": "211606000", "incomeTaxExpense": "55208000", "interestAndDebtExpense": "None", "netIncomeFromContinuingOperations": "156398000", "comprehensiveIncomeNetOfTax": "None", "ebit": "235290000", "ebitda": "273004000", "netIncome": "156398000"}, {"fiscalDateEnding": "2015-06-30", "reportedCurrency": "USD", "grossProfit": "369801000", "totalRevenue": "1003726000", "costOfRevenue": "633925000", "costofGoodsAndServicesSold": "633925000", "operatingIncome": "240319000", "sellingGeneralAndAdministrative": "112702000", "researchAndDevelopment": "0", "operatingExpenses": "129482000", "investmentIncomeNet": "None", "netInterestIncome": "None", "interestIncome": "None", "interestExpense": "22678000", "nonInterestIncome": "None", "otherNonOperatingIncome": "-2493000", "depreciation": "None", "depreciationAndAmortization": "37057000", "incomeBeforeTax": "215148000", "incomeTaxExpense": "59635000", "interestAndDebtExpense": "None", "netIncomeFromContinuingOperations": "155513000", "comprehensiveIncomeNetOfTax": "None", "ebit": "237826000", "ebitda": "274883000", "netIncome": "155513000"}, {"fiscalDateEnding": "2015-03-31", "reportedCurrency": "USD", "grossProfit": "348094000", "totalRevenue": "984059000", "costOfRevenue": "635965000", "costofGoodsAndServicesSold": "635965000", "operatingIncome": "220952000", "sellingGeneralAndAdministrative": "110884000", "researchAndDevelopment": "0", "operatingExpenses": "127142000", "investmentIncomeNet": "None", "netInterestIncome": "None", "interestIncome": "None", "interestExpense": "22686000", "nonInterestIncome": "None", "otherNonOperatingIncome": "-1480000", "depreciation": "None", "depreciationAndAmortization": "35260000", "incomeBeforeTax": "196786000", "incomeTaxExpense": "54679000", "interestAndDebtExpense": "None", "netIncomeFromContinuingOperations": "142107000", "comprehensiveIncomeNetOfTax": "None", "ebit": "219472000", "ebitda": "254732000", "netIncome": "142107000"}, {"fiscalDateEnding": "2014-12-31", "reportedCurrency": "USD", "grossProfit": "360680000", "totalRevenue": "1024143000", "costOfRevenue": "663463000", "costofGoodsAndServicesSold": "663463000", "operatingIncome": "227084000", "sellingGeneralAndAdministrative": "117491000", "researchAndDevelopment": "208300000", "operatingExpenses": "133596000", "investmentIncomeNet": "None", "netInterestIncome": "None", "interestIncome": "None", "interestExpense": "22566000", "nonInterestIncome": "None", "otherNonOperatingIncome": "3016000", "depreciation": "None", "depreciationAndAmortization": "35784000", "incomeBeforeTax": "207534000", "incomeTaxExpense": "55534000", "interestAndDebtExpense": "None", "netIncomeFromContinuingOperations": "152000000", "comprehensiveIncomeNetOfTax": "None", "ebit": "230100000", "ebitda": "265884000", "netIncome": "152000000"}, {"fiscalDateEnding": "2014-09-30", "reportedCurrency": "USD", "grossProfit": "354072000", "totalRevenue": "1031811000", "costOfRevenue": "677739000", "costofGoodsAndServicesSold": "677739000", "operatingIncome": "218143000", "sellingGeneralAndAdministrative": "119205000", "researchAndDevelopment": "0", "operatingExpenses": "135929000", "investmentIncomeNet": "None", "netInterestIncome": "None", "interestIncome": "None", "interestExpense": "19543000", "nonInterestIncome": "None", "otherNonOperatingIncome": "-8639000", "depreciation": "None", "depreciationAndAmortization": "36621000", "incomeBeforeTax": "189961000", "incomeTaxExpense": "48150000", "interestAndDebtExpense": "None", "netIncomeFromContinuingOperations": "141811000", "comprehensiveIncomeNetOfTax": "None", "ebit": "209504000", "ebitda": "246125000", "netIncome": "141811000"}, {"fiscalDateEnding": "2014-06-30", "reportedCurrency": "USD", "grossProfit": "360073000", "totalRevenue": "990718000", "costOfRevenue": "630645000", "costofGoodsAndServicesSold": "630645000", "operatingIncome": "231728000", "sellingGeneralAndAdministrative": "113316000", "researchAndDevelopment": "0", "operatingExpenses": "128345000", "investmentIncomeNet": "None", "netInterestIncome": "None", "interestIncome": "None", "interestExpense": "18981000", "nonInterestIncome": "None", "otherNonOperatingIncome": "-4326000", "depreciation": "None", "depreciationAndAmortization": "32929000", "incomeBeforeTax": "208421000", "incomeTaxExpense": "58358000", "interestAndDebtExpense": "None", "netIncomeFromContinuingOperations": "150063000", "comprehensiveIncomeNetOfTax": "None", "ebit": "227402000", "ebitda": "260331000", "netIncome": "150063000"}, {"fiscalDateEnding": "2014-03-31", "reportedCurrency": "USD", "grossProfit": "350122000", "totalRevenue": "975292000", "costOfRevenue": "625170000", "costofGoodsAndServicesSold": "625170000", "operatingIncome": "221631000", "sellingGeneralAndAdministrative": "112625000", "researchAndDevelopment": "0", "operatingExpenses": "128491000", "investmentIncomeNet": "None", "netInterestIncome": "None", "interestIncome": "None", "interestExpense": "18838000", "nonInterestIncome": "None", "otherNonOperatingIncome": "-3877000", "depreciation": "None", "depreciationAndAmortization": "33250000", "incomeBeforeTax": "198916000", "incomeTaxExpense": "58330000", "interestAndDebtExpense": "None", "netIncomeFromContinuingOperations": "140586000", "comprehensiveIncomeNetOfTax": "None", "ebit": "217754000", "ebitda": "251004000", "netIncome": "140586000"}, {"fiscalDateEnding": "2013-12-31", "reportedCurrency": "USD", "grossProfit": "332623000", "totalRevenue": "942468000", "costOfRevenue": "609845000", "costofGoodsAndServicesSold": "609845000", "operatingIncome": "210545000", "sellingGeneralAndAdministrative": "106688000", "researchAndDevelopment": "178700000", "operatingExpenses": "122078000", "investmentIncomeNet": "None", "netInterestIncome": "None", "interestIncome": "None", "interestExpense": "18852000", "nonInterestIncome": "None", "otherNonOperatingIncome": "-5230000", "depreciation": "None", "depreciationAndAmortization": "31716000", "incomeBeforeTax": "186463000", "incomeTaxExpense": "50795000", "interestAndDebtExpense": "None", "netIncomeFromContinuingOperations": "135668000", "comprehensiveIncomeNetOfTax": "None", "ebit": "205315000", "ebitda": "237031000", "netIncome": "135668000"}, {"fiscalDateEnding": "2013-09-30", "reportedCurrency": "USD", "grossProfit": "317881000", "totalRevenue": "890006000", "costOfRevenue": "572125000", "costofGoodsAndServicesSold": "572125000", "operatingIncome": "204686000", "sellingGeneralAndAdministrative": "98969000", "researchAndDevelopment": "0", "operatingExpenses": "113195000", "investmentIncomeNet": "None", "netInterestIncome": "None", "interestIncome": "None", "interestExpense": "18243000", "nonInterestIncome": "None", "otherNonOperatingIncome": "-6291000", "depreciation": "None", "depreciationAndAmortization": "29545000", "incomeBeforeTax": "180152000", "incomeTaxExpense": "52288000", "interestAndDebtExpense": "None", "netIncomeFromContinuingOperations": "127864000", "comprehensiveIncomeNetOfTax": "None", "ebit": "198395000", "ebitda": "227940000", "netIncome": "127864000"}, {"fiscalDateEnding": "2013-06-30", "reportedCurrency": "USD", "grossProfit": "311211000", "totalRevenue": "878809000", "costOfRevenue": "567598000", "costofGoodsAndServicesSold": "567598000", "operatingIncome": "202613000", "sellingGeneralAndAdministrative": "94912000", "researchAndDevelopment": "0", "operatingExpenses": "108598000", "investmentIncomeNet": "None", "netInterestIncome": "None", "interestIncome": "None", "interestExpense": "18154000", "nonInterestIncome": "None", "otherNonOperatingIncome": "-2667000", "depreciation": "None", "depreciationAndAmortization": "28558000", "incomeBeforeTax": "181792000", "incomeTaxExpense": "53471000", "interestAndDebtExpense": "None", "netIncomeFromContinuingOperations": "128321000", "comprehensiveIncomeNetOfTax": "None", "ebit": "199946000", "ebitda": "228504000", "netIncome": "128321000"}, {"fiscalDateEnding": "2013-03-31", "reportedCurrency": "USD", "grossProfit": "308779000", "totalRevenue": "882853000", "costOfRevenue": "574074000", "costofGoodsAndServicesSold": "574074000", "operatingIncome": "197235000", "sellingGeneralAndAdministrative": "97608000", "researchAndDevelopment": "0", "operatingExpenses": "111544000", "investmentIncomeNet": "None", "netInterestIncome": "None", "interestIncome": "None", "interestExpense": "18323000", "nonInterestIncome": "None", "otherNonOperatingIncome": "-2524000", "depreciation": "None", "depreciationAndAmortization": "28838000", "incomeBeforeTax": "176388000", "incomeTaxExpense": "51242000", "interestAndDebtExpense": "None", "netIncomeFromContinuingOperations": "125146000", "comprehensiveIncomeNetOfTax": "None", "ebit": "194711000", "ebitda": "223549000", "netIncome": "125146000"}, {"fiscalDateEnding": "2012-12-31", "reportedCurrency": "USD", "grossProfit": "297148000", "totalRevenue": "841790000", "costOfRevenue": "544642000", "costofGoodsAndServicesSold": "544642000", "operatingIncome": "189954000", "sellingGeneralAndAdministrative": "93829000", "researchAndDevelopment": "154800000", "operatingExpenses": "107194000", "investmentIncomeNet": "None", "netInterestIncome": "None", "interestIncome": "None", "interestExpense": "18834000", "nonInterestIncome": "None", "otherNonOperatingIncome": "-319000", "depreciation": "None", "depreciationAndAmortization": "27626000", "incomeBeforeTax": "170801000", "incomeTaxExpense": "50903000", "interestAndDebtExpense": "None", "netIncomeFromContinuingOperations": "119898000", "comprehensiveIncomeNetOfTax": "None", "ebit": "189635000", "ebitda": "217261000", "netIncome": "119898000"}, {"fiscalDateEnding": "2012-09-30", "reportedCurrency": "USD", "grossProfit": "297919000", "totalRevenue": "839373000", "costOfRevenue": "541454000", "costofGoodsAndServicesSold": "541454000", "operatingIncome": "188164000", "sellingGeneralAndAdministrative": "96021000", "researchAndDevelopment": "0", "operatingExpenses": "109755000", "investmentIncomeNet": "None", "netInterestIncome": "None", "interestIncome": "None", "interestExpense": "18958000", "nonInterestIncome": "None", "otherNonOperatingIncome": "-3518000", "depreciation": "None", "depreciationAndAmortization": "27110000", "incomeBeforeTax": "165688000", "incomeTaxExpense": "50291000", "interestAndDebtExpense": "None", "netIncomeFromContinuingOperations": "115397000", "comprehensiveIncomeNetOfTax": "None", "ebit": "184646000", "ebitda": "211756000", "netIncome": "115397000"}, {"fiscalDateEnding": "2012-06-30", "reportedCurrency": "USD", "grossProfit": "294145000", "totalRevenue": "825898000", "costOfRevenue": "531753000", "costofGoodsAndServicesSold": "531753000", "operatingIncome": "184978000", "sellingGeneralAndAdministrative": "95646000", "researchAndDevelopment": "0", "operatingExpenses": "109167000", "investmentIncomeNet": "None", "netInterestIncome": "None", "interestIncome": "None", "interestExpense": "18843000", "nonInterestIncome": "None", "otherNonOperatingIncome": "-1848000", "depreciation": "None", "depreciationAndAmortization": "25746000", "incomeBeforeTax": "164287000", "incomeTaxExpense": "50600000", "interestAndDebtExpense": "None", "netIncomeFromContinuingOperations": "113687000", "comprehensiveIncomeNetOfTax": "None", "ebit": "183130000", "ebitda": "208876000", "netIncome": "113687000"}, {"fiscalDateEnding": "2012-03-31", "reportedCurrency": "USD", "grossProfit": "290869000", "totalRevenue": "827152000", "costOfRevenue": "536283000", "costofGoodsAndServicesSold": "536283000", "operatingIncome": "182776000", "sellingGeneralAndAdministrative": "95036000", "researchAndDevelopment": "0", "operatingExpenses": "108093000", "investmentIncomeNet": "None", "netInterestIncome": "None", "interestIncome": "None", "interestExpense": "18837000", "nonInterestIncome": "None", "otherNonOperatingIncome": "-2240000", "depreciation": "None", "depreciationAndAmortization": "24989000", "incomeBeforeTax": "161699000", "incomeTaxExpense": "51549000", "interestAndDebtExpense": "None", "netIncomeFromContinuingOperations": "110150000", "comprehensiveIncomeNetOfTax": "None", "ebit": "180536000", "ebitda": "205525000", "netIncome": "110150000"}, {"fiscalDateEnding": "2011-12-31", "reportedCurrency": "USD", "grossProfit": "272998000", "totalRevenue": "762751000", "costOfRevenue": "489753000", "costofGoodsAndServicesSold": "489753000", "operatingIncome": "167380000", "sellingGeneralAndAdministrative": "92125000", "researchAndDevelopment": "78000000", "operatingExpenses": "105618000", "investmentIncomeNet": "None", "netInterestIncome": "None", "interestIncome": "None", "interestExpense": "17984000", "nonInterestIncome": "None", "otherNonOperatingIncome": "-2417000", "depreciation": "None", "depreciationAndAmortization": "24005000", "incomeBeforeTax": "146979000", "incomeTaxExpense": "45072000", "interestAndDebtExpense": "None", "netIncomeFromContinuingOperations": "101907000", "comprehensiveIncomeNetOfTax": "None", "ebit": "164963000", "ebitda": "188968000", "netIncome": "101907000"}, {"fiscalDateEnding": "2011-09-30", "reportedCurrency": "USD", "grossProfit": "257280000", "totalRevenue": "750546000", "costOfRevenue": "493266000", "costofGoodsAndServicesSold": "493266000", "operatingIncome": "159586000", "sellingGeneralAndAdministrative": "86019000", "researchAndDevelopment": "0", "operatingExpenses": "97694000", "investmentIncomeNet": "None", "netInterestIncome": "None", "interestIncome": "None", "interestExpense": "17256000", "nonInterestIncome": "None", "otherNonOperatingIncome": "-3287000", "depreciation": "None", "depreciationAndAmortization": "21267000", "incomeBeforeTax": "139043000", "incomeTaxExpense": "41065000", "interestAndDebtExpense": "None", "netIncomeFromContinuingOperations": "97978000", "comprehensiveIncomeNetOfTax": "None", "ebit": "156299000", "ebitda": "177566000", "netIncome": "97978000"}, {"fiscalDateEnding": "2011-06-30", "reportedCurrency": "USD", "grossProfit": "258878000", "totalRevenue": "758834000", "costOfRevenue": "499956000", "costofGoodsAndServicesSold": "499956000", "operatingIncome": "156955000", "sellingGeneralAndAdministrative": "89685000", "researchAndDevelopment": "0", "operatingExpenses": "101923000", "investmentIncomeNet": "None", "netInterestIncome": "None", "interestIncome": "None", "interestExpense": "17339000", "nonInterestIncome": "None", "otherNonOperatingIncome": "-2381000", "depreciation": "None", "depreciationAndAmortization": "21406000", "incomeBeforeTax": "137235000", "incomeTaxExpense": "43091000", "interestAndDebtExpense": "None", "netIncomeFromContinuingOperations": "94144000", "comprehensiveIncomeNetOfTax": "None", "ebit": "154574000", "ebitda": "175980000", "netIncome": "94144000"}, {"fiscalDateEnding": "2011-03-31", "reportedCurrency": "USD", "grossProfit": "244979000", "totalRevenue": "717783000", "costOfRevenue": "472804000", "costofGoodsAndServicesSold": "472804000", "operatingIncome": "152020000", "sellingGeneralAndAdministrative": "81492000", "researchAndDevelopment": "0", "operatingExpenses": "92959000", "investmentIncomeNet": "None", "netInterestIncome": "None", "interestIncome": "None", "interestExpense": "17150000", "nonInterestIncome": "None", "otherNonOperatingIncome": "-1485000", "depreciation": "None", "depreciationAndAmortization": "19854000", "incomeBeforeTax": "133385000", "incomeTaxExpense": "42950000", "interestAndDebtExpense": "None", "netIncomeFromContinuingOperations": "90435000", "comprehensiveIncomeNetOfTax": "None", "ebit": "150535000", "ebitda": "170389000", "netIncome": "90435000"}, {"fiscalDateEnding": "2010-12-31", "reportedCurrency": "USD", "grossProfit": "231381000", "totalRevenue": "677975000", "costOfRevenue": "446594000", "costofGoodsAndServicesSold": "446594000", "operatingIncome": "135524000", "sellingGeneralAndAdministrative": "83221000", "researchAndDevelopment": "56800000", "operatingExpenses": "95857000", "investmentIncomeNet": "None", "netInterestIncome": "None", "interestIncome": "None", "interestExpense": "16981000", "nonInterestIncome": "None", "otherNonOperatingIncome": "-3529000", "depreciation": "None", "depreciationAndAmortization": "20783000", "incomeBeforeTax": "115014000", "incomeTaxExpense": "33775000", "interestAndDebtExpense": "None", "netIncomeFromContinuingOperations": "81239000", "comprehensiveIncomeNetOfTax": "None", "ebit": "131995000", "ebitda": "152778000", "netIncome": "81239000"}, {"fiscalDateEnding": "2010-09-30", "reportedCurrency": "USD", "grossProfit": "215299000", "totalRevenue": "644374000", "costOfRevenue": "429075000", "costofGoodsAndServicesSold": "429075000", "operatingIncome": "128593000", "sellingGeneralAndAdministrative": "75869000", "researchAndDevelopment": "0", "operatingExpenses": "86706000", "investmentIncomeNet": "None", "netInterestIncome": "None", "interestIncome": "None", "interestExpense": "17057000", "nonInterestIncome": "None", "otherNonOperatingIncome": "-2721000", "depreciation": "None", "depreciationAndAmortization": "18453000", "incomeBeforeTax": "108815000", "incomeTaxExpense": "31458000", "interestAndDebtExpense": "None", "netIncomeFromContinuingOperations": "77357000", "comprehensiveIncomeNetOfTax": "None", "ebit": "125872000", "ebitda": "144325000", "netIncome": "77357000"}, {"fiscalDateEnding": "2010-06-30", "reportedCurrency": "USD", "grossProfit": "196442000", "totalRevenue": "591941000", "costOfRevenue": "395499000", "costofGoodsAndServicesSold": "395499000", "operatingIncome": "115595000", "sellingGeneralAndAdministrative": "69849000", "researchAndDevelopment": "0", "operatingExpenses": "80847000", "investmentIncomeNet": "None", "netInterestIncome": "None", "interestIncome": "None", "interestExpense": "16730000", "nonInterestIncome": "None", "otherNonOperatingIncome": "-1621000", "depreciation": "None", "depreciationAndAmortization": "16873000", "incomeBeforeTax": "97244000", "incomeTaxExpense": "29853000", "interestAndDebtExpense": "None", "netIncomeFromContinuingOperations": "67391000", "comprehensiveIncomeNetOfTax": "None", "ebit": "113974000", "ebitda": "130847000", "netIncome": "67391000"}, {"fiscalDateEnding": "2010-03-31", "reportedCurrency": "USD", "grossProfit": "180938000", "totalRevenue": "556662000", "costOfRevenue": "375724000", "costofGoodsAndServicesSold": "375724000", "operatingIncome": "102446000", "sellingGeneralAndAdministrative": "67543000", "researchAndDevelopment": "0", "operatingExpenses": "78492000", "investmentIncomeNet": "None", "netInterestIncome": "None", "interestIncome": "None", "interestExpense": "16754000", "nonInterestIncome": "None", "otherNonOperatingIncome": "-515000", "depreciation": "None", "depreciationAndAmortization": "16787000", "incomeBeforeTax": "85177000", "incomeTaxExpense": "27232000", "interestAndDebtExpense": "None", "netIncomeFromContinuingOperations": "57945000", "comprehensiveIncomeNetOfTax": "None", "ebit": "101931000", "ebitda": "118718000", "netIncome": "57945000"}, {"fiscalDateEnding": "2009-12-31", "reportedCurrency": "USD", "grossProfit": "164426000", "totalRevenue": "523500000", "costOfRevenue": "359074000", "costofGoodsAndServicesSold": "359074000", "operatingIncome": "89193000", "sellingGeneralAndAdministrative": "64738000", "researchAndDevelopment": "50500000", "operatingExpenses": "75233000", "investmentIncomeNet": "None", "netInterestIncome": "None", "interestIncome": "None", "interestExpense": "16674000", "nonInterestIncome": "None", "otherNonOperatingIncome": "None", "depreciation": "None", "depreciationAndAmortization": "17184000", "incomeBeforeTax": "71578000", "incomeTaxExpense": "19694000", "interestAndDebtExpense": "None", "netIncomeFromContinuingOperations": "0", "comprehensiveIncomeNetOfTax": "None", "ebit": "88252000", "ebitda": "105436000", "netIncome": "51884000"}, {"fiscalDateEnding": "2009-09-30", "reportedCurrency": "USD", "grossProfit": "152402000", "totalRevenue": "497060000", "costOfRevenue": "344658000", "costofGoodsAndServicesSold": "344658000", "operatingIncome": "77475000", "sellingGeneralAndAdministrative": "63858000", "researchAndDevelopment": "0", "operatingExpenses": "74927000", "investmentIncomeNet": "None", "netInterestIncome": "None", "interestIncome": "None", "interestExpense": "17380000", "nonInterestIncome": "None", "otherNonOperatingIncome": "-702000", "depreciation": "None", "depreciationAndAmortization": "16639000", "incomeBeforeTax": "59393000", "incomeTaxExpense": "16375000", "interestAndDebtExpense": "None", "netIncomeFromContinuingOperations": "43018000", "comprehensiveIncomeNetOfTax": "None", "ebit": "76773000", "ebitda": "93412000", "netIncome": "43018000"}, {"fiscalDateEnding": "2009-06-30", "reportedCurrency": "USD", "grossProfit": "163351000", "totalRevenue": "524929000", "costOfRevenue": "361578000", "costofGoodsAndServicesSold": "361578000", "operatingIncome": "93180000", "sellingGeneralAndAdministrative": "61017000", "researchAndDevelopment": "0", "operatingExpenses": "70171000", "investmentIncomeNet": "None", "netInterestIncome": "None", "interestIncome": "None", "interestExpense": "17141000", "nonInterestIncome": "None", "otherNonOperatingIncome": "-1001000", "depreciation": "None", "depreciationAndAmortization": "15036000", "incomeBeforeTax": "75038000", "incomeTaxExpense": "23225000", "interestAndDebtExpense": "None", "netIncomeFromContinuingOperations": "51813000", "comprehensiveIncomeNetOfTax": "None", "ebit": "92179000", "ebitda": "107215000", "netIncome": "51813000"}, {"fiscalDateEnding": "2009-03-31", "reportedCurrency": "USD", "grossProfit": "182223000", "totalRevenue": "552866000", "costOfRevenue": "370643000", "costofGoodsAndServicesSold": "370643000", "operatingIncome": "106202000", "sellingGeneralAndAdministrative": "64530000", "researchAndDevelopment": "0", "operatingExpenses": "76021000", "investmentIncomeNet": "None", "netInterestIncome": "None", "interestIncome": "None", "interestExpense": "17555000", "nonInterestIncome": "None", "otherNonOperatingIncome": "None", "depreciation": "None", "depreciationAndAmortization": "16641000", "incomeBeforeTax": "88624000", "incomeTaxExpense": "29569000", "interestAndDebtExpense": "None", "netIncomeFromContinuingOperations": "0", "comprehensiveIncomeNetOfTax": "None", "ebit": "106179000", "ebitda": "122820000", "netIncome": "59055000"}, {"fiscalDateEnding": "2008-12-31", "reportedCurrency": "USD", "grossProfit": "179334000", "totalRevenue": "623744000", "costOfRevenue": "444410000", "costofGoodsAndServicesSold": "444410000", "operatingIncome": "82245000", "sellingGeneralAndAdministrative": "85316000", "researchAndDevelopment": "57500000", "operatingExpenses": "97089000", "investmentIncomeNet": "None", "netInterestIncome": "None", "interestIncome": "None", "interestExpense": "63652000", "nonInterestIncome": "None", "otherNonOperatingIncome": "None", "depreciation": "None", "depreciationAndAmortization": "16979000", "incomeBeforeTax": "64969000", "incomeTaxExpense": "21140000", "interestAndDebtExpense": "None", "netIncomeFromContinuingOperations": "0", "comprehensiveIncomeNetOfTax": "None", "ebit": "79459000", "ebitda": "96438000", "netIncome": "43829000"}, {"fiscalDateEnding": "2008-09-30", "reportedCurrency": "USD", "grossProfit": "209947000", "totalRevenue": "647423000", "costOfRevenue": "437476000", "costofGoodsAndServicesSold": "437476000", "operatingIncome": "120065000", "sellingGeneralAndAdministrative": "78216000", "researchAndDevelopment": "0", "operatingExpenses": "89882000", "investmentIncomeNet": "None", "netInterestIncome": "None", "interestIncome": "None", "interestExpense": "15534000", "nonInterestIncome": "None", "otherNonOperatingIncome": "None", "depreciation": "None", "depreciationAndAmortization": "16206000", "incomeBeforeTax": "102991000", "incomeTaxExpense": "32067000", "interestAndDebtExpense": "None", "netIncomeFromContinuingOperations": "0", "comprehensiveIncomeNetOfTax": "None", "ebit": "118525000", "ebitda": "134731000", "netIncome": "70924000"}, {"fiscalDateEnding": "2008-06-30", "reportedCurrency": "USD", "grossProfit": "211588000", "totalRevenue": "648771000", "costOfRevenue": "437183000", "costofGoodsAndServicesSold": "437183000", "operatingIncome": "114111000", "sellingGeneralAndAdministrative": "85653000", "researchAndDevelopment": "0", "operatingExpenses": "97477000", "investmentIncomeNet": "None", "netInterestIncome": "None", "interestIncome": "None", "interestExpense": "16257000", "nonInterestIncome": "None", "otherNonOperatingIncome": "None", "depreciation": "None", "depreciationAndAmortization": "15912000", "incomeBeforeTax": "97854000", "incomeTaxExpense": "32012000", "interestAndDebtExpense": "None", "netIncomeFromContinuingOperations": "0", "comprehensiveIncomeNetOfTax": "None", "ebit": "114111000", "ebitda": "130023000", "netIncome": "65842000"}, {"fiscalDateEnding": "2008-03-31", "reportedCurrency": "USD", "grossProfit": "200180000", "totalRevenue": "611197000", "costOfRevenue": "411017000", "costofGoodsAndServicesSold": "411017000", "operatingIncome": "116233000", "sellingGeneralAndAdministrative": "73367000", "researchAndDevelopment": "0", "operatingExpenses": "83947000", "investmentIncomeNet": "None", "netInterestIncome": "None", "interestIncome": "None", "interestExpense": "15831000", "nonInterestIncome": "None", "otherNonOperatingIncome": "None", "depreciation": "None", "depreciationAndAmortization": "14164000", "incomeBeforeTax": "100402000", "incomeTaxExpense": "34045000", "interestAndDebtExpense": "None", "netIncomeFromContinuingOperations": "0", "comprehensiveIncomeNetOfTax": "None", "ebit": "116233000", "ebitda": "130397000", "netIncome": "66357000"}, {"fiscalDateEnding": "2007-12-31", "reportedCurrency": "USD", "grossProfit": "188999000", "totalRevenue": "583250000", "costOfRevenue": "394251000", "costofGoodsAndServicesSold": "394251000", "operatingIncome": "104036000", "sellingGeneralAndAdministrative": "72878000", "researchAndDevelopment": "52900000", "operatingExpenses": "84963000", "investmentIncomeNet": "None", "netInterestIncome": "None", "interestIncome": "None", "interestExpense": "46866000", "nonInterestIncome": "None", "otherNonOperatingIncome": "None", "depreciation": "None", "depreciationAndAmortization": "15039000", "incomeBeforeTax": "90523000", "incomeTaxExpense": "28660000", "interestAndDebtExpense": "None", "netIncomeFromContinuingOperations": "0", "comprehensiveIncomeNetOfTax": "None", "ebit": "104036000", "ebitda": "119075000", "netIncome": "61863000"}, {"fiscalDateEnding": "2007-09-30", "reportedCurrency": "USD", "grossProfit": "172167000", "totalRevenue": "528849000", "costOfRevenue": "356682000", "costofGoodsAndServicesSold": "356682000", "operatingIncome": "96004000", "sellingGeneralAndAdministrative": "65687000", "researchAndDevelopment": "0", "operatingExpenses": "76163000", "investmentIncomeNet": "None", "netInterestIncome": "None", "interestIncome": "None", "interestExpense": "12607000", "nonInterestIncome": "None", "otherNonOperatingIncome": "None", "depreciation": "None", "depreciationAndAmortization": "13269000", "incomeBeforeTax": "83397000", "incomeTaxExpense": "26153000", "interestAndDebtExpense": "None", "netIncomeFromContinuingOperations": "0", "comprehensiveIncomeNetOfTax": "None", "ebit": "96004000", "ebitda": "109273000", "netIncome": "57244000"}, {"fiscalDateEnding": "2007-06-30", "reportedCurrency": "USD", "grossProfit": "169233000", "totalRevenue": "519468000", "costOfRevenue": "350235000", "costofGoodsAndServicesSold": "350235000", "operatingIncome": "96610000", "sellingGeneralAndAdministrative": "62854000", "researchAndDevelopment": "0", "operatingExpenses": "72623000", "investmentIncomeNet": "None", "netInterestIncome": "None", "interestIncome": "None", "interestExpense": "12535000", "nonInterestIncome": "None", "otherNonOperatingIncome": "None", "depreciation": "None", "depreciationAndAmortization": "12204000", "incomeBeforeTax": "84075000", "incomeTaxExpense": "26062000", "interestAndDebtExpense": "None", "netIncomeFromContinuingOperations": "0", "comprehensiveIncomeNetOfTax": "None", "ebit": "96610000", "ebitda": "108814000", "netIncome": "58013000"}, {"fiscalDateEnding": "2007-03-31", "reportedCurrency": "USD", "grossProfit": "161939000", "totalRevenue": "505283000", "costOfRevenue": "343344000", "costofGoodsAndServicesSold": "343344000", "operatingIncome": "89924000", "sellingGeneralAndAdministrative": "62053000", "researchAndDevelopment": "0", "operatingExpenses": "72015000", "investmentIncomeNet": "None", "netInterestIncome": "None", "interestIncome": "None", "interestExpense": "11475000", "nonInterestIncome": "None", "otherNonOperatingIncome": "None", "depreciation": "None", "depreciationAndAmortization": "12153000", "incomeBeforeTax": "78449000", "incomeTaxExpense": "27549000", "interestAndDebtExpense": "None", "netIncomeFromContinuingOperations": "0", "comprehensiveIncomeNetOfTax": "None", "ebit": "89924000", "ebitda": "102077000", "netIncome": "50900000"}, {"fiscalDateEnding": "2006-12-31", "reportedCurrency": "USD", "grossProfit": "148105000", "totalRevenue": "480674000", "costOfRevenue": "332569000", "costofGoodsAndServicesSold": "332569000", "operatingIncome": "79264000", "sellingGeneralAndAdministrative": "59130000", "researchAndDevelopment": "42000000", "operatingExpenses": "68841000", "investmentIncomeNet": "None", "netInterestIncome": "None", "interestIncome": "None", "interestExpense": "10616000", "nonInterestIncome": "None", "otherNonOperatingIncome": "None", "depreciation": "None", "depreciationAndAmortization": "11558000", "incomeBeforeTax": "66816000", "incomeTaxExpense": "18979000", "interestAndDebtExpense": "None", "netIncomeFromContinuingOperations": "0", "comprehensiveIncomeNetOfTax": "None", "ebit": "79264000", "ebitda": "90822000", "netIncome": "47837000"}, {"fiscalDateEnding": "2006-09-30", "reportedCurrency": "USD", "grossProfit": "145889000", "totalRevenue": "464164000", "costOfRevenue": "318275000", "costofGoodsAndServicesSold": "318275000", "operatingIncome": "79830000", "sellingGeneralAndAdministrative": "56197000", "researchAndDevelopment": "0", "operatingExpenses": "66059000", "investmentIncomeNet": "None", "netInterestIncome": "None", "interestIncome": "None", "interestExpense": "11145000", "nonInterestIncome": "None", "otherNonOperatingIncome": "None", "depreciation": "None", "depreciationAndAmortization": "11966000", "incomeBeforeTax": "68685000", "incomeTaxExpense": "21314000", "interestAndDebtExpense": "None", "netIncomeFromContinuingOperations": "0", "comprehensiveIncomeNetOfTax": "None", "ebit": "79830000", "ebitda": "91796000", "netIncome": "47371000"}, {"fiscalDateEnding": "2006-06-30", "reportedCurrency": "USD", "grossProfit": "142277000", "totalRevenue": "450585000", "costOfRevenue": "308308000", "costofGoodsAndServicesSold": "308308000", "operatingIncome": "79099000", "sellingGeneralAndAdministrative": "53315000", "researchAndDevelopment": "0", "operatingExpenses": "63178000", "investmentIncomeNet": "None", "netInterestIncome": "None", "interestIncome": "None", "interestExpense": "10890000", "nonInterestIncome": "None", "otherNonOperatingIncome": "None", "depreciation": "None", "depreciationAndAmortization": "11400000", "incomeBeforeTax": "68209000", "incomeTaxExpense": "21741000", "interestAndDebtExpense": "None", "netIncomeFromContinuingOperations": "0", "comprehensiveIncomeNetOfTax": "None", "ebit": "79099000", "ebitda": "90499000", "netIncome": "46468000"}, {"fiscalDateEnding": "2006-03-31", "reportedCurrency": "USD", "grossProfit": "131099000", "totalRevenue": "423867000", "costOfRevenue": "292768000", "costofGoodsAndServicesSold": "292768000", "operatingIncome": "70801000", "sellingGeneralAndAdministrative": "50812000", "researchAndDevelopment": "0", "operatingExpenses": "60298000", "investmentIncomeNet": "None", "netInterestIncome": "None", "interestIncome": "None", "interestExpense": "10825000", "nonInterestIncome": "None", "otherNonOperatingIncome": "None", "depreciation": "None", "depreciationAndAmortization": "11005000", "incomeBeforeTax": "59976000", "incomeTaxExpense": "19718000", "interestAndDebtExpense": "None", "netIncomeFromContinuingOperations": "0", "comprehensiveIncomeNetOfTax": "None", "ebit": "70801000", "ebitda": "81806000", "netIncome": "40258000"}, {"fiscalDateEnding": "2005-12-31", "reportedCurrency": "USD", "grossProfit": "123903000", "totalRevenue": "403781000", "costOfRevenue": "279878000", "costofGoodsAndServicesSold": "279878000", "operatingIncome": "64890000", "sellingGeneralAndAdministrative": "49413000", "researchAndDevelopment": "34800000", "operatingExpenses": "59013000", "investmentIncomeNet": "None", "netInterestIncome": "None", "interestIncome": "None", "interestExpense": "32913000", "nonInterestIncome": "None", "otherNonOperatingIncome": "None", "depreciation": "None", "depreciationAndAmortization": "11169000", "incomeBeforeTax": "54299000", "incomeTaxExpense": "16305000", "interestAndDebtExpense": "None", "netIncomeFromContinuingOperations": "0", "comprehensiveIncomeNetOfTax": "None", "ebit": "64890000", "ebitda": "76059000", "netIncome": "37994000"}, {"fiscalDateEnding": "2005-09-30", "reportedCurrency": "USD", "grossProfit": "110522000", "totalRevenue": "344529000", "costOfRevenue": "234007000", "costofGoodsAndServicesSold": "234007000", "operatingIncome": "57242000", "sellingGeneralAndAdministrative": "44158000", "researchAndDevelopment": "0", "operatingExpenses": "53280000", "investmentIncomeNet": "None", "netInterestIncome": "None", "interestIncome": "None", "interestExpense": "7628000", "nonInterestIncome": "None", "otherNonOperatingIncome": "None", "depreciation": "None", "depreciationAndAmortization": "9551000", "incomeBeforeTax": "48168000", "incomeTaxExpense": "13799000", "interestAndDebtExpense": "None", "netIncomeFromContinuingOperations": "0", "comprehensiveIncomeNetOfTax": "None", "ebit": "57242000", "ebitda": "66793000", "netIncome": "34369000"}, {"fiscalDateEnding": "2005-06-30", "reportedCurrency": "USD", "grossProfit": "109144000", "totalRevenue": "352051000", "costOfRevenue": "242907000", "costofGoodsAndServicesSold": "242907000", "operatingIncome": "59318000", "sellingGeneralAndAdministrative": "40567000", "researchAndDevelopment": "0", "operatingExpenses": "49826000", "investmentIncomeNet": "None", "netInterestIncome": "None", "interestIncome": "None", "interestExpense": "8062000", "nonInterestIncome": "None", "otherNonOperatingIncome": "None", "depreciation": "None", "depreciationAndAmortization": "9451000", "incomeBeforeTax": "51256000", "incomeTaxExpense": "17138000", "interestAndDebtExpense": "None", "netIncomeFromContinuingOperations": "0", "comprehensiveIncomeNetOfTax": "None", "ebit": "59318000", "ebitda": "68769000", "netIncome": "34118000"}, {"fiscalDateEnding": "2005-03-31", "reportedCurrency": "USD", "grossProfit": "99920000", "totalRevenue": "334096000", "costOfRevenue": "234176000", "costofGoodsAndServicesSold": "234176000", "operatingIncome": "53562000", "sellingGeneralAndAdministrative": "37439000", "researchAndDevelopment": "0", "operatingExpenses": "46358000", "investmentIncomeNet": "None", "netInterestIncome": "None", "interestIncome": "None", "interestExpense": "7632000", "nonInterestIncome": "None", "otherNonOperatingIncome": "None", "depreciation": "None", "depreciationAndAmortization": "9257000", "incomeBeforeTax": "46088000", "incomeTaxExpense": "15117000", "interestAndDebtExpense": "None", "netIncomeFromContinuingOperations": "0", "comprehensiveIncomeNetOfTax": "None", "ebit": "53562000", "ebitda": "62819000", "netIncome": "30971000"}, {"fiscalDateEnding": "2004-12-31", "reportedCurrency": "USD", "grossProfit": "99923000", "totalRevenue": "323271000", "costOfRevenue": "223348000", "costofGoodsAndServicesSold": "223348000", "operatingIncome": "54804000", "sellingGeneralAndAdministrative": "37540000", "researchAndDevelopment": "25500000", "operatingExpenses": "45119000", "investmentIncomeNet": "None", "netInterestIncome": "None", "interestIncome": "None", "interestExpense": "28343000", "nonInterestIncome": "None", "otherNonOperatingIncome": "None", "depreciation": "None", "depreciationAndAmortization": "11496000", "incomeBeforeTax": "45721000", "incomeTaxExpense": "14361000", "interestAndDebtExpense": "None", "netIncomeFromContinuingOperations": "0", "comprehensiveIncomeNetOfTax": "None", "ebit": "54804000", "ebitda": "66300000", "netIncome": "31360000"}]}