{"symbol": "LMT", "annualReports": [{"fiscalDateEnding": "2024-12-31", "reportedCurrency": "USD", "grossProfit": "6930000000", "totalRevenue": "71043000000", "costOfRevenue": "64113000000", "costofGoodsAndServicesSold": "64113000000", "operatingIncome": "7013000000", "sellingGeneralAndAdministrative": "None", "researchAndDevelopment": "None", "operatingExpenses": "-83000000", "investmentIncomeNet": "None", "netInterestIncome": "-1036000000", "interestIncome": "None", "interestExpense": "1036000000", "nonInterestIncome": "None", "otherNonOperatingIncome": "None", "depreciation": "None", "depreciationAndAmortization": "1559000000", "incomeBeforeTax": "6220000000", "incomeTaxExpense": "884000000", "interestAndDebtExpense": "None", "netIncomeFromContinuingOperations": "5336000000", "comprehensiveIncomeNetOfTax": "None", "ebit": "7256000000", "ebitda": "8815000000", "netIncome": "5336000000"}, {"fiscalDateEnding": "2023-12-31", "reportedCurrency": "USD", "grossProfit": "8479000000", "totalRevenue": "67571000000", "costOfRevenue": "59092000000", "costofGoodsAndServicesSold": "59092000000", "operatingIncome": "8507000000", "sellingGeneralAndAdministrative": "None", "researchAndDevelopment": "1500000000", "operatingExpenses": "-28000000", "investmentIncomeNet": "None", "netInterestIncome": "-864000000", "interestIncome": "None", "interestExpense": "916000000", "nonInterestIncome": "None", "otherNonOperatingIncome": "None", "depreciation": "None", "depreciationAndAmortization": "1430000000", "incomeBeforeTax": "8098000000", "incomeTaxExpense": "-1178000000", "interestAndDebtExpense": "None", "netIncomeFromContinuingOperations": "6966000000", "comprehensiveIncomeNetOfTax": "None", "ebit": "8507000000", "ebitda": "8507000000", "netIncome": "6920000000"}, {"fiscalDateEnding": "2022-12-31", "reportedCurrency": "USD", "grossProfit": "8287000000", "totalRevenue": "65984000000", "costOfRevenue": "57697000000", "costofGoodsAndServicesSold": "57697000000", "operatingIncome": "8348000000", "sellingGeneralAndAdministrative": "None", "researchAndDevelopment": "1700000000", "operatingExpenses": "-61000000", "investmentIncomeNet": "None", "netInterestIncome": "-623000000", "interestIncome": "623000000", "interestExpense": "623000000", "nonInterestIncome": "None", "otherNonOperatingIncome": "-74000000", "depreciation": "None", "depreciationAndAmortization": "1404000000", "incomeBeforeTax": "6680000000", "incomeTaxExpense": "948000000", "interestAndDebtExpense": "None", "netIncomeFromContinuingOperations": "5732000000", "comprehensiveIncomeNetOfTax": "None", "ebit": "7303000000", "ebitda": "8707000000", "netIncome": "5732000000"}, {"fiscalDateEnding": "2021-12-31", "reportedCurrency": "USD", "grossProfit": "9061000000", "totalRevenue": "67044000000", "costOfRevenue": "57983000000", "costofGoodsAndServicesSold": "57983000000", "operatingIncome": "9123000000", "sellingGeneralAndAdministrative": "None", "researchAndDevelopment": "1500000000", "operatingExpenses": "-62000000", "investmentIncomeNet": "None", "netInterestIncome": "-569000000", "interestIncome": "569000000", "interestExpense": "569000000", "nonInterestIncome": "None", "otherNonOperatingIncome": "288000000", "depreciation": "None", "depreciationAndAmortization": "1364000000", "incomeBeforeTax": "7550000000", "incomeTaxExpense": "1235000000", "interestAndDebtExpense": "None", "netIncomeFromContinuingOperations": "6315000000", "comprehensiveIncomeNetOfTax": "None", "ebit": "8119000000", "ebitda": "9483000000", "netIncome": "6315000000"}, {"fiscalDateEnding": "2020-12-31", "reportedCurrency": "USD", "grossProfit": "8654000000", "totalRevenue": "65398000000", "costOfRevenue": "56744000000", "costofGoodsAndServicesSold": "56744000000", "operatingIncome": "8644000000", "sellingGeneralAndAdministrative": "None", "researchAndDevelopment": "1300000000", "operatingExpenses": "10000000", "investmentIncomeNet": "None", "netInterestIncome": "-591000000", "interestIncome": "591000000", "interestExpense": "591000000", "nonInterestIncome": "None", "otherNonOperatingIncome": "182000000", "depreciation": "None", "depreciationAndAmortization": "1290000000", "incomeBeforeTax": "8235000000", "incomeTaxExpense": "1347000000", "interestAndDebtExpense": "None", "netIncomeFromContinuingOperations": "6888000000", "comprehensiveIncomeNetOfTax": "None", "ebit": "8826000000", "ebitda": "10116000000", "netIncome": "6833000000"}, {"fiscalDateEnding": "2019-12-31", "reportedCurrency": "USD", "grossProfit": "8367000000", "totalRevenue": "59812000000", "costOfRevenue": "51445000000", "costofGoodsAndServicesSold": "51445000000", "operatingIncome": "8545000000", "sellingGeneralAndAdministrative": "608000000", "researchAndDevelopment": "1300000000", "operatingExpenses": "-178000000", "investmentIncomeNet": "None", "netInterestIncome": "-653000000", "interestIncome": "653000000", "interestExpense": "653000000", "nonInterestIncome": "None", "otherNonOperatingIncome": "-651000000", "depreciation": "None", "depreciationAndAmortization": "1189000000", "incomeBeforeTax": "7241000000", "incomeTaxExpense": "1011000000", "interestAndDebtExpense": "None", "netIncomeFromContinuingOperations": "6230000000", "comprehensiveIncomeNetOfTax": "None", "ebit": "7894000000", "ebitda": "9083000000", "netIncome": "6230000000"}, {"fiscalDateEnding": "2018-12-31", "reportedCurrency": "USD", "grossProfit": "7370000000", "totalRevenue": "53762000000", "costOfRevenue": "46392000000", "costofGoodsAndServicesSold": "46392000000", "operatingIncome": "7334000000", "sellingGeneralAndAdministrative": "777000000", "researchAndDevelopment": "1300000000", "operatingExpenses": "-60000000", "investmentIncomeNet": "None", "netInterestIncome": "-668000000", "interestIncome": "668000000", "interestExpense": "668000000", "nonInterestIncome": "None", "otherNonOperatingIncome": "-828000000", "depreciation": "None", "depreciationAndAmortization": "1161000000", "incomeBeforeTax": "5838000000", "incomeTaxExpense": "792000000", "interestAndDebtExpense": "None", "netIncomeFromContinuingOperations": "5046000000", "comprehensiveIncomeNetOfTax": "None", "ebit": "6506000000", "ebitda": "7667000000", "netIncome": "5046000000"}, {"fiscalDateEnding": "2017-12-31", "reportedCurrency": "USD", "grossProfit": "5548000000", "totalRevenue": "51048000000", "costOfRevenue": "45500000000", "costofGoodsAndServicesSold": "45500000000", "operatingIncome": "5921000000", "sellingGeneralAndAdministrative": "746000000", "researchAndDevelopment": "1200000000", "operatingExpenses": "-373000000", "investmentIncomeNet": "None", "netInterestIncome": "-651000000", "interestIncome": "651000000", "interestExpense": "651000000", "nonInterestIncome": "None", "otherNonOperatingIncome": "-1000000", "depreciation": "None", "depreciationAndAmortization": "1195000000", "incomeBeforeTax": "5269000000", "incomeTaxExpense": "3340000000", "interestAndDebtExpense": "None", "netIncomeFromContinuingOperations": "1929000000", "comprehensiveIncomeNetOfTax": "None", "ebit": "5993000000", "ebitda": "7188000000", "netIncome": "2002000000"}, {"fiscalDateEnding": "2016-12-31", "reportedCurrency": "USD", "grossProfit": "5142000000", "totalRevenue": "47248000000", "costOfRevenue": "42106000000", "costofGoodsAndServicesSold": "42106000000", "operatingIncome": "5549000000", "sellingGeneralAndAdministrative": "471000000", "researchAndDevelopment": "988000000", "operatingExpenses": "-487000000", "investmentIncomeNet": "None", "netInterestIncome": "-663000000", "interestIncome": "663000000", "interestExpense": "663000000", "nonInterestIncome": "None", "otherNonOperatingIncome": "None", "depreciation": "None", "depreciationAndAmortization": "1215000000", "incomeBeforeTax": "4886000000", "incomeTaxExpense": "1133000000", "interestAndDebtExpense": "None", "netIncomeFromContinuingOperations": "3753000000", "comprehensiveIncomeNetOfTax": "None", "ebit": "7098000000", "ebitda": "8313000000", "netIncome": "5302000000"}, {"fiscalDateEnding": "2015-12-31", "reportedCurrency": "USD", "grossProfit": "5302000000", "totalRevenue": "46132000000", "costOfRevenue": "40830000000", "costofGoodsAndServicesSold": "40830000000", "operatingIncome": "5436000000", "sellingGeneralAndAdministrative": "123000000", "researchAndDevelopment": "817000000", "operatingExpenses": "-236000000", "investmentIncomeNet": "None", "netInterestIncome": "None", "interestIncome": "443000000", "interestExpense": "443000000", "nonInterestIncome": "None", "otherNonOperatingIncome": "30000000", "depreciation": "None", "depreciationAndAmortization": "1026000000", "incomeBeforeTax": "5023000000", "incomeTaxExpense": "1418000000", "interestAndDebtExpense": "None", "netIncomeFromContinuingOperations": "3605000000", "comprehensiveIncomeNetOfTax": "None", "ebit": "5466000000", "ebitda": "6492000000", "netIncome": "3605000000"}, {"fiscalDateEnding": "2014-12-31", "reportedCurrency": "USD", "grossProfit": "5374000000", "totalRevenue": "45600000000", "costOfRevenue": "40226000000", "costofGoodsAndServicesSold": "40226000000", "operatingIncome": "5592000000", "sellingGeneralAndAdministrative": "0", "researchAndDevelopment": "733000000", "operatingExpenses": "-337000000", "investmentIncomeNet": "None", "netInterestIncome": "None", "interestIncome": "None", "interestExpense": "340000000", "nonInterestIncome": "None", "otherNonOperatingIncome": "6000000", "depreciation": "None", "depreciationAndAmortization": "994000000", "incomeBeforeTax": "5258000000", "incomeTaxExpense": "1644000000", "interestAndDebtExpense": "None", "netIncomeFromContinuingOperations": "3614000000", "comprehensiveIncomeNetOfTax": "None", "ebit": "5598000000", "ebitda": "6592000000", "netIncome": "3614000000"}, {"fiscalDateEnding": "2013-12-31", "reportedCurrency": "USD", "grossProfit": "4583000000", "totalRevenue": "45358000000", "costOfRevenue": "40775000000", "costofGoodsAndServicesSold": "40775000000", "operatingIncome": "4505000000", "sellingGeneralAndAdministrative": "0", "researchAndDevelopment": "697000000", "operatingExpenses": "-318000000", "investmentIncomeNet": "None", "netInterestIncome": "None", "interestIncome": "None", "interestExpense": "350000000", "nonInterestIncome": "None", "otherNonOperatingIncome": "None", "depreciation": "None", "depreciationAndAmortization": "990000000", "incomeBeforeTax": "4155000000", "incomeTaxExpense": "1205000000", "interestAndDebtExpense": "None", "netIncomeFromContinuingOperations": "2950000000", "comprehensiveIncomeNetOfTax": "None", "ebit": "4536000000", "ebitda": "5526000000", "netIncome": "2981000000"}, {"fiscalDateEnding": "2012-12-31", "reportedCurrency": "USD", "grossProfit": "4244000000", "totalRevenue": "47182000000", "costOfRevenue": "42938000000", "costofGoodsAndServicesSold": "42938000000", "operatingIncome": "4434000000", "sellingGeneralAndAdministrative": "0", "researchAndDevelopment": "616000000", "operatingExpenses": "-238000000", "investmentIncomeNet": "None", "netInterestIncome": "None", "interestIncome": "None", "interestExpense": "383000000", "nonInterestIncome": "None", "otherNonOperatingIncome": "21000000", "depreciation": "None", "depreciationAndAmortization": "988000000", "incomeBeforeTax": "4072000000", "incomeTaxExpense": "1327000000", "interestAndDebtExpense": "None", "netIncomeFromContinuingOperations": "4072000000", "comprehensiveIncomeNetOfTax": "None", "ebit": "4455000000", "ebitda": "5443000000", "netIncome": "2745000000"}, {"fiscalDateEnding": "2011-12-31", "reportedCurrency": "USD", "grossProfit": "3704000000", "totalRevenue": "46499000000", "costOfRevenue": "42795000000", "costofGoodsAndServicesSold": "42795000000", "operatingIncome": "3980000000", "sellingGeneralAndAdministrative": "0", "researchAndDevelopment": "585000000", "operatingExpenses": "-276000000", "investmentIncomeNet": "None", "netInterestIncome": "None", "interestIncome": "None", "interestExpense": "354000000", "nonInterestIncome": "None", "otherNonOperatingIncome": "5000000", "depreciation": "None", "depreciationAndAmortization": "797000000", "incomeBeforeTax": "3631000000", "incomeTaxExpense": "964000000", "interestAndDebtExpense": "None", "netIncomeFromContinuingOperations": "3631000000", "comprehensiveIncomeNetOfTax": "None", "ebit": "3980000000", "ebitda": "4777000000", "netIncome": "2655000000"}, {"fiscalDateEnding": "2010-12-31", "reportedCurrency": "USD", "grossProfit": "3836000000", "totalRevenue": "45803000000", "costOfRevenue": "41967000000", "costofGoodsAndServicesSold": "41967000000", "operatingIncome": "4097000000", "sellingGeneralAndAdministrative": "0", "researchAndDevelopment": "638000000", "operatingExpenses": "-261000000", "investmentIncomeNet": "None", "netInterestIncome": "None", "interestIncome": "None", "interestExpense": "345000000", "nonInterestIncome": "None", "otherNonOperatingIncome": "74000000", "depreciation": "None", "depreciationAndAmortization": "749000000", "incomeBeforeTax": "3826000000", "incomeTaxExpense": "1181000000", "interestAndDebtExpense": "None", "netIncomeFromContinuingOperations": "2645000000", "comprehensiveIncomeNetOfTax": "None", "ebit": "4097000000", "ebitda": "4846000000", "netIncome": "2926000000"}, {"fiscalDateEnding": "2009-12-31", "reportedCurrency": "USD", "grossProfit": "4224000000", "totalRevenue": "45189000000", "costOfRevenue": "40965000000", "costofGoodsAndServicesSold": "40965000000", "operatingIncome": "4466000000", "sellingGeneralAndAdministrative": "242000000", "researchAndDevelopment": "750000000", "operatingExpenses": "242000000", "investmentIncomeNet": "None", "netInterestIncome": "None", "interestIncome": "None", "interestExpense": "305000000", "nonInterestIncome": "None", "otherNonOperatingIncome": "123000000", "depreciation": "None", "depreciationAndAmortization": "859000000", "incomeBeforeTax": "4284000000", "incomeTaxExpense": "1260000000", "interestAndDebtExpense": "None", "netIncomeFromContinuingOperations": "3024000000", "comprehensiveIncomeNetOfTax": "None", "ebit": "4466000000", "ebitda": "5325000000", "netIncome": "3024000000"}, {"fiscalDateEnding": "2008-12-31", "reportedCurrency": "USD", "grossProfit": "4649000000", "totalRevenue": "42731000000", "costOfRevenue": "38082000000", "costofGoodsAndServicesSold": "38082000000", "operatingIncome": "5131000000", "sellingGeneralAndAdministrative": "None", "researchAndDevelopment": "1220000000", "operatingExpenses": "482000000", "investmentIncomeNet": "None", "netInterestIncome": "None", "interestIncome": "None", "interestExpense": "341000000", "nonInterestIncome": "None", "otherNonOperatingIncome": "None", "depreciation": "None", "depreciationAndAmortization": "845000000", "incomeBeforeTax": "4702000000", "incomeTaxExpense": "1485000000", "interestAndDebtExpense": "None", "netIncomeFromContinuingOperations": "None", "comprehensiveIncomeNetOfTax": "None", "ebit": "4649000000", "ebitda": "5494000000", "netIncome": "3217000000"}, {"fiscalDateEnding": "2007-12-31", "reportedCurrency": "USD", "grossProfit": "4234000000", "totalRevenue": "41862000000", "costOfRevenue": "37628000000", "costofGoodsAndServicesSold": "37628000000", "operatingIncome": "4527000000", "sellingGeneralAndAdministrative": "None", "researchAndDevelopment": "1206000000", "operatingExpenses": "293000000", "investmentIncomeNet": "None", "netInterestIncome": "None", "interestIncome": "None", "interestExpense": "352000000", "nonInterestIncome": "None", "otherNonOperatingIncome": "None", "depreciation": "None", "depreciationAndAmortization": "819000000", "incomeBeforeTax": "4368000000", "incomeTaxExpense": "1335000000", "interestAndDebtExpense": "None", "netIncomeFromContinuingOperations": "None", "comprehensiveIncomeNetOfTax": "None", "ebit": "4527000000", "ebitda": "5346000000", "netIncome": "3033000000"}, {"fiscalDateEnding": "2006-12-31", "reportedCurrency": "USD", "grossProfit": "3434000000", "totalRevenue": "39620000000", "costOfRevenue": "36186000000", "costofGoodsAndServicesSold": "36186000000", "operatingIncome": "3953000000", "sellingGeneralAndAdministrative": "None", "researchAndDevelopment": "1139000000", "operatingExpenses": "519000000", "investmentIncomeNet": "None", "netInterestIncome": "None", "interestIncome": "None", "interestExpense": "361000000", "nonInterestIncome": "None", "otherNonOperatingIncome": "None", "depreciation": "None", "depreciationAndAmortization": "764000000", "incomeBeforeTax": "3592000000", "incomeTaxExpense": "1063000000", "interestAndDebtExpense": "None", "netIncomeFromContinuingOperations": "None", "comprehensiveIncomeNetOfTax": "None", "ebit": "3434000000", "ebitda": "4198000000", "netIncome": "2529000000"}, {"fiscalDateEnding": "2005-12-31", "reportedCurrency": "USD", "grossProfit": "2537000000", "totalRevenue": "37213000000", "costOfRevenue": "34676000000", "costofGoodsAndServicesSold": "34676000000", "operatingIncome": "2986000000", "sellingGeneralAndAdministrative": "None", "researchAndDevelopment": "1042000000", "operatingExpenses": "449000000", "investmentIncomeNet": "None", "netInterestIncome": "None", "interestIncome": "None", "interestExpense": "370000000", "nonInterestIncome": "None", "otherNonOperatingIncome": "None", "depreciation": "None", "depreciationAndAmortization": "705000000", "incomeBeforeTax": "2616000000", "incomeTaxExpense": "791000000", "interestAndDebtExpense": "None", "netIncomeFromContinuingOperations": "None", "comprehensiveIncomeNetOfTax": "None", "ebit": "2986000000", "ebitda": "3691000000", "netIncome": "1825000000"}], "quarterlyReports": [{"fiscalDateEnding": "2024-12-31", "reportedCurrency": "USD", "grossProfit": "690000000", "totalRevenue": "18622000000", "costOfRevenue": "17932000000", "costofGoodsAndServicesSold": "17932000000", "operatingIncome": "696000000", "sellingGeneralAndAdministrative": "None", "researchAndDevelopment": "None", "operatingExpenses": "-6000000", "investmentIncomeNet": "None", "netInterestIncome": "-264000000", "interestIncome": "None", "interestExpense": "264000000", "nonInterestIncome": "None", "otherNonOperatingIncome": "None", "depreciation": "None", "depreciationAndAmortization": "459000000", "incomeBeforeTax": "519000000", "incomeTaxExpense": "-8000000", "interestAndDebtExpense": "None", "netIncomeFromContinuingOperations": "527000000", "comprehensiveIncomeNetOfTax": "None", "ebit": "783000000", "ebitda": "1242000000", "netIncome": "527000000"}, {"fiscalDateEnding": "2024-09-30", "reportedCurrency": "USD", "grossProfit": "2117000000", "totalRevenue": "17104000000", "costOfRevenue": "14987000000", "costofGoodsAndServicesSold": "14987000000", "operatingIncome": "2140000000", "sellingGeneralAndAdministrative": "None", "researchAndDevelopment": "None", "operatingExpenses": "-23000000", "investmentIncomeNet": "None", "netInterestIncome": "-256000000", "interestIncome": "None", "interestExpense": "256000000", "nonInterestIncome": "None", "otherNonOperatingIncome": "None", "depreciation": "None", "depreciationAndAmortization": "390000000", "incomeBeforeTax": "1918000000", "incomeTaxExpense": "295000000", "interestAndDebtExpense": "None", "netIncomeFromContinuingOperations": "1623000000", "comprehensiveIncomeNetOfTax": "None", "ebit": "2174000000", "ebitda": "2564000000", "netIncome": "1623000000"}, {"fiscalDateEnding": "2024-06-30", "reportedCurrency": "USD", "grossProfit": "2217000000", "totalRevenue": "18122000000", "costOfRevenue": "15905000000", "costofGoodsAndServicesSold": "15905000000", "operatingIncome": "2217000000", "sellingGeneralAndAdministrative": "15000000", "researchAndDevelopment": "None", "operatingExpenses": "-33000000", "investmentIncomeNet": "None", "netInterestIncome": "-261000000", "interestIncome": "None", "interestExpense": "261000000", "nonInterestIncome": "None", "otherNonOperatingIncome": "None", "depreciation": "None", "depreciationAndAmortization": "359000000", "incomeBeforeTax": "1948000000", "incomeTaxExpense": "307000000", "interestAndDebtExpense": "None", "netIncomeFromContinuingOperations": "1641000000", "comprehensiveIncomeNetOfTax": "None", "ebit": "2209000000", "ebitda": "2568000000", "netIncome": "1641000000"}, {"fiscalDateEnding": "2024-03-31", "reportedCurrency": "USD", "grossProfit": "1993000000", "totalRevenue": "17195000000", "costOfRevenue": "15202000000", "costofGoodsAndServicesSold": "15202000000", "operatingIncome": "1993000000", "sellingGeneralAndAdministrative": "16000000", "researchAndDevelopment": "None", "operatingExpenses": "97000000", "investmentIncomeNet": "None", "netInterestIncome": "-255000000", "interestIncome": "None", "interestExpense": "255000000", "nonInterestIncome": "None", "otherNonOperatingIncome": "None", "depreciation": "None", "depreciationAndAmortization": "351000000", "incomeBeforeTax": "1835000000", "incomeTaxExpense": "290000000", "interestAndDebtExpense": "None", "netIncomeFromContinuingOperations": "1545000000", "comprehensiveIncomeNetOfTax": "None", "ebit": "2090000000", "ebitda": "2441000000", "netIncome": "1545000000"}, {"fiscalDateEnding": "2023-12-31", "reportedCurrency": "USD", "grossProfit": "2295000000", "totalRevenue": "18874000000", "costOfRevenue": "16579000000", "costofGoodsAndServicesSold": "16579000000", "operatingIncome": "2293000000", "sellingGeneralAndAdministrative": "None", "researchAndDevelopment": "1500000000", "operatingExpenses": "2000000", "investmentIncomeNet": "None", "netInterestIncome": "-254000000", "interestIncome": "None", "interestExpense": "254000000", "nonInterestIncome": "None", "otherNonOperatingIncome": "None", "depreciation": "None", "depreciationAndAmortization": "421000000", "incomeBeforeTax": "2145000000", "incomeTaxExpense": "279000000", "interestAndDebtExpense": "None", "netIncomeFromContinuingOperations": "1866000000", "comprehensiveIncomeNetOfTax": "None", "ebit": "2399000000", "ebitda": "2820000000", "netIncome": "1866000000"}, {"fiscalDateEnding": "2023-09-30", "reportedCurrency": "USD", "grossProfit": "2048000000", "totalRevenue": "16878000000", "costOfRevenue": "14830000000", "costofGoodsAndServicesSold": "14830000000", "operatingIncome": "2042000000", "sellingGeneralAndAdministrative": "None", "researchAndDevelopment": "None", "operatingExpenses": "6000000", "investmentIncomeNet": "None", "netInterestIncome": "-237000000", "interestIncome": "250000000", "interestExpense": "237000000", "nonInterestIncome": "None", "otherNonOperatingIncome": "None", "depreciation": "None", "depreciationAndAmortization": "350000000", "incomeBeforeTax": "1953000000", "incomeTaxExpense": "-269000000", "interestAndDebtExpense": "None", "netIncomeFromContinuingOperations": "1684000000", "comprehensiveIncomeNetOfTax": "None", "ebit": "1692000000", "ebitda": "2042000000", "netIncome": "1684000000"}, {"fiscalDateEnding": "2023-06-30", "reportedCurrency": "USD", "grossProfit": "2090000000", "totalRevenue": "16693000000", "costOfRevenue": "14603000000", "costofGoodsAndServicesSold": "14603000000", "operatingIncome": "2135000000", "sellingGeneralAndAdministrative": "111000000", "researchAndDevelopment": "None", "operatingExpenses": "-45000000", "investmentIncomeNet": "None", "netInterestIncome": "-223000000", "interestIncome": "263000000", "interestExpense": "223000000", "nonInterestIncome": "None", "otherNonOperatingIncome": "-17000000", "depreciation": "None", "depreciationAndAmortization": "334000000", "incomeBeforeTax": "2006000000", "incomeTaxExpense": "325000000", "interestAndDebtExpense": "None", "netIncomeFromContinuingOperations": "1681000000", "comprehensiveIncomeNetOfTax": "None", "ebit": "2229000000", "ebitda": "2563000000", "netIncome": "1681000000"}, {"fiscalDateEnding": "2023-03-31", "reportedCurrency": "USD", "grossProfit": "2046000000", "totalRevenue": "15126000000", "costOfRevenue": "13080000000", "costofGoodsAndServicesSold": "13080000000", "operatingIncome": "2037000000", "sellingGeneralAndAdministrative": "110000000", "researchAndDevelopment": "None", "operatingExpenses": "-24000000", "investmentIncomeNet": "None", "netInterestIncome": "-202000000", "interestIncome": "173000000", "interestExpense": "135000000", "nonInterestIncome": "None", "otherNonOperatingIncome": "49000000", "depreciation": "None", "depreciationAndAmortization": "325000000", "incomeBeforeTax": "1994000000", "incomeTaxExpense": "328000000", "interestAndDebtExpense": "None", "netIncomeFromContinuingOperations": "1689000000", "comprehensiveIncomeNetOfTax": "None", "ebit": "2086000000", "ebitda": "2196000000", "netIncome": "1689000000"}, {"fiscalDateEnding": "2022-12-31", "reportedCurrency": "USD", "grossProfit": "2302000000", "totalRevenue": "18991000000", "costOfRevenue": "16689000000", "costofGoodsAndServicesSold": "16689000000", "operatingIncome": "2293000000", "sellingGeneralAndAdministrative": "None", "researchAndDevelopment": "1700000000", "operatingExpenses": "9000000", "investmentIncomeNet": "None", "netInterestIncome": "-202000000", "interestIncome": "202000000", "interestExpense": "202000000", "nonInterestIncome": "None", "otherNonOperatingIncome": "-10000000", "depreciation": "None", "depreciationAndAmortization": "439000000", "incomeBeforeTax": "2190000000", "incomeTaxExpense": "278000000", "interestAndDebtExpense": "None", "netIncomeFromContinuingOperations": "1912000000", "comprehensiveIncomeNetOfTax": "None", "ebit": "1953000000", "ebitda": "2392000000", "netIncome": "1912000000"}, {"fiscalDateEnding": "2022-09-30", "reportedCurrency": "USD", "grossProfit": "2120000000", "totalRevenue": "16583000000", "costOfRevenue": "14463000000", "costofGoodsAndServicesSold": "14463000000", "operatingIncome": "2159000000", "sellingGeneralAndAdministrative": "None", "researchAndDevelopment": "None", "operatingExpenses": "124000000", "investmentIncomeNet": "None", "netInterestIncome": "-145000000", "interestIncome": "171000000", "interestExpense": "145000000", "nonInterestIncome": "None", "otherNonOperatingIncome": "-26000000", "depreciation": "None", "depreciationAndAmortization": "293000000", "incomeBeforeTax": "2099000000", "incomeTaxExpense": "321000000", "interestAndDebtExpense": "None", "netIncomeFromContinuingOperations": "1778000000", "comprehensiveIncomeNetOfTax": "None", "ebit": "2244000000", "ebitda": "2537000000", "netIncome": "1778000000"}, {"fiscalDateEnding": "2022-06-30", "reportedCurrency": "USD", "grossProfit": "1956000000", "totalRevenue": "15446000000", "costOfRevenue": "13490000000", "costofGoodsAndServicesSold": "13490000000", "operatingIncome": "1963000000", "sellingGeneralAndAdministrative": "None", "researchAndDevelopment": "None", "operatingExpenses": "-7000000", "investmentIncomeNet": "None", "netInterestIncome": "-141000000", "interestIncome": "284000000", "interestExpense": "141000000", "nonInterestIncome": "None", "otherNonOperatingIncome": "-161000000", "depreciation": "None", "depreciationAndAmortization": "343000000", "incomeBeforeTax": "330000000", "incomeTaxExpense": "21000000", "interestAndDebtExpense": "None", "netIncomeFromContinuingOperations": "309000000", "comprehensiveIncomeNetOfTax": "None", "ebit": "471000000", "ebitda": "814000000", "netIncome": "309000000"}, {"fiscalDateEnding": "2022-03-31", "reportedCurrency": "USD", "grossProfit": "1909000000", "totalRevenue": "14964000000", "costOfRevenue": "13055000000", "costofGoodsAndServicesSold": "13055000000", "operatingIncome": "1933000000", "sellingGeneralAndAdministrative": "None", "researchAndDevelopment": "None", "operatingExpenses": "-24000000", "investmentIncomeNet": "None", "netInterestIncome": "-135000000", "interestIncome": "32000000", "interestExpense": "135000000", "nonInterestIncome": "None", "otherNonOperatingIncome": "123000000", "depreciation": "None", "depreciationAndAmortization": "329000000", "incomeBeforeTax": "2061000000", "incomeTaxExpense": "328000000", "interestAndDebtExpense": "None", "netIncomeFromContinuingOperations": "1733000000", "comprehensiveIncomeNetOfTax": "None", "ebit": "2196000000", "ebitda": "2525000000", "netIncome": "1733000000"}, {"fiscalDateEnding": "2021-12-31", "reportedCurrency": "USD", "grossProfit": "2422000000", "totalRevenue": "17729000000", "costOfRevenue": "15307000000", "costofGoodsAndServicesSold": "15307000000", "operatingIncome": "2455000000", "sellingGeneralAndAdministrative": "None", "researchAndDevelopment": "1500000000", "operatingExpenses": "-33000000", "investmentIncomeNet": "None", "netInterestIncome": "-146000000", "interestIncome": "146000000", "interestExpense": "146000000", "nonInterestIncome": "None", "otherNonOperatingIncome": "-99000000", "depreciation": "None", "depreciationAndAmortization": "365000000", "incomeBeforeTax": "2490000000", "incomeTaxExpense": "441000000", "interestAndDebtExpense": "None", "netIncomeFromContinuingOperations": "2049000000", "comprehensiveIncomeNetOfTax": "None", "ebit": "2636000000", "ebitda": "3001000000", "netIncome": "2049000000"}, {"fiscalDateEnding": "2021-09-30", "reportedCurrency": "USD", "grossProfit": "2302000000", "totalRevenue": "16028000000", "costOfRevenue": "13726000000", "costofGoodsAndServicesSold": "13726000000", "operatingIncome": "2294000000", "sellingGeneralAndAdministrative": "None", "researchAndDevelopment": "None", "operatingExpenses": "8000000", "investmentIncomeNet": "None", "netInterestIncome": "-141000000", "interestIncome": "141000000", "interestExpense": "141000000", "nonInterestIncome": "None", "otherNonOperatingIncome": "98000000", "depreciation": "None", "depreciationAndAmortization": "329000000", "incomeBeforeTax": "679000000", "incomeTaxExpense": "65000000", "interestAndDebtExpense": "None", "netIncomeFromContinuingOperations": "614000000", "comprehensiveIncomeNetOfTax": "None", "ebit": "820000000", "ebitda": "1149000000", "netIncome": "614000000"}, {"fiscalDateEnding": "2021-06-30", "reportedCurrency": "USD", "grossProfit": "2151000000", "totalRevenue": "17029000000", "costOfRevenue": "14878000000", "costofGoodsAndServicesSold": "14878000000", "operatingIncome": "2192000000", "sellingGeneralAndAdministrative": "None", "researchAndDevelopment": "None", "operatingExpenses": "-41000000", "investmentIncomeNet": "None", "netInterestIncome": "-142000000", "interestIncome": "142000000", "interestExpense": "142000000", "nonInterestIncome": "None", "otherNonOperatingIncome": "120000000", "depreciation": "None", "depreciationAndAmortization": "334000000", "incomeBeforeTax": "2170000000", "incomeTaxExpense": "355000000", "interestAndDebtExpense": "None", "netIncomeFromContinuingOperations": "1815000000", "comprehensiveIncomeNetOfTax": "None", "ebit": "2312000000", "ebitda": "2646000000", "netIncome": "1815000000"}, {"fiscalDateEnding": "2021-03-31", "reportedCurrency": "USD", "grossProfit": "2186000000", "totalRevenue": "16258000000", "costOfRevenue": "14072000000", "costofGoodsAndServicesSold": "14072000000", "operatingIncome": "2182000000", "sellingGeneralAndAdministrative": "None", "researchAndDevelopment": "None", "operatingExpenses": "4000000", "investmentIncomeNet": "None", "netInterestIncome": "-140000000", "interestIncome": "140000000", "interestExpense": "140000000", "nonInterestIncome": "None", "otherNonOperatingIncome": "169000000", "depreciation": "None", "depreciationAndAmortization": "336000000", "incomeBeforeTax": "2211000000", "incomeTaxExpense": "374000000", "interestAndDebtExpense": "None", "netIncomeFromContinuingOperations": "1837000000", "comprehensiveIncomeNetOfTax": "None", "ebit": "2351000000", "ebitda": "2687000000", "netIncome": "1837000000"}, {"fiscalDateEnding": "2020-12-31", "reportedCurrency": "USD", "grossProfit": "2214000000", "totalRevenue": "17032000000", "costOfRevenue": "14818000000", "costofGoodsAndServicesSold": "14818000000", "operatingIncome": "2289000000", "sellingGeneralAndAdministrative": "None", "researchAndDevelopment": "1300000000", "operatingExpenses": "-75000000", "investmentIncomeNet": "None", "netInterestIncome": "-149000000", "interestIncome": "149000000", "interestExpense": "149000000", "nonInterestIncome": "None", "otherNonOperatingIncome": "47000000", "depreciation": "None", "depreciationAndAmortization": "363000000", "incomeBeforeTax": "2187000000", "incomeTaxExpense": "395000000", "interestAndDebtExpense": "None", "netIncomeFromContinuingOperations": "1792000000", "comprehensiveIncomeNetOfTax": "None", "ebit": "2336000000", "ebitda": "2699000000", "netIncome": "1792000000"}, {"fiscalDateEnding": "2020-09-30", "reportedCurrency": "USD", "grossProfit": "2136000000", "totalRevenue": "16495000000", "costOfRevenue": "14359000000", "costofGoodsAndServicesSold": "14359000000", "operatingIncome": "2147000000", "sellingGeneralAndAdministrative": "None", "researchAndDevelopment": "None", "operatingExpenses": "-11000000", "investmentIncomeNet": "None", "netInterestIncome": "-145000000", "interestIncome": "145000000", "interestExpense": "145000000", "nonInterestIncome": "None", "otherNonOperatingIncome": "54000000", "depreciation": "None", "depreciationAndAmortization": "319000000", "incomeBeforeTax": "2056000000", "incomeTaxExpense": "303000000", "interestAndDebtExpense": "None", "netIncomeFromContinuingOperations": "1753000000", "comprehensiveIncomeNetOfTax": "None", "ebit": "2146000000", "ebitda": "2465000000", "netIncome": "1698000000"}, {"fiscalDateEnding": "2020-06-30", "reportedCurrency": "USD", "grossProfit": "2213000000", "totalRevenue": "16220000000", "costOfRevenue": "14007000000", "costofGoodsAndServicesSold": "14007000000", "operatingIncome": "2086000000", "sellingGeneralAndAdministrative": "None", "researchAndDevelopment": "None", "operatingExpenses": "127000000", "investmentIncomeNet": "None", "netInterestIncome": "-149000000", "interestIncome": "149000000", "interestExpense": "149000000", "nonInterestIncome": "None", "otherNonOperatingIncome": "25000000", "depreciation": "None", "depreciationAndAmortization": "307000000", "incomeBeforeTax": "1962000000", "incomeTaxExpense": "336000000", "interestAndDebtExpense": "None", "netIncomeFromContinuingOperations": "1626000000", "comprehensiveIncomeNetOfTax": "None", "ebit": "2111000000", "ebitda": "2418000000", "netIncome": "1626000000"}, {"fiscalDateEnding": "2020-03-31", "reportedCurrency": "USD", "grossProfit": "2091000000", "totalRevenue": "15651000000", "costOfRevenue": "13560000000", "costofGoodsAndServicesSold": "13560000000", "operatingIncome": "2122000000", "sellingGeneralAndAdministrative": "None", "researchAndDevelopment": "None", "operatingExpenses": "-31000000", "investmentIncomeNet": "None", "netInterestIncome": "-148000000", "interestIncome": "148000000", "interestExpense": "148000000", "nonInterestIncome": "None", "otherNonOperatingIncome": "56000000", "depreciation": "None", "depreciationAndAmortization": "301000000", "incomeBeforeTax": "2030000000", "incomeTaxExpense": "313000000", "interestAndDebtExpense": "None", "netIncomeFromContinuingOperations": "1717000000", "comprehensiveIncomeNetOfTax": "None", "ebit": "2178000000", "ebitda": "2479000000", "netIncome": "1717000000"}, {"fiscalDateEnding": "2019-12-31", "reportedCurrency": "USD", "grossProfit": "2123000000", "totalRevenue": "15878000000", "costOfRevenue": "13755000000", "costofGoodsAndServicesSold": "13755000000", "operatingIncome": "2149000000", "sellingGeneralAndAdministrative": "152000000", "researchAndDevelopment": "1300000000", "operatingExpenses": "-26000000", "investmentIncomeNet": "None", "netInterestIncome": "-157000000", "interestIncome": "157000000", "interestExpense": "157000000", "nonInterestIncome": "None", "otherNonOperatingIncome": "-160000000", "depreciation": "None", "depreciationAndAmortization": "322000000", "incomeBeforeTax": "1832000000", "incomeTaxExpense": "334000000", "interestAndDebtExpense": "None", "netIncomeFromContinuingOperations": "1498000000", "comprehensiveIncomeNetOfTax": "None", "ebit": "1989000000", "ebitda": "2311000000", "netIncome": "1498000000"}, {"fiscalDateEnding": "2019-09-30", "reportedCurrency": "USD", "grossProfit": "2063000000", "totalRevenue": "15171000000", "costOfRevenue": "13108000000", "costofGoodsAndServicesSold": "13108000000", "operatingIncome": "2105000000", "sellingGeneralAndAdministrative": "153000000", "researchAndDevelopment": "None", "operatingExpenses": "-42000000", "investmentIncomeNet": "None", "netInterestIncome": "-162000000", "interestIncome": "162000000", "interestExpense": "162000000", "nonInterestIncome": "None", "otherNonOperatingIncome": "-162000000", "depreciation": "None", "depreciationAndAmortization": "302000000", "incomeBeforeTax": "1781000000", "incomeTaxExpense": "173000000", "interestAndDebtExpense": "None", "netIncomeFromContinuingOperations": "1608000000", "comprehensiveIncomeNetOfTax": "None", "ebit": "1943000000", "ebitda": "2245000000", "netIncome": "1608000000"}, {"fiscalDateEnding": "2019-06-30", "reportedCurrency": "USD", "grossProfit": "1993000000", "totalRevenue": "14427000000", "costOfRevenue": "12434000000", "costofGoodsAndServicesSold": "12434000000", "operatingIncome": "2008000000", "sellingGeneralAndAdministrative": "152000000", "researchAndDevelopment": "None", "operatingExpenses": "-15000000", "investmentIncomeNet": "None", "netInterestIncome": "-163000000", "interestIncome": "163000000", "interestExpense": "163000000", "nonInterestIncome": "None", "otherNonOperatingIncome": "-162000000", "depreciation": "None", "depreciationAndAmortization": "288000000", "incomeBeforeTax": "1683000000", "incomeTaxExpense": "263000000", "interestAndDebtExpense": "None", "netIncomeFromContinuingOperations": "1420000000", "comprehensiveIncomeNetOfTax": "None", "ebit": "1846000000", "ebitda": "2134000000", "netIncome": "1420000000"}, {"fiscalDateEnding": "2019-03-31", "reportedCurrency": "USD", "grossProfit": "2188000000", "totalRevenue": "14336000000", "costOfRevenue": "12148000000", "costofGoodsAndServicesSold": "12148000000", "operatingIncome": "2283000000", "sellingGeneralAndAdministrative": "151000000", "researchAndDevelopment": "None", "operatingExpenses": "-95000000", "investmentIncomeNet": "None", "netInterestIncome": "-171000000", "interestIncome": "None", "interestExpense": "171000000", "nonInterestIncome": "None", "otherNonOperatingIncome": "-167000000", "depreciation": "None", "depreciationAndAmortization": "277000000", "incomeBeforeTax": "1945000000", "incomeTaxExpense": "241000000", "interestAndDebtExpense": "None", "netIncomeFromContinuingOperations": "1704000000", "comprehensiveIncomeNetOfTax": "None", "ebit": "2116000000", "ebitda": "2393000000", "netIncome": "1704000000"}, {"fiscalDateEnding": "2018-12-31", "reportedCurrency": "USD", "grossProfit": "1942000000", "totalRevenue": "14411000000", "costOfRevenue": "12469000000", "costofGoodsAndServicesSold": "12469000000", "operatingIncome": "1851000000", "sellingGeneralAndAdministrative": "18000000", "researchAndDevelopment": "1300000000", "operatingExpenses": "91000000", "investmentIncomeNet": "None", "netInterestIncome": "None", "interestIncome": "None", "interestExpense": "171000000", "nonInterestIncome": "None", "otherNonOperatingIncome": "-197000000", "depreciation": "None", "depreciationAndAmortization": "304000000", "incomeBeforeTax": "1483000000", "incomeTaxExpense": "230000000", "interestAndDebtExpense": "None", "netIncomeFromContinuingOperations": "1253000000", "comprehensiveIncomeNetOfTax": "None", "ebit": "1654000000", "ebitda": "1958000000", "netIncome": "1253000000"}, {"fiscalDateEnding": "2018-09-30", "reportedCurrency": "USD", "grossProfit": "1921000000", "totalRevenue": "14318000000", "costOfRevenue": "12397000000", "costofGoodsAndServicesSold": "12397000000", "operatingIncome": "1963000000", "sellingGeneralAndAdministrative": "16000000", "researchAndDevelopment": "0", "operatingExpenses": "-42000000", "investmentIncomeNet": "None", "netInterestIncome": "None", "interestIncome": "None", "interestExpense": "177000000", "nonInterestIncome": "None", "otherNonOperatingIncome": "-211000000", "depreciation": "None", "depreciationAndAmortization": "291000000", "incomeBeforeTax": "1575000000", "incomeTaxExpense": "102000000", "interestAndDebtExpense": "None", "netIncomeFromContinuingOperations": "1473000000", "comprehensiveIncomeNetOfTax": "None", "ebit": "1752000000", "ebitda": "2043000000", "netIncome": "1473000000"}, {"fiscalDateEnding": "2018-06-30", "reportedCurrency": "USD", "grossProfit": "1849000000", "totalRevenue": "13398000000", "costOfRevenue": "11549000000", "costofGoodsAndServicesSold": "11549000000", "operatingIncome": "1795000000", "sellingGeneralAndAdministrative": "15000000", "researchAndDevelopment": "0", "operatingExpenses": "-42000000", "investmentIncomeNet": "None", "netInterestIncome": "None", "interestIncome": "None", "interestExpense": "165000000", "nonInterestIncome": "None", "otherNonOperatingIncome": "-210000000", "depreciation": "None", "depreciationAndAmortization": "287000000", "incomeBeforeTax": "1420000000", "incomeTaxExpense": "257000000", "interestAndDebtExpense": "None", "netIncomeFromContinuingOperations": "1163000000", "comprehensiveIncomeNetOfTax": "None", "ebit": "1585000000", "ebitda": "1872000000", "netIncome": "1163000000"}, {"fiscalDateEnding": "2018-03-31", "reportedCurrency": "USD", "grossProfit": "1658000000", "totalRevenue": "11635000000", "costOfRevenue": "9977000000", "costofGoodsAndServicesSold": "9977000000", "operatingIncome": "1725000000", "sellingGeneralAndAdministrative": "15000000", "researchAndDevelopment": "0", "operatingExpenses": "-67000000", "investmentIncomeNet": "None", "netInterestIncome": "None", "interestIncome": "None", "interestExpense": "155000000", "nonInterestIncome": "None", "otherNonOperatingIncome": "-210000000", "depreciation": "None", "depreciationAndAmortization": "279000000", "incomeBeforeTax": "1360000000", "incomeTaxExpense": "203000000", "interestAndDebtExpense": "None", "netIncomeFromContinuingOperations": "1157000000", "comprehensiveIncomeNetOfTax": "None", "ebit": "1515000000", "ebitda": "1794000000", "netIncome": "1157000000"}, {"fiscalDateEnding": "2017-12-31", "reportedCurrency": "USD", "grossProfit": "1619000000", "totalRevenue": "15137000000", "costOfRevenue": "13518000000", "costofGoodsAndServicesSold": "13518000000", "operatingIncome": "1859000000", "sellingGeneralAndAdministrative": "109000000", "researchAndDevelopment": "1200000000", "operatingExpenses": "-240000000", "investmentIncomeNet": "None", "netInterestIncome": "None", "interestIncome": "None", "interestExpense": "174000000", "nonInterestIncome": "None", "otherNonOperatingIncome": "7000000", "depreciation": "None", "depreciationAndAmortization": "315000000", "incomeBeforeTax": "1692000000", "incomeTaxExpense": "2407000000", "interestAndDebtExpense": "None", "netIncomeFromContinuingOperations": "-715000000", "comprehensiveIncomeNetOfTax": "None", "ebit": "1939000000", "ebitda": "2254000000", "netIncome": "-642000000"}, {"fiscalDateEnding": "2017-09-30", "reportedCurrency": "USD", "grossProfit": "1351000000", "totalRevenue": "12169000000", "costOfRevenue": "10818000000", "costofGoodsAndServicesSold": "10818000000", "operatingIncome": "1428000000", "sellingGeneralAndAdministrative": "0", "researchAndDevelopment": "0", "operatingExpenses": "-77000000", "investmentIncomeNet": "None", "netInterestIncome": "None", "interestIncome": "None", "interestExpense": "162000000", "nonInterestIncome": "None", "otherNonOperatingIncome": "-7000000", "depreciation": "None", "depreciationAndAmortization": "299000000", "incomeBeforeTax": "1259000000", "incomeTaxExpense": "320000000", "interestAndDebtExpense": "None", "netIncomeFromContinuingOperations": "939000000", "comprehensiveIncomeNetOfTax": "None", "ebit": "1421000000", "ebitda": "1720000000", "netIncome": "939000000"}, {"fiscalDateEnding": "2017-06-30", "reportedCurrency": "USD", "grossProfit": "1425000000", "totalRevenue": "12685000000", "costOfRevenue": "11260000000", "costofGoodsAndServicesSold": "11260000000", "operatingIncome": "1485000000", "sellingGeneralAndAdministrative": "0", "researchAndDevelopment": "0", "operatingExpenses": "-60000000", "investmentIncomeNet": "None", "netInterestIncome": "None", "interestIncome": "None", "interestExpense": "160000000", "nonInterestIncome": "None", "otherNonOperatingIncome": "-2000000", "depreciation": "None", "depreciationAndAmortization": "296000000", "incomeBeforeTax": "1323000000", "incomeTaxExpense": "381000000", "interestAndDebtExpense": "None", "netIncomeFromContinuingOperations": "942000000", "comprehensiveIncomeNetOfTax": "None", "ebit": "1483000000", "ebitda": "1779000000", "netIncome": "942000000"}, {"fiscalDateEnding": "2017-03-31", "reportedCurrency": "USD", "grossProfit": "1153000000", "totalRevenue": "11057000000", "costOfRevenue": "9904000000", "costofGoodsAndServicesSold": "9904000000", "operatingIncome": "1149000000", "sellingGeneralAndAdministrative": "0", "researchAndDevelopment": "0", "operatingExpenses": "4000000", "investmentIncomeNet": "None", "netInterestIncome": "None", "interestIncome": "None", "interestExpense": "155000000", "nonInterestIncome": "None", "otherNonOperatingIncome": "1000000", "depreciation": "None", "depreciationAndAmortization": "285000000", "incomeBeforeTax": "995000000", "incomeTaxExpense": "232000000", "interestAndDebtExpense": "None", "netIncomeFromContinuingOperations": "763000000", "comprehensiveIncomeNetOfTax": "None", "ebit": "1150000000", "ebitda": "1435000000", "netIncome": "763000000"}, {"fiscalDateEnding": "2016-12-31", "reportedCurrency": "USD", "grossProfit": "1353000000", "totalRevenue": "13752000000", "costOfRevenue": "12399000000", "costofGoodsAndServicesSold": "12399000000", "operatingIncome": "1182000000", "sellingGeneralAndAdministrative": "327000000", "researchAndDevelopment": "988000000", "operatingExpenses": "-75000000", "investmentIncomeNet": "None", "netInterestIncome": "None", "interestIncome": "None", "interestExpense": "171000000", "nonInterestIncome": "None", "otherNonOperatingIncome": "None", "depreciation": "None", "depreciationAndAmortization": "327000000", "incomeBeforeTax": "1255000000", "incomeTaxExpense": "296000000", "interestAndDebtExpense": "None", "netIncomeFromContinuingOperations": "849000000", "comprehensiveIncomeNetOfTax": "None", "ebit": "1455000000", "ebitda": "1782000000", "netIncome": "988000000"}, {"fiscalDateEnding": "2016-09-30", "reportedCurrency": "USD", "grossProfit": "1384000000", "totalRevenue": "11551000000", "costOfRevenue": "10167000000", "costofGoodsAndServicesSold": "10167000000", "operatingIncome": "1588000000", "sellingGeneralAndAdministrative": "204000000", "researchAndDevelopment": "0", "operatingExpenses": "-204000000", "investmentIncomeNet": "None", "netInterestIncome": "None", "interestIncome": "None", "interestExpense": "162000000", "nonInterestIncome": "None", "otherNonOperatingIncome": "1000000", "depreciation": "None", "depreciationAndAmortization": "295000000", "incomeBeforeTax": "1427000000", "incomeTaxExpense": "338000000", "interestAndDebtExpense": "None", "netIncomeFromContinuingOperations": "1089000000", "comprehensiveIncomeNetOfTax": "None", "ebit": "2895000000", "ebitda": "3190000000", "netIncome": "2395000000"}, {"fiscalDateEnding": "2016-06-30", "reportedCurrency": "USD", "grossProfit": "1424000000", "totalRevenue": "12914000000", "costOfRevenue": "11490000000", "costofGoodsAndServicesSold": "11490000000", "operatingIncome": "1566000000", "sellingGeneralAndAdministrative": "0", "researchAndDevelopment": "0", "operatingExpenses": "-142000000", "investmentIncomeNet": "None", "netInterestIncome": "None", "interestIncome": "None", "interestExpense": "166000000", "nonInterestIncome": "None", "otherNonOperatingIncome": "None", "depreciation": "None", "depreciationAndAmortization": "297000000", "incomeBeforeTax": "1400000000", "incomeTaxExpense": "379000000", "interestAndDebtExpense": "None", "netIncomeFromContinuingOperations": "1021000000", "comprehensiveIncomeNetOfTax": "None", "ebit": "1566000000", "ebitda": "1863000000", "netIncome": "1021000000"}, {"fiscalDateEnding": "2016-03-31", "reportedCurrency": "USD", "grossProfit": "1334000000", "totalRevenue": "11702000000", "costOfRevenue": "10368000000", "costofGoodsAndServicesSold": "10368000000", "operatingIncome": "1297000000", "sellingGeneralAndAdministrative": "0", "researchAndDevelopment": "0", "operatingExpenses": "-62000000", "investmentIncomeNet": "None", "netInterestIncome": "None", "interestIncome": "None", "interestExpense": "164000000", "nonInterestIncome": "None", "otherNonOperatingIncome": "1000000", "depreciation": "None", "depreciationAndAmortization": "296000000", "incomeBeforeTax": "1134000000", "incomeTaxExpense": "340000000", "interestAndDebtExpense": "None", "netIncomeFromContinuingOperations": "794000000", "comprehensiveIncomeNetOfTax": "None", "ebit": "1298000000", "ebitda": "1594000000", "netIncome": "794000000"}, {"fiscalDateEnding": "2015-12-31", "reportedCurrency": "USD", "grossProfit": "1377000000", "totalRevenue": "12917000000", "costOfRevenue": "11540000000", "costofGoodsAndServicesSold": "11540000000", "operatingIncome": "1281000000", "sellingGeneralAndAdministrative": "123000000", "researchAndDevelopment": "817000000", "operatingExpenses": "29000000", "investmentIncomeNet": "None", "netInterestIncome": "None", "interestIncome": "None", "interestExpense": "142000000", "nonInterestIncome": "None", "otherNonOperatingIncome": "24000000", "depreciation": "None", "depreciationAndAmortization": "300000000", "incomeBeforeTax": "1163000000", "incomeTaxExpense": "230000000", "interestAndDebtExpense": "None", "netIncomeFromContinuingOperations": "933000000", "comprehensiveIncomeNetOfTax": "None", "ebit": "1305000000", "ebitda": "1605000000", "netIncome": "933000000"}, {"fiscalDateEnding": "2015-09-30", "reportedCurrency": "USD", "grossProfit": "1291000000", "totalRevenue": "11461000000", "costOfRevenue": "10170000000", "costofGoodsAndServicesSold": "10170000000", "operatingIncome": "1354000000", "sellingGeneralAndAdministrative": "0", "researchAndDevelopment": "0", "operatingExpenses": "-98000000", "investmentIncomeNet": "None", "netInterestIncome": "None", "interestIncome": "None", "interestExpense": "104000000", "nonInterestIncome": "None", "otherNonOperatingIncome": "1000000", "depreciation": "None", "depreciationAndAmortization": "236000000", "incomeBeforeTax": "1251000000", "incomeTaxExpense": "386000000", "interestAndDebtExpense": "None", "netIncomeFromContinuingOperations": "865000000", "comprehensiveIncomeNetOfTax": "None", "ebit": "1355000000", "ebitda": "1591000000", "netIncome": "865000000"}, {"fiscalDateEnding": "2015-06-30", "reportedCurrency": "USD", "grossProfit": "1371000000", "totalRevenue": "11643000000", "costOfRevenue": "10272000000", "costofGoodsAndServicesSold": "10272000000", "operatingIncome": "1445000000", "sellingGeneralAndAdministrative": "0", "researchAndDevelopment": "0", "operatingExpenses": "-74000000", "investmentIncomeNet": "None", "netInterestIncome": "None", "interestIncome": "None", "interestExpense": "104000000", "nonInterestIncome": "None", "otherNonOperatingIncome": "2000000", "depreciation": "None", "depreciationAndAmortization": "246000000", "incomeBeforeTax": "1343000000", "incomeTaxExpense": "414000000", "interestAndDebtExpense": "None", "netIncomeFromContinuingOperations": "929000000", "comprehensiveIncomeNetOfTax": "None", "ebit": "1447000000", "ebitda": "1693000000", "netIncome": "929000000"}, {"fiscalDateEnding": "2015-03-31", "reportedCurrency": "USD", "grossProfit": "1263000000", "totalRevenue": "10111000000", "costOfRevenue": "8848000000", "costofGoodsAndServicesSold": "8848000000", "operatingIncome": "1356000000", "sellingGeneralAndAdministrative": "0", "researchAndDevelopment": "0", "operatingExpenses": "-93000000", "investmentIncomeNet": "None", "netInterestIncome": "None", "interestIncome": "None", "interestExpense": "93000000", "nonInterestIncome": "None", "otherNonOperatingIncome": "3000000", "depreciation": "None", "depreciationAndAmortization": "244000000", "incomeBeforeTax": "1266000000", "incomeTaxExpense": "388000000", "interestAndDebtExpense": "None", "netIncomeFromContinuingOperations": "878000000", "comprehensiveIncomeNetOfTax": "None", "ebit": "1359000000", "ebitda": "1603000000", "netIncome": "878000000"}, {"fiscalDateEnding": "2014-12-31", "reportedCurrency": "USD", "grossProfit": "1387000000", "totalRevenue": "12530000000", "costOfRevenue": "11143000000", "costofGoodsAndServicesSold": "11143000000", "operatingIncome": "1342000000", "sellingGeneralAndAdministrative": "0", "researchAndDevelopment": "751000000", "operatingExpenses": "-74000000", "investmentIncomeNet": "None", "netInterestIncome": "None", "interestIncome": "None", "interestExpense": "87000000", "nonInterestIncome": "None", "otherNonOperatingIncome": "3000000", "depreciation": "None", "depreciationAndAmortization": "268000000", "incomeBeforeTax": "1258000000", "incomeTaxExpense": "354000000", "interestAndDebtExpense": "None", "netIncomeFromContinuingOperations": "904000000", "comprehensiveIncomeNetOfTax": "None", "ebit": "1345000000", "ebitda": "1613000000", "netIncome": "904000000"}, {"fiscalDateEnding": "2014-09-30", "reportedCurrency": "USD", "grossProfit": "1275000000", "totalRevenue": "11114000000", "costOfRevenue": "9839000000", "costofGoodsAndServicesSold": "9839000000", "operatingIncome": "1392000000", "sellingGeneralAndAdministrative": "0", "researchAndDevelopment": "0", "operatingExpenses": "-117000000", "investmentIncomeNet": "None", "netInterestIncome": "None", "interestIncome": "None", "interestExpense": "82000000", "nonInterestIncome": "None", "otherNonOperatingIncome": "1000000", "depreciation": "None", "depreciationAndAmortization": "247000000", "incomeBeforeTax": "1311000000", "incomeTaxExpense": "423000000", "interestAndDebtExpense": "None", "netIncomeFromContinuingOperations": "888000000", "comprehensiveIncomeNetOfTax": "None", "ebit": "1393000000", "ebitda": "1640000000", "netIncome": "888000000"}, {"fiscalDateEnding": "2014-06-30", "reportedCurrency": "USD", "grossProfit": "1341000000", "totalRevenue": "11306000000", "costOfRevenue": "9965000000", "costofGoodsAndServicesSold": "9965000000", "operatingIncome": "1426000000", "sellingGeneralAndAdministrative": "0", "researchAndDevelopment": "0", "operatingExpenses": "-85000000", "investmentIncomeNet": "None", "netInterestIncome": "None", "interestIncome": "None", "interestExpense": "85000000", "nonInterestIncome": "None", "otherNonOperatingIncome": "None", "depreciation": "None", "depreciationAndAmortization": "242000000", "incomeBeforeTax": "1341000000", "incomeTaxExpense": "452000000", "interestAndDebtExpense": "None", "netIncomeFromContinuingOperations": "889000000", "comprehensiveIncomeNetOfTax": "None", "ebit": "1426000000", "ebitda": "1668000000", "netIncome": "889000000"}, {"fiscalDateEnding": "2014-03-31", "reportedCurrency": "USD", "grossProfit": "1371000000", "totalRevenue": "10650000000", "costOfRevenue": "9279000000", "costofGoodsAndServicesSold": "9279000000", "operatingIncome": "1432000000", "sellingGeneralAndAdministrative": "0", "researchAndDevelopment": "0", "operatingExpenses": "-61000000", "investmentIncomeNet": "None", "netInterestIncome": "None", "interestIncome": "None", "interestExpense": "86000000", "nonInterestIncome": "None", "otherNonOperatingIncome": "2000000", "depreciation": "None", "depreciationAndAmortization": "237000000", "incomeBeforeTax": "1348000000", "incomeTaxExpense": "415000000", "interestAndDebtExpense": "None", "netIncomeFromContinuingOperations": "933000000", "comprehensiveIncomeNetOfTax": "None", "ebit": "1434000000", "ebitda": "1671000000", "netIncome": "933000000"}, {"fiscalDateEnding": "2013-12-31", "reportedCurrency": "USD", "grossProfit": "1104000000", "totalRevenue": "11533000000", "costOfRevenue": "10429000000", "costofGoodsAndServicesSold": "10429000000", "operatingIncome": "834000000", "sellingGeneralAndAdministrative": "0", "researchAndDevelopment": "697000000", "operatingExpenses": "-96000000", "investmentIncomeNet": "None", "netInterestIncome": "None", "interestIncome": "None", "interestExpense": "86000000", "nonInterestIncome": "None", "otherNonOperatingIncome": "None", "depreciation": "None", "depreciationAndAmortization": "286000000", "incomeBeforeTax": "746000000", "incomeTaxExpense": "258000000", "interestAndDebtExpense": "None", "netIncomeFromContinuingOperations": "224000000", "comprehensiveIncomeNetOfTax": "None", "ebit": "832000000", "ebitda": "1118000000", "netIncome": "488000000"}, {"fiscalDateEnding": "2013-09-30", "reportedCurrency": "USD", "grossProfit": "1184000000", "totalRevenue": "11347000000", "costOfRevenue": "10163000000", "costofGoodsAndServicesSold": "10163000000", "operatingIncome": "1254000000", "sellingGeneralAndAdministrative": "0", "researchAndDevelopment": "0", "operatingExpenses": "-70000000", "investmentIncomeNet": "None", "netInterestIncome": "None", "interestIncome": "None", "interestExpense": "84000000", "nonInterestIncome": "None", "otherNonOperatingIncome": "3000000", "depreciation": "None", "depreciationAndAmortization": "232000000", "incomeBeforeTax": "1173000000", "incomeTaxExpense": "331000000", "interestAndDebtExpense": "None", "netIncomeFromContinuingOperations": "842000000", "comprehensiveIncomeNetOfTax": "None", "ebit": "1288000000", "ebitda": "1520000000", "netIncome": "873000000"}, {"fiscalDateEnding": "2013-06-30", "reportedCurrency": "USD", "grossProfit": "1224000000", "totalRevenue": "11408000000", "costOfRevenue": "10184000000", "costofGoodsAndServicesSold": "10184000000", "operatingIncome": "1298000000", "sellingGeneralAndAdministrative": "0", "researchAndDevelopment": "0", "operatingExpenses": "-74000000", "investmentIncomeNet": "None", "netInterestIncome": "None", "interestIncome": "None", "interestExpense": "88000000", "nonInterestIncome": "None", "otherNonOperatingIncome": "1000000", "depreciation": "None", "depreciationAndAmortization": "240000000", "incomeBeforeTax": "1211000000", "incomeTaxExpense": "352000000", "interestAndDebtExpense": "None", "netIncomeFromContinuingOperations": "859000000", "comprehensiveIncomeNetOfTax": "None", "ebit": "1299000000", "ebitda": "1539000000", "netIncome": "859000000"}, {"fiscalDateEnding": "2013-03-31", "reportedCurrency": "USD", "grossProfit": "1071000000", "totalRevenue": "11070000000", "costOfRevenue": "9999000000", "costofGoodsAndServicesSold": "9999000000", "operatingIncome": "1119000000", "sellingGeneralAndAdministrative": "0", "researchAndDevelopment": "0", "operatingExpenses": "-78000000", "investmentIncomeNet": "None", "netInterestIncome": "None", "interestIncome": "None", "interestExpense": "92000000", "nonInterestIncome": "None", "otherNonOperatingIncome": "-2000000", "depreciation": "None", "depreciationAndAmortization": "232000000", "incomeBeforeTax": "1025000000", "incomeTaxExpense": "264000000", "interestAndDebtExpense": "None", "netIncomeFromContinuingOperations": "1025000000", "comprehensiveIncomeNetOfTax": "None", "ebit": "1117000000", "ebitda": "1349000000", "netIncome": "761000000"}, {"fiscalDateEnding": "2012-12-31", "reportedCurrency": "USD", "grossProfit": "1106000000", "totalRevenue": "12099000000", "costOfRevenue": "10993000000", "costofGoodsAndServicesSold": "10993000000", "operatingIncome": "1124000000", "sellingGeneralAndAdministrative": "0", "researchAndDevelopment": "616000000", "operatingExpenses": "-238000000", "investmentIncomeNet": "None", "netInterestIncome": "None", "interestIncome": "None", "interestExpense": "94000000", "nonInterestIncome": "None", "otherNonOperatingIncome": "-72000000", "depreciation": "None", "depreciationAndAmortization": "277000000", "incomeBeforeTax": "958000000", "incomeTaxExpense": "389000000", "interestAndDebtExpense": "None", "netIncomeFromContinuingOperations": "961000000", "comprehensiveIncomeNetOfTax": "None", "ebit": "1052000000", "ebitda": "1329000000", "netIncome": "569000000"}, {"fiscalDateEnding": "2012-09-30", "reportedCurrency": "USD", "grossProfit": "981000000", "totalRevenue": "11869000000", "costOfRevenue": "10888000000", "costofGoodsAndServicesSold": "10888000000", "operatingIncome": "981000000", "sellingGeneralAndAdministrative": "0", "researchAndDevelopment": "0", "operatingExpenses": "-117000000", "investmentIncomeNet": "None", "netInterestIncome": "None", "interestIncome": "None", "interestExpense": "97000000", "nonInterestIncome": "None", "otherNonOperatingIncome": "45000000", "depreciation": "None", "depreciationAndAmortization": "247000000", "incomeBeforeTax": "1046000000", "incomeTaxExpense": "319000000", "interestAndDebtExpense": "None", "netIncomeFromContinuingOperations": "1046000000", "comprehensiveIncomeNetOfTax": "None", "ebit": "981000000", "ebitda": "1228000000", "netIncome": "727000000"}, {"fiscalDateEnding": "2012-06-30", "reportedCurrency": "USD", "grossProfit": "1180000000", "totalRevenue": "11921000000", "costOfRevenue": "10741000000", "costofGoodsAndServicesSold": "10741000000", "operatingIncome": "1200000000", "sellingGeneralAndAdministrative": "0", "researchAndDevelopment": "0", "operatingExpenses": "-20000000", "investmentIncomeNet": "None", "netInterestIncome": "None", "interestIncome": "None", "interestExpense": "96000000", "nonInterestIncome": "None", "otherNonOperatingIncome": "13000000", "depreciation": "None", "depreciationAndAmortization": "233000000", "incomeBeforeTax": "1117000000", "incomeTaxExpense": "336000000", "interestAndDebtExpense": "None", "netIncomeFromContinuingOperations": "1117000000", "comprehensiveIncomeNetOfTax": "None", "ebit": "967000000", "ebitda": "1200000000", "netIncome": "781000000"}, {"fiscalDateEnding": "2012-03-31", "reportedCurrency": "USD", "grossProfit": "974000000", "totalRevenue": "11293000000", "costOfRevenue": "10319000000", "costofGoodsAndServicesSold": "10319000000", "operatingIncome": "1009000000", "sellingGeneralAndAdministrative": "0", "researchAndDevelopment": "0", "operatingExpenses": "-35000000", "investmentIncomeNet": "None", "netInterestIncome": "None", "interestIncome": "None", "interestExpense": "96000000", "nonInterestIncome": "None", "otherNonOperatingIncome": "35000000", "depreciation": "None", "depreciationAndAmortization": "231000000", "incomeBeforeTax": "948000000", "incomeTaxExpense": "283000000", "interestAndDebtExpense": "None", "netIncomeFromContinuingOperations": "948000000", "comprehensiveIncomeNetOfTax": "None", "ebit": "974000000", "ebitda": "1205000000", "netIncome": "668000000"}, {"fiscalDateEnding": "2011-12-31", "reportedCurrency": "USD", "grossProfit": "988000000", "totalRevenue": "12211000000", "costOfRevenue": "11223000000", "costofGoodsAndServicesSold": "11223000000", "operatingIncome": "1082000000", "sellingGeneralAndAdministrative": "0", "researchAndDevelopment": "585000000", "operatingExpenses": "-276000000", "investmentIncomeNet": "None", "netInterestIncome": "None", "interestIncome": "None", "interestExpense": "96000000", "nonInterestIncome": "None", "otherNonOperatingIncome": "-20000000", "depreciation": "None", "depreciationAndAmortization": "424000000", "incomeBeforeTax": "966000000", "incomeTaxExpense": "268000000", "interestAndDebtExpense": "None", "netIncomeFromContinuingOperations": "1392000000", "comprehensiveIncomeNetOfTax": "None", "ebit": "988000000", "ebitda": "1412000000", "netIncome": "683000000"}, {"fiscalDateEnding": "2011-09-30", "reportedCurrency": "USD", "grossProfit": "996000000", "totalRevenue": "12119000000", "costOfRevenue": "11123000000", "costofGoodsAndServicesSold": "11123000000", "operatingIncome": "1041000000", "sellingGeneralAndAdministrative": "0", "researchAndDevelopment": "0", "operatingExpenses": "-45000000", "investmentIncomeNet": "None", "netInterestIncome": "None", "interestIncome": "None", "interestExpense": "89000000", "nonInterestIncome": "None", "otherNonOperatingIncome": "-3000000", "depreciation": "None", "depreciationAndAmortization": "196000000", "incomeBeforeTax": "949000000", "incomeTaxExpense": "284000000", "interestAndDebtExpense": "None", "netIncomeFromContinuingOperations": "949000000", "comprehensiveIncomeNetOfTax": "None", "ebit": "1041000000", "ebitda": "1237000000", "netIncome": "700000000"}, {"fiscalDateEnding": "2011-06-30", "reportedCurrency": "USD", "grossProfit": "897000000", "totalRevenue": "11551000000", "costOfRevenue": "10654000000", "costofGoodsAndServicesSold": "10654000000", "operatingIncome": "984000000", "sellingGeneralAndAdministrative": "0", "researchAndDevelopment": "0", "operatingExpenses": "-87000000", "investmentIncomeNet": "None", "netInterestIncome": "None", "interestIncome": "None", "interestExpense": "84000000", "nonInterestIncome": "None", "otherNonOperatingIncome": "9000000", "depreciation": "None", "depreciationAndAmortization": "193000000", "incomeBeforeTax": "909000000", "incomeTaxExpense": "167000000", "interestAndDebtExpense": "None", "netIncomeFromContinuingOperations": "742000000", "comprehensiveIncomeNetOfTax": "None", "ebit": "984000000", "ebitda": "1177000000", "netIncome": "742000000"}, {"fiscalDateEnding": "2011-03-31", "reportedCurrency": "USD", "grossProfit": "802000000", "totalRevenue": "10633000000", "costOfRevenue": "9831000000", "costofGoodsAndServicesSold": "9831000000", "operatingIncome": "852000000", "sellingGeneralAndAdministrative": "0", "researchAndDevelopment": "0", "operatingExpenses": "-50000000", "investmentIncomeNet": "None", "netInterestIncome": "None", "interestIncome": "None", "interestExpense": "85000000", "nonInterestIncome": "None", "otherNonOperatingIncome": "19000000", "depreciation": "None", "depreciationAndAmortization": "195000000", "incomeBeforeTax": "786000000", "incomeTaxExpense": "238000000", "interestAndDebtExpense": "None", "netIncomeFromContinuingOperations": "548000000", "comprehensiveIncomeNetOfTax": "None", "ebit": "852000000", "ebitda": "1047000000", "netIncome": "530000000"}, {"fiscalDateEnding": "2010-12-31", "reportedCurrency": "USD", "grossProfit": "1077000000", "totalRevenue": "12794000000", "costOfRevenue": "11717000000", "costofGoodsAndServicesSold": "11717000000", "operatingIncome": "1338000000", "sellingGeneralAndAdministrative": "0", "researchAndDevelopment": "639000000", "operatingExpenses": "-261000000", "investmentIncomeNet": "None", "netInterestIncome": "None", "interestIncome": "None", "interestExpense": "87000000", "nonInterestIncome": "None", "otherNonOperatingIncome": "28000000", "depreciation": "None", "depreciationAndAmortization": "228000000", "incomeBeforeTax": "1069000000", "incomeTaxExpense": "240000000", "interestAndDebtExpense": "None", "netIncomeFromContinuingOperations": "806000000", "comprehensiveIncomeNetOfTax": "None", "ebit": "867000000", "ebitda": "1095000000", "netIncome": "983000000"}, {"fiscalDateEnding": "2010-09-30", "reportedCurrency": "USD", "grossProfit": "798000000", "totalRevenue": "11375000000", "costOfRevenue": "10577000000", "costofGoodsAndServicesSold": "10577000000", "operatingIncome": "889000000", "sellingGeneralAndAdministrative": "91000000", "researchAndDevelopment": "0", "operatingExpenses": "-91000000", "investmentIncomeNet": "None", "netInterestIncome": "None", "interestIncome": "None", "interestExpense": "85000000", "nonInterestIncome": "None", "otherNonOperatingIncome": "37000000", "depreciation": "None", "depreciationAndAmortization": "213000000", "incomeBeforeTax": "841000000", "incomeTaxExpense": "276000000", "interestAndDebtExpense": "None", "netIncomeFromContinuingOperations": "565000000", "comprehensiveIncomeNetOfTax": "None", "ebit": "889000000", "ebitda": "1102000000", "netIncome": "571000000"}, {"fiscalDateEnding": "2010-06-30", "reportedCurrency": "USD", "grossProfit": "1060000000", "totalRevenue": "11442000000", "costOfRevenue": "10382000000", "costofGoodsAndServicesSold": "10382000000", "operatingIncome": "1135000000", "sellingGeneralAndAdministrative": "75000000", "researchAndDevelopment": "0", "operatingExpenses": "-75000000", "investmentIncomeNet": "None", "netInterestIncome": "None", "interestIncome": "None", "interestExpense": "86000000", "nonInterestIncome": "None", "otherNonOperatingIncome": "-19000000", "depreciation": "None", "depreciationAndAmortization": "201000000", "incomeBeforeTax": "1030000000", "incomeTaxExpense": "303000000", "interestAndDebtExpense": "None", "netIncomeFromContinuingOperations": "727000000", "comprehensiveIncomeNetOfTax": "None", "ebit": "840000000", "ebitda": "1041000000", "netIncome": "825000000"}, {"fiscalDateEnding": "2010-03-31", "reportedCurrency": "USD", "grossProfit": "936000000", "totalRevenue": "10637000000", "costOfRevenue": "9701000000", "costofGoodsAndServicesSold": "9701000000", "operatingIncome": "982000000", "sellingGeneralAndAdministrative": "46000000", "researchAndDevelopment": "0", "operatingExpenses": "46000000", "investmentIncomeNet": "None", "netInterestIncome": "None", "interestIncome": "None", "interestExpense": "88000000", "nonInterestIncome": "None", "otherNonOperatingIncome": "28000000", "depreciation": "None", "depreciationAndAmortization": "199000000", "incomeBeforeTax": "922000000", "incomeTaxExpense": "375000000", "interestAndDebtExpense": "None", "netIncomeFromContinuingOperations": "547000000", "comprehensiveIncomeNetOfTax": "None", "ebit": "982000000", "ebitda": "1181000000", "netIncome": "547000000"}, {"fiscalDateEnding": "2009-12-31", "reportedCurrency": "USD", "grossProfit": "1211000000", "totalRevenue": "12524000000", "costOfRevenue": "11313000000", "costofGoodsAndServicesSold": "11313000000", "operatingIncome": "1241000000", "sellingGeneralAndAdministrative": "0", "researchAndDevelopment": "724000000", "operatingExpenses": "-59304000000", "investmentIncomeNet": "None", "netInterestIncome": "None", "interestIncome": "None", "interestExpense": "86000000", "nonInterestIncome": "None", "otherNonOperatingIncome": "None", "depreciation": "None", "depreciationAndAmortization": "229000000", "incomeBeforeTax": "1180000000", "incomeTaxExpense": "353000000", "interestAndDebtExpense": "None", "netIncomeFromContinuingOperations": "0", "comprehensiveIncomeNetOfTax": "None", "ebit": "999000000", "ebitda": "1228000000", "netIncome": "827000000"}, {"fiscalDateEnding": "2009-09-30", "reportedCurrency": "USD", "grossProfit": "996000000", "totalRevenue": "11056000000", "costOfRevenue": "10060000000", "costofGoodsAndServicesSold": "10060000000", "operatingIncome": "1085000000", "sellingGeneralAndAdministrative": "89000000", "researchAndDevelopment": "0", "operatingExpenses": "89000000", "investmentIncomeNet": "None", "netInterestIncome": "None", "interestIncome": "None", "interestExpense": "67000000", "nonInterestIncome": "None", "otherNonOperatingIncome": "54000000", "depreciation": "None", "depreciationAndAmortization": "215000000", "incomeBeforeTax": "1072000000", "incomeTaxExpense": "275000000", "interestAndDebtExpense": "None", "netIncomeFromContinuingOperations": "797000000", "comprehensiveIncomeNetOfTax": "None", "ebit": "1085000000", "ebitda": "1300000000", "netIncome": "797000000"}, {"fiscalDateEnding": "2009-06-30", "reportedCurrency": "USD", "grossProfit": "1012000000", "totalRevenue": "11236000000", "costOfRevenue": "10224000000", "costofGoodsAndServicesSold": "10224000000", "operatingIncome": "1083000000", "sellingGeneralAndAdministrative": "71000000", "researchAndDevelopment": "0", "operatingExpenses": "71000000", "investmentIncomeNet": "None", "netInterestIncome": "None", "interestIncome": "None", "interestExpense": "76000000", "nonInterestIncome": "None", "otherNonOperatingIncome": "47000000", "depreciation": "None", "depreciationAndAmortization": "208000000", "incomeBeforeTax": "1054000000", "incomeTaxExpense": "320000000", "interestAndDebtExpense": "None", "netIncomeFromContinuingOperations": "734000000", "comprehensiveIncomeNetOfTax": "None", "ebit": "1130000000", "ebitda": "1338000000", "netIncome": "734000000"}, {"fiscalDateEnding": "2009-03-31", "reportedCurrency": "USD", "grossProfit": "1005000000", "totalRevenue": "10373000000", "costOfRevenue": "9368000000", "costofGoodsAndServicesSold": "9368000000", "operatingIncome": "1057000000", "sellingGeneralAndAdministrative": "0", "researchAndDevelopment": "0", "operatingExpenses": "52000000", "investmentIncomeNet": "None", "netInterestIncome": "None", "interestIncome": "None", "interestExpense": "76000000", "nonInterestIncome": "None", "otherNonOperatingIncome": "None", "depreciation": "None", "depreciationAndAmortization": "202000000", "incomeBeforeTax": "978000000", "incomeTaxExpense": "312000000", "interestAndDebtExpense": "None", "netIncomeFromContinuingOperations": "0", "comprehensiveIncomeNetOfTax": "None", "ebit": "1057000000", "ebitda": "1259000000", "netIncome": "666000000"}, {"fiscalDateEnding": "2008-12-31", "reportedCurrency": "USD", "grossProfit": "1267000000", "totalRevenue": "11132000000", "costOfRevenue": "9865000000", "costofGoodsAndServicesSold": "9865000000", "operatingIncome": "1348000000", "sellingGeneralAndAdministrative": "0", "researchAndDevelopment": "1220000000", "operatingExpenses": "281000000", "investmentIncomeNet": "None", "netInterestIncome": "None", "interestIncome": "None", "interestExpense": "77000000", "nonInterestIncome": "None", "otherNonOperatingIncome": "None", "depreciation": "None", "depreciationAndAmortization": "233000000", "incomeBeforeTax": "1169000000", "incomeTaxExpense": "346000000", "interestAndDebtExpense": "None", "netIncomeFromContinuingOperations": "0", "comprehensiveIncomeNetOfTax": "None", "ebit": "1239000000", "ebitda": "1472000000", "netIncome": "823000000"}, {"fiscalDateEnding": "2008-09-30", "reportedCurrency": "USD", "grossProfit": "1122000000", "totalRevenue": "10577000000", "costOfRevenue": "9455000000", "costofGoodsAndServicesSold": "9455000000", "operatingIncome": "1242000000", "sellingGeneralAndAdministrative": "0", "researchAndDevelopment": "0", "operatingExpenses": "120000000", "investmentIncomeNet": "None", "netInterestIncome": "None", "interestIncome": "None", "interestExpense": "85000000", "nonInterestIncome": "None", "otherNonOperatingIncome": "None", "depreciation": "None", "depreciationAndAmortization": "214000000", "incomeBeforeTax": "1144000000", "incomeTaxExpense": "362000000", "interestAndDebtExpense": "None", "netIncomeFromContinuingOperations": "0", "comprehensiveIncomeNetOfTax": "None", "ebit": "1096000000", "ebitda": "1310000000", "netIncome": "782000000"}, {"fiscalDateEnding": "2008-06-30", "reportedCurrency": "USD", "grossProfit": "1191000000", "totalRevenue": "11039000000", "costOfRevenue": "9848000000", "costofGoodsAndServicesSold": "9848000000", "operatingIncome": "1363000000", "sellingGeneralAndAdministrative": "0", "researchAndDevelopment": "0", "operatingExpenses": "-172000000", "investmentIncomeNet": "None", "netInterestIncome": "None", "interestIncome": "None", "interestExpense": "179000000", "nonInterestIncome": "None", "otherNonOperatingIncome": "None", "depreciation": "None", "depreciationAndAmortization": "202000000", "incomeBeforeTax": "1305000000", "incomeTaxExpense": "423000000", "interestAndDebtExpense": "None", "netIncomeFromContinuingOperations": "0", "comprehensiveIncomeNetOfTax": "None", "ebit": "1305000000", "ebitda": "1507000000", "netIncome": "882000000"}, {"fiscalDateEnding": "2008-03-31", "reportedCurrency": "USD", "grossProfit": "1069000000", "totalRevenue": "9983000000", "costOfRevenue": "8914000000", "costofGoodsAndServicesSold": "8914000000", "operatingIncome": "1178000000", "sellingGeneralAndAdministrative": "0", "researchAndDevelopment": "0", "operatingExpenses": "-109000000", "investmentIncomeNet": "None", "netInterestIncome": "None", "interestIncome": "None", "interestExpense": "87000000", "nonInterestIncome": "None", "otherNonOperatingIncome": "None", "depreciation": "None", "depreciationAndAmortization": "196000000", "incomeBeforeTax": "1084000000", "incomeTaxExpense": "354000000", "interestAndDebtExpense": "None", "netIncomeFromContinuingOperations": "0", "comprehensiveIncomeNetOfTax": "None", "ebit": "1084000000", "ebitda": "1280000000", "netIncome": "730000000"}, {"fiscalDateEnding": "2007-12-31", "reportedCurrency": "USD", "grossProfit": "1124000000", "totalRevenue": "10841000000", "costOfRevenue": "9717000000", "costofGoodsAndServicesSold": "9717000000", "operatingIncome": "1215000000", "sellingGeneralAndAdministrative": "0", "researchAndDevelopment": "1206000000", "operatingExpenses": "202000000", "investmentIncomeNet": "None", "netInterestIncome": "None", "interestIncome": "None", "interestExpense": "352000000", "nonInterestIncome": "None", "otherNonOperatingIncome": "None", "depreciation": "None", "depreciationAndAmortization": "248000000", "incomeBeforeTax": "1182000000", "incomeTaxExpense": "383000000", "interestAndDebtExpense": "None", "netIncomeFromContinuingOperations": "0", "comprehensiveIncomeNetOfTax": "None", "ebit": "1182000000", "ebitda": "1430000000", "netIncome": "799000000"}, {"fiscalDateEnding": "2007-09-30", "reportedCurrency": "USD", "grossProfit": "1146000000", "totalRevenue": "11095000000", "costOfRevenue": "9949000000", "costofGoodsAndServicesSold": "9949000000", "operatingIncome": "1163000000", "sellingGeneralAndAdministrative": "0", "researchAndDevelopment": "0", "operatingExpenses": "-17000000", "investmentIncomeNet": "None", "netInterestIncome": "None", "interestIncome": "None", "interestExpense": "1198000000", "nonInterestIncome": "None", "otherNonOperatingIncome": "None", "depreciation": "None", "depreciationAndAmortization": "202000000", "incomeBeforeTax": "1119000000", "incomeTaxExpense": "353000000", "interestAndDebtExpense": "None", "netIncomeFromContinuingOperations": "0", "comprehensiveIncomeNetOfTax": "None", "ebit": "1119000000", "ebitda": "1321000000", "netIncome": "766000000"}, {"fiscalDateEnding": "2007-06-30", "reportedCurrency": "USD", "grossProfit": "1054000000", "totalRevenue": "10651000000", "costOfRevenue": "9597000000", "costofGoodsAndServicesSold": "9597000000", "operatingIncome": "1231000000", "sellingGeneralAndAdministrative": "0", "researchAndDevelopment": "0", "operatingExpenses": "-177000000", "investmentIncomeNet": "None", "netInterestIncome": "None", "interestIncome": "None", "interestExpense": "93000000", "nonInterestIncome": "None", "otherNonOperatingIncome": "None", "depreciation": "None", "depreciationAndAmortization": "184000000", "incomeBeforeTax": "1138000000", "incomeTaxExpense": "360000000", "interestAndDebtExpense": "None", "netIncomeFromContinuingOperations": "0", "comprehensiveIncomeNetOfTax": "None", "ebit": "1138000000", "ebitda": "1322000000", "netIncome": "778000000"}, {"fiscalDateEnding": "2007-03-31", "reportedCurrency": "USD", "grossProfit": "910000000", "totalRevenue": "9275000000", "costOfRevenue": "8365000000", "costofGoodsAndServicesSold": "8365000000", "operatingIncome": "1022000000", "sellingGeneralAndAdministrative": "0", "researchAndDevelopment": "0", "operatingExpenses": "-112000000", "investmentIncomeNet": "None", "netInterestIncome": "None", "interestIncome": "None", "interestExpense": "93000000", "nonInterestIncome": "None", "otherNonOperatingIncome": "None", "depreciation": "None", "depreciationAndAmortization": "185000000", "incomeBeforeTax": "929000000", "incomeTaxExpense": "239000000", "interestAndDebtExpense": "None", "netIncomeFromContinuingOperations": "0", "comprehensiveIncomeNetOfTax": "None", "ebit": "929000000", "ebitda": "1114000000", "netIncome": "690000000"}, {"fiscalDateEnding": "2006-12-31", "reportedCurrency": "USD", "grossProfit": "1031000000", "totalRevenue": "10840000000", "costOfRevenue": "9809000000", "costofGoodsAndServicesSold": "9809000000", "operatingIncome": "1134000000", "sellingGeneralAndAdministrative": "0", "researchAndDevelopment": "1139000000", "operatingExpenses": "416000000", "investmentIncomeNet": "None", "netInterestIncome": "None", "interestIncome": "None", "interestExpense": "361000000", "nonInterestIncome": "None", "otherNonOperatingIncome": "None", "depreciation": "None", "depreciationAndAmortization": "217000000", "incomeBeforeTax": "1049000000", "incomeTaxExpense": "320000000", "interestAndDebtExpense": "None", "netIncomeFromContinuingOperations": "0", "comprehensiveIncomeNetOfTax": "None", "ebit": "1049000000", "ebitda": "1266000000", "netIncome": "729000000"}, {"fiscalDateEnding": "2006-09-30", "reportedCurrency": "USD", "grossProfit": "803000000", "totalRevenue": "9605000000", "costOfRevenue": "8802000000", "costofGoodsAndServicesSold": "8802000000", "operatingIncome": "905000000", "sellingGeneralAndAdministrative": "0", "researchAndDevelopment": "0", "operatingExpenses": "-102000000", "investmentIncomeNet": "None", "netInterestIncome": "None", "interestIncome": "None", "interestExpense": "90000000", "nonInterestIncome": "None", "otherNonOperatingIncome": "None", "depreciation": "None", "depreciationAndAmortization": "185000000", "incomeBeforeTax": "815000000", "incomeTaxExpense": "186000000", "interestAndDebtExpense": "None", "netIncomeFromContinuingOperations": "0", "comprehensiveIncomeNetOfTax": "None", "ebit": "815000000", "ebitda": "1000000000", "netIncome": "629000000"}, {"fiscalDateEnding": "2006-06-30", "reportedCurrency": "USD", "grossProfit": "840000000", "totalRevenue": "9961000000", "costOfRevenue": "9121000000", "costofGoodsAndServicesSold": "9121000000", "operatingIncome": "943000000", "sellingGeneralAndAdministrative": "0", "researchAndDevelopment": "0", "operatingExpenses": "-103000000", "investmentIncomeNet": "None", "netInterestIncome": "None", "interestIncome": "None", "interestExpense": "92000000", "nonInterestIncome": "None", "otherNonOperatingIncome": "None", "depreciation": "None", "depreciationAndAmortization": "188000000", "incomeBeforeTax": "851000000", "incomeTaxExpense": "271000000", "interestAndDebtExpense": "None", "netIncomeFromContinuingOperations": "0", "comprehensiveIncomeNetOfTax": "None", "ebit": "851000000", "ebitda": "1039000000", "netIncome": "580000000"}, {"fiscalDateEnding": "2006-03-31", "reportedCurrency": "USD", "grossProfit": "760000000", "totalRevenue": "9214000000", "costOfRevenue": "8454000000", "costofGoodsAndServicesSold": "8454000000", "operatingIncome": "760000000", "sellingGeneralAndAdministrative": "0", "researchAndDevelopment": "0", "operatingExpenses": "8243000000", "investmentIncomeNet": "None", "netInterestIncome": "None", "interestIncome": "None", "interestExpense": "94000000", "nonInterestIncome": "None", "otherNonOperatingIncome": "None", "depreciation": "None", "depreciationAndAmortization": "174000000", "incomeBeforeTax": "877000000", "incomeTaxExpense": "286000000", "interestAndDebtExpense": "None", "netIncomeFromContinuingOperations": "0", "comprehensiveIncomeNetOfTax": "None", "ebit": "549000000", "ebitda": "723000000", "netIncome": "591000000"}, {"fiscalDateEnding": "2005-12-31", "reportedCurrency": "USD", "grossProfit": "721000000", "totalRevenue": "10229000000", "costOfRevenue": "9508000000", "costofGoodsAndServicesSold": "9508000000", "operatingIncome": "886000000", "sellingGeneralAndAdministrative": "0", "researchAndDevelopment": "1042000000", "operatingExpenses": "284000000", "investmentIncomeNet": "None", "netInterestIncome": "None", "interestIncome": "None", "interestExpense": "370000000", "nonInterestIncome": "None", "otherNonOperatingIncome": "None", "depreciation": "None", "depreciationAndAmortization": "196000000", "incomeBeforeTax": "793000000", "incomeTaxExpense": "225000000", "interestAndDebtExpense": "None", "netIncomeFromContinuingOperations": "0", "comprehensiveIncomeNetOfTax": "None", "ebit": "793000000", "ebitda": "989000000", "netIncome": "568000000"}, {"fiscalDateEnding": "2005-09-30", "reportedCurrency": "USD", "grossProfit": "616000000", "totalRevenue": "9201000000", "costOfRevenue": "8585000000", "costofGoodsAndServicesSold": "8585000000", "operatingIncome": "706000000", "sellingGeneralAndAdministrative": "0", "researchAndDevelopment": "0", "operatingExpenses": "-90000000", "investmentIncomeNet": "None", "netInterestIncome": "None", "interestIncome": "None", "interestExpense": "93000000", "nonInterestIncome": "None", "otherNonOperatingIncome": "None", "depreciation": "None", "depreciationAndAmortization": "176000000", "incomeBeforeTax": "613000000", "incomeTaxExpense": "186000000", "interestAndDebtExpense": "None", "netIncomeFromContinuingOperations": "0", "comprehensiveIncomeNetOfTax": "None", "ebit": "613000000", "ebitda": "789000000", "netIncome": "427000000"}, {"fiscalDateEnding": "2005-06-30", "reportedCurrency": "USD", "grossProfit": "658000000", "totalRevenue": "9295000000", "costOfRevenue": "8637000000", "costofGoodsAndServicesSold": "8637000000", "operatingIncome": "658000000", "sellingGeneralAndAdministrative": "0", "researchAndDevelopment": "0", "operatingExpenses": "8637000000", "investmentIncomeNet": "None", "netInterestIncome": "None", "interestIncome": "None", "interestExpense": "94000000", "nonInterestIncome": "None", "otherNonOperatingIncome": "None", "depreciation": "None", "depreciationAndAmortization": "170000000", "incomeBeforeTax": "670000000", "incomeTaxExpense": "209000000", "interestAndDebtExpense": "None", "netIncomeFromContinuingOperations": "0", "comprehensiveIncomeNetOfTax": "None", "ebit": "552000000", "ebitda": "722000000", "netIncome": "461000000"}, {"fiscalDateEnding": "2005-03-31", "reportedCurrency": "USD", "grossProfit": "542000000", "totalRevenue": "8488000000", "costOfRevenue": "7946000000", "costofGoodsAndServicesSold": "7946000000", "operatingIncome": "542000000", "sellingGeneralAndAdministrative": "0", "researchAndDevelopment": "0", "operatingExpenses": "7946000000", "investmentIncomeNet": "None", "netInterestIncome": "None", "interestIncome": "None", "interestExpense": "90000000", "nonInterestIncome": "None", "otherNonOperatingIncome": "None", "depreciation": "None", "depreciationAndAmortization": "163000000", "incomeBeforeTax": "540000000", "incomeTaxExpense": "171000000", "interestAndDebtExpense": "None", "netIncomeFromContinuingOperations": "0", "comprehensiveIncomeNetOfTax": "None", "ebit": "454000000", "ebitda": "617000000", "netIncome": "369000000"}, {"fiscalDateEnding": "2004-12-31", "reportedCurrency": "USD", "grossProfit": "450000000", "totalRevenue": "9965000000", "costOfRevenue": "9515000000", "costofGoodsAndServicesSold": "9515000000", "operatingIncome": "571000000", "sellingGeneralAndAdministrative": "0", "researchAndDevelopment": "962000000", "operatingExpenses": "-33558000000", "investmentIncomeNet": "None", "netInterestIncome": "None", "interestIncome": "None", "interestExpense": "425000000", "nonInterestIncome": "None", "otherNonOperatingIncome": "None", "depreciation": "None", "depreciationAndAmortization": "171000000", "incomeBeforeTax": "346000000", "incomeTaxExpense": "-26000000", "interestAndDebtExpense": "None", "netIncomeFromContinuingOperations": "0", "comprehensiveIncomeNetOfTax": "None", "ebit": "571000000", "ebitda": "742000000", "netIncome": "372000000"}]}