{"symbol": "WM", "annualReports": [{"fiscalDateEnding": "2024-12-31", "reportedCurrency": "USD", "grossProfit": "8680000000", "totalRevenue": "22063000000", "costOfRevenue": "13383000000", "costofGoodsAndServicesSold": "13383000000", "operatingIncome": "4063000000", "sellingGeneralAndAdministrative": "2213000000", "researchAndDevelopment": "None", "operatingExpenses": "4617000000", "investmentIncomeNet": "None", "netInterestIncome": "-598000000", "interestIncome": "None", "interestExpense": "598000000", "nonInterestIncome": "None", "otherNonOperatingIncome": "None", "depreciation": "None", "depreciationAndAmortization": "2267000000", "incomeBeforeTax": "3458000000", "incomeTaxExpense": "713000000", "interestAndDebtExpense": "None", "netIncomeFromContinuingOperations": "2745000000", "comprehensiveIncomeNetOfTax": "None", "ebit": "4149000000", "ebitda": "6416000000", "netIncome": "2746000000"}, {"fiscalDateEnding": "2023-12-31", "reportedCurrency": "USD", "grossProfit": "7820000000", "totalRevenue": "20426000000", "costOfRevenue": "12606000000", "costofGoodsAndServicesSold": "12606000000", "operatingIncome": "3575000000", "sellingGeneralAndAdministrative": "1870000000", "researchAndDevelopment": "None", "operatingExpenses": "4245000000", "investmentIncomeNet": "None", "netInterestIncome": "-481000000", "interestIncome": "None", "interestExpense": "500000000", "nonInterestIncome": "None", "otherNonOperatingIncome": "None", "depreciation": "None", "depreciationAndAmortization": "2071000000", "incomeBeforeTax": "3021000000", "incomeTaxExpense": "745000000", "interestAndDebtExpense": "None", "netIncomeFromContinuingOperations": "2307000000", "comprehensiveIncomeNetOfTax": "None", "ebit": "3521000000", "ebitda": "5592000000", "netIncome": "2304000000"}, {"fiscalDateEnding": "2022-12-31", "reportedCurrency": "USD", "grossProfit": "7404000000", "totalRevenue": "19698000000", "costOfRevenue": "12294000000", "costofGoodsAndServicesSold": "12294000000", "operatingIncome": "3365000000", "sellingGeneralAndAdministrative": "1888000000", "researchAndDevelopment": "None", "operatingExpenses": "3976000000", "investmentIncomeNet": "None", "netInterestIncome": "-378000000", "interestIncome": "445000000", "interestExpense": "378000000", "nonInterestIncome": "None", "otherNonOperatingIncome": "-447000000", "depreciation": "None", "depreciationAndAmortization": "2150000000", "incomeBeforeTax": "2918000000", "incomeTaxExpense": "678000000", "interestAndDebtExpense": "None", "netIncomeFromContinuingOperations": "2240000000", "comprehensiveIncomeNetOfTax": "None", "ebit": "3316000000", "ebitda": "5466000000", "netIncome": "2238000000"}, {"fiscalDateEnding": "2021-12-31", "reportedCurrency": "USD", "grossProfit": "6820000000", "totalRevenue": "17931000000", "costOfRevenue": "11111000000", "costofGoodsAndServicesSold": "11111000000", "operatingIncome": "2965000000", "sellingGeneralAndAdministrative": "1827000000", "researchAndDevelopment": "None", "operatingExpenses": "3863000000", "investmentIncomeNet": "None", "netInterestIncome": "-365000000", "interestIncome": "401000000", "interestExpense": "365000000", "nonInterestIncome": "None", "otherNonOperatingIncome": "-616000000", "depreciation": "None", "depreciationAndAmortization": "2110000000", "incomeBeforeTax": "2349000000", "incomeTaxExpense": "532000000", "interestAndDebtExpense": "None", "netIncomeFromContinuingOperations": "1817000000", "comprehensiveIncomeNetOfTax": "None", "ebit": "2846000000", "ebitda": "4956000000", "netIncome": "1816000000"}, {"fiscalDateEnding": "2020-12-31", "reportedCurrency": "USD", "grossProfit": "5877000000", "totalRevenue": "15218000000", "costOfRevenue": "9341000000", "costofGoodsAndServicesSold": "9341000000", "operatingIncome": "2434000000", "sellingGeneralAndAdministrative": "1674000000", "researchAndDevelopment": "None", "operatingExpenses": "3399000000", "investmentIncomeNet": "None", "netInterestIncome": "-425000000", "interestIncome": "486000000", "interestExpense": "425000000", "nonInterestIncome": "None", "otherNonOperatingIncome": "-541000000", "depreciation": "None", "depreciationAndAmortization": "1774000000", "incomeBeforeTax": "1893000000", "incomeTaxExpense": "397000000", "interestAndDebtExpense": "None", "netIncomeFromContinuingOperations": "1496000000", "comprehensiveIncomeNetOfTax": "None", "ebit": "2375000000", "ebitda": "4149000000", "netIncome": "1496000000"}, {"fiscalDateEnding": "2019-12-31", "reportedCurrency": "USD", "grossProfit": "5959000000", "totalRevenue": "15455000000", "costOfRevenue": "9496000000", "costofGoodsAndServicesSold": "9496000000", "operatingIncome": "2706000000", "sellingGeneralAndAdministrative": "1593000000", "researchAndDevelopment": "None", "operatingExpenses": "3205000000", "investmentIncomeNet": "None", "netInterestIncome": "-411000000", "interestIncome": "466000000", "interestExpense": "411000000", "nonInterestIncome": "None", "otherNonOperatingIncome": "-601000000", "depreciation": "None", "depreciationAndAmortization": "1672000000", "incomeBeforeTax": "2105000000", "incomeTaxExpense": "434000000", "interestAndDebtExpense": "None", "netIncomeFromContinuingOperations": "1671000000", "comprehensiveIncomeNetOfTax": "None", "ebit": "2672000000", "ebitda": "4344000000", "netIncome": "1670000000"}, {"fiscalDateEnding": "2018-12-31", "reportedCurrency": "USD", "grossProfit": "5665000000", "totalRevenue": "14914000000", "costOfRevenue": "9249000000", "costofGoodsAndServicesSold": "9249000000", "operatingIncome": "2789000000", "sellingGeneralAndAdministrative": "1400000000", "researchAndDevelopment": "0", "operatingExpenses": "2930000000", "investmentIncomeNet": "None", "netInterestIncome": "-374000000", "interestIncome": "415000000", "interestExpense": "374000000", "nonInterestIncome": "None", "otherNonOperatingIncome": "-413000000", "depreciation": "None", "depreciationAndAmortization": "1572000000", "incomeBeforeTax": "2376000000", "incomeTaxExpense": "453000000", "interestAndDebtExpense": "None", "netIncomeFromContinuingOperations": "1923000000", "comprehensiveIncomeNetOfTax": "None", "ebit": "2640000000", "ebitda": "4212000000", "netIncome": "1925000000"}, {"fiscalDateEnding": "2017-12-31", "reportedCurrency": "USD", "grossProfit": "5464000000", "totalRevenue": "14485000000", "costOfRevenue": "9021000000", "costofGoodsAndServicesSold": "9021000000", "operatingIncome": "2636000000", "sellingGeneralAndAdministrative": "1426000000", "researchAndDevelopment": "0", "operatingExpenses": "2844000000", "investmentIncomeNet": "None", "netInterestIncome": "-363000000", "interestIncome": "431000000", "interestExpense": "363000000", "nonInterestIncome": "None", "otherNonOperatingIncome": "-445000000", "depreciation": "None", "depreciationAndAmortization": "1468000000", "incomeBeforeTax": "2191000000", "incomeTaxExpense": "242000000", "interestAndDebtExpense": "None", "netIncomeFromContinuingOperations": "1949000000", "comprehensiveIncomeNetOfTax": "None", "ebit": "2528000000", "ebitda": "3996000000", "netIncome": "1949000000"}, {"fiscalDateEnding": "2016-12-31", "reportedCurrency": "USD", "grossProfit": "5123000000", "totalRevenue": "13609000000", "costOfRevenue": "8486000000", "costofGoodsAndServicesSold": "8486000000", "operatingIncome": "2296000000", "sellingGeneralAndAdministrative": "1370000000", "researchAndDevelopment": "0", "operatingExpenses": "2711000000", "investmentIncomeNet": "None", "netInterestIncome": "-376000000", "interestIncome": "440000000", "interestExpense": "376000000", "nonInterestIncome": "None", "otherNonOperatingIncome": "-474000000", "depreciation": "None", "depreciationAndAmortization": "1392000000", "incomeBeforeTax": "1822000000", "incomeTaxExpense": "642000000", "interestAndDebtExpense": "None", "netIncomeFromContinuingOperations": "1180000000", "comprehensiveIncomeNetOfTax": "None", "ebit": "2321000000", "ebitda": "3713000000", "netIncome": "1182000000"}, {"fiscalDateEnding": "2015-12-31", "reportedCurrency": "USD", "grossProfit": "4730000000", "totalRevenue": "12961000000", "costOfRevenue": "8231000000", "costofGoodsAndServicesSold": "8231000000", "operatingIncome": "2045000000", "sellingGeneralAndAdministrative": "1307000000", "researchAndDevelopment": "0", "operatingExpenses": "2588000000", "investmentIncomeNet": "None", "netInterestIncome": "None", "interestIncome": "423000000", "interestExpense": "385000000", "nonInterestIncome": "None", "otherNonOperatingIncome": "-985000000", "depreciation": "None", "depreciationAndAmortization": "1245000000", "incomeBeforeTax": "1060000000", "incomeTaxExpense": "308000000", "interestAndDebtExpense": "None", "netIncomeFromContinuingOperations": "752000000", "comprehensiveIncomeNetOfTax": "None", "ebit": "2097000000", "ebitda": "3342000000", "netIncome": "753000000"}, {"fiscalDateEnding": "2014-12-31", "reportedCurrency": "USD", "grossProfit": "4994000000", "totalRevenue": "13996000000", "costOfRevenue": "9002000000", "costofGoodsAndServicesSold": "9002000000", "operatingIncome": "2299000000", "sellingGeneralAndAdministrative": "1440000000", "researchAndDevelopment": "0", "operatingExpenses": "2773000000", "investmentIncomeNet": "None", "netInterestIncome": "None", "interestIncome": "None", "interestExpense": "471000000", "nonInterestIncome": "None", "otherNonOperatingIncome": "-548000000", "depreciation": "None", "depreciationAndAmortization": "1292000000", "incomeBeforeTax": "1751000000", "incomeTaxExpense": "413000000", "interestAndDebtExpense": "None", "netIncomeFromContinuingOperations": "1338000000", "comprehensiveIncomeNetOfTax": "None", "ebit": "2217000000", "ebitda": "3509000000", "netIncome": "1298000000"}, {"fiscalDateEnding": "2013-12-31", "reportedCurrency": "USD", "grossProfit": "4871000000", "totalRevenue": "13983000000", "costOfRevenue": "9112000000", "costofGoodsAndServicesSold": "9112000000", "operatingIncome": "1079000000", "sellingGeneralAndAdministrative": "1427000000", "researchAndDevelopment": "0", "operatingExpenses": "2801000000", "investmentIncomeNet": "None", "netInterestIncome": "None", "interestIncome": "None", "interestExpense": "481000000", "nonInterestIncome": "None", "otherNonOperatingIncome": "-585000000", "depreciation": "None", "depreciationAndAmortization": "1333000000", "incomeBeforeTax": "494000000", "incomeTaxExpense": "364000000", "interestAndDebtExpense": "None", "netIncomeFromContinuingOperations": "130000000", "comprehensiveIncomeNetOfTax": "None", "ebit": "1966000000", "ebitda": "3299000000", "netIncome": "98000000"}, {"fiscalDateEnding": "2012-12-31", "reportedCurrency": "USD", "grossProfit": "4770000000", "totalRevenue": "13649000000", "costOfRevenue": "8879000000", "costofGoodsAndServicesSold": "8879000000", "operatingIncome": "1851000000", "sellingGeneralAndAdministrative": "1472000000", "researchAndDevelopment": "0", "operatingExpenses": "2769000000", "investmentIncomeNet": "None", "netInterestIncome": "None", "interestIncome": "None", "interestExpense": "488000000", "nonInterestIncome": "None", "otherNonOperatingIncome": "-548000000", "depreciation": "None", "depreciationAndAmortization": "1297000000", "incomeBeforeTax": "1303000000", "incomeTaxExpense": "443000000", "interestAndDebtExpense": "None", "netIncomeFromContinuingOperations": "860000000", "comprehensiveIncomeNetOfTax": "None", "ebit": "1941000000", "ebitda": "3238000000", "netIncome": "817000000"}, {"fiscalDateEnding": "2011-12-31", "reportedCurrency": "USD", "grossProfit": "4837000000", "totalRevenue": "13378000000", "costOfRevenue": "8541000000", "costofGoodsAndServicesSold": "8541000000", "operatingIncome": "2028000000", "sellingGeneralAndAdministrative": "1551000000", "researchAndDevelopment": "0", "operatingExpenses": "2780000000", "investmentIncomeNet": "None", "netInterestIncome": "None", "interestIncome": "None", "interestExpense": "481000000", "nonInterestIncome": "None", "otherNonOperatingIncome": "-508000000", "depreciation": "None", "depreciationAndAmortization": "1229000000", "incomeBeforeTax": "1520000000", "incomeTaxExpense": "511000000", "interestAndDebtExpense": "None", "netIncomeFromContinuingOperations": "1009000000", "comprehensiveIncomeNetOfTax": "None", "ebit": "2034000000", "ebitda": "3263000000", "netIncome": "961000000"}, {"fiscalDateEnding": "2010-12-31", "reportedCurrency": "USD", "grossProfit": "4691000000", "totalRevenue": "12515000000", "costOfRevenue": "7824000000", "costofGoodsAndServicesSold": "7824000000", "operatingIncome": "2116000000", "sellingGeneralAndAdministrative": "1461000000", "researchAndDevelopment": "0", "operatingExpenses": "2655000000", "investmentIncomeNet": "None", "netInterestIncome": "None", "interestIncome": "None", "interestExpense": "473000000", "nonInterestIncome": "None", "otherNonOperatingIncome": "-12000000", "depreciation": "None", "depreciationAndAmortization": "1194000000", "incomeBeforeTax": "1631000000", "incomeTaxExpense": "629000000", "interestAndDebtExpense": "None", "netIncomeFromContinuingOperations": "1002000000", "comprehensiveIncomeNetOfTax": "None", "ebit": "2104000000", "ebitda": "3298000000", "netIncome": "953000000"}, {"fiscalDateEnding": "2009-12-31", "reportedCurrency": "USD", "grossProfit": "4550000000", "totalRevenue": "11791000000", "costOfRevenue": "7241000000", "costofGoodsAndServicesSold": "7241000000", "operatingIncome": "1887000000", "sellingGeneralAndAdministrative": "1364000000", "researchAndDevelopment": "0", "operatingExpenses": "2530000000", "investmentIncomeNet": "None", "netInterestIncome": "None", "interestIncome": "None", "interestExpense": "426000000", "nonInterestIncome": "None", "otherNonOperatingIncome": "12000000", "depreciation": "None", "depreciationAndAmortization": "1166000000", "incomeBeforeTax": "1473000000", "incomeTaxExpense": "413000000", "interestAndDebtExpense": "None", "netIncomeFromContinuingOperations": "1060000000", "comprehensiveIncomeNetOfTax": "None", "ebit": "1899000000", "ebitda": "3065000000", "netIncome": "994000000"}, {"fiscalDateEnding": "2008-12-31", "reportedCurrency": "USD", "grossProfit": "4922000000", "totalRevenue": "13388000000", "costOfRevenue": "8466000000", "costofGoodsAndServicesSold": "8466000000", "operatingIncome": "2234000000", "sellingGeneralAndAdministrative": "1477000000", "researchAndDevelopment": "None", "operatingExpenses": "2715000000", "investmentIncomeNet": "None", "netInterestIncome": "None", "interestIncome": "None", "interestExpense": "455000000", "nonInterestIncome": "None", "otherNonOperatingIncome": "None", "depreciation": "None", "depreciationAndAmortization": "1238000000", "incomeBeforeTax": "1756000000", "incomeTaxExpense": "669000000", "interestAndDebtExpense": "None", "netIncomeFromContinuingOperations": "None", "comprehensiveIncomeNetOfTax": "None", "ebit": "2211000000", "ebitda": "3449000000", "netIncome": "1087000000"}, {"fiscalDateEnding": "2007-12-31", "reportedCurrency": "USD", "grossProfit": "4908000000", "totalRevenue": "13310000000", "costOfRevenue": "8402000000", "costofGoodsAndServicesSold": "8402000000", "operatingIncome": "2254000000", "sellingGeneralAndAdministrative": "1432000000", "researchAndDevelopment": "None", "operatingExpenses": "2703000000", "investmentIncomeNet": "None", "netInterestIncome": "None", "interestIncome": "None", "interestExpense": "521000000", "nonInterestIncome": "None", "otherNonOperatingIncome": "None", "depreciation": "None", "depreciationAndAmortization": "1259000000", "incomeBeforeTax": "1703000000", "incomeTaxExpense": "540000000", "interestAndDebtExpense": "None", "netIncomeFromContinuingOperations": "None", "comprehensiveIncomeNetOfTax": "None", "ebit": "2205000000", "ebitda": "3464000000", "netIncome": "1163000000"}, {"fiscalDateEnding": "2006-12-31", "reportedCurrency": "USD", "grossProfit": "4776000000", "totalRevenue": "13363000000", "costOfRevenue": "8587000000", "costofGoodsAndServicesSold": "8587000000", "operatingIncome": "2029000000", "sellingGeneralAndAdministrative": "1388000000", "researchAndDevelopment": "None", "operatingExpenses": "2722000000", "investmentIncomeNet": "None", "netInterestIncome": "None", "interestIncome": "None", "interestExpense": "545000000", "nonInterestIncome": "None", "otherNonOperatingIncome": "None", "depreciation": "None", "depreciationAndAmortization": "1334000000", "incomeBeforeTax": "1474000000", "incomeTaxExpense": "325000000", "interestAndDebtExpense": "None", "netIncomeFromContinuingOperations": "None", "comprehensiveIncomeNetOfTax": "None", "ebit": "2054000000", "ebitda": "3388000000", "netIncome": "1149000000"}, {"fiscalDateEnding": "2005-12-31", "reportedCurrency": "USD", "grossProfit": "4443000000", "totalRevenue": "13074000000", "costOfRevenue": "8631000000", "costofGoodsAndServicesSold": "8631000000", "operatingIncome": "1710000000", "sellingGeneralAndAdministrative": "1276000000", "researchAndDevelopment": "None", "operatingExpenses": "2705000000", "investmentIncomeNet": "None", "netInterestIncome": "None", "interestIncome": "None", "interestExpense": "496000000", "nonInterestIncome": "None", "otherNonOperatingIncome": "None", "depreciation": "None", "depreciationAndAmortization": "1361000000", "incomeBeforeTax": "1092000000", "incomeTaxExpense": "-90000000", "interestAndDebtExpense": "None", "netIncomeFromContinuingOperations": "None", "comprehensiveIncomeNetOfTax": "None", "ebit": "1738000000", "ebitda": "3099000000", "netIncome": "1182000000"}], "quarterlyReports": [{"fiscalDateEnding": "2024-12-31", "reportedCurrency": "USD", "grossProfit": "2340000000", "totalRevenue": "5893000000", "costOfRevenue": "3553000000", "costofGoodsAndServicesSold": "3553000000", "operatingIncome": "919000000", "sellingGeneralAndAdministrative": "733000000", "researchAndDevelopment": "None", "operatingExpenses": "1421000000", "investmentIncomeNet": "None", "netInterestIncome": "-201000000", "interestIncome": "None", "interestExpense": "201000000", "nonInterestIncome": "None", "otherNonOperatingIncome": "None", "depreciation": "None", "depreciationAndAmortization": "652000000", "incomeBeforeTax": "700000000", "incomeTaxExpense": "102000000", "interestAndDebtExpense": "None", "netIncomeFromContinuingOperations": "598000000", "comprehensiveIncomeNetOfTax": "None", "ebit": "941000000", "ebitda": "1593000000", "netIncome": "598000000"}, {"fiscalDateEnding": "2024-09-30", "reportedCurrency": "USD", "grossProfit": "2210000000", "totalRevenue": "5609000000", "costOfRevenue": "3399000000", "costofGoodsAndServicesSold": "3399000000", "operatingIncome": "1119000000", "sellingGeneralAndAdministrative": "514000000", "researchAndDevelopment": "None", "operatingExpenses": "525000000", "investmentIncomeNet": "None", "netInterestIncome": "-131000000", "interestIncome": "None", "interestExpense": "131000000", "nonInterestIncome": "None", "otherNonOperatingIncome": "None", "depreciation": "None", "depreciationAndAmortization": "558000000", "incomeBeforeTax": "995000000", "incomeTaxExpense": "235000000", "interestAndDebtExpense": "None", "netIncomeFromContinuingOperations": "760000000", "comprehensiveIncomeNetOfTax": "None", "ebit": "1159000000", "ebitda": "1717000000", "netIncome": "760000000"}, {"fiscalDateEnding": "2024-06-30", "reportedCurrency": "USD", "grossProfit": "1568000000", "totalRevenue": "5402000000", "costOfRevenue": "3834000000", "costofGoodsAndServicesSold": "3834000000", "operatingIncome": "1067000000", "sellingGeneralAndAdministrative": "485000000", "researchAndDevelopment": "None", "operatingExpenses": "501000000", "investmentIncomeNet": "None", "netInterestIncome": "-136000000", "interestIncome": "None", "interestExpense": "136000000", "nonInterestIncome": "None", "otherNonOperatingIncome": "None", "depreciation": "None", "depreciationAndAmortization": "576000000", "incomeBeforeTax": "894000000", "incomeTaxExpense": "214000000", "interestAndDebtExpense": "None", "netIncomeFromContinuingOperations": "680000000", "comprehensiveIncomeNetOfTax": "None", "ebit": "1034000000", "ebitda": "1610000000", "netIncome": "680000000"}, {"fiscalDateEnding": "2024-03-31", "reportedCurrency": "USD", "grossProfit": "1505000000", "totalRevenue": "5159000000", "costOfRevenue": "3654000000", "costofGoodsAndServicesSold": "3654000000", "operatingIncome": "1014000000", "sellingGeneralAndAdministrative": "481000000", "researchAndDevelopment": "None", "operatingExpenses": "491000000", "investmentIncomeNet": "None", "netInterestIncome": "-130000000", "interestIncome": "None", "interestExpense": "130000000", "nonInterestIncome": "None", "otherNonOperatingIncome": "None", "depreciation": "None", "depreciationAndAmortization": "547000000", "incomeBeforeTax": "869000000", "incomeTaxExpense": "162000000", "interestAndDebtExpense": "None", "netIncomeFromContinuingOperations": "707000000", "comprehensiveIncomeNetOfTax": "None", "ebit": "981000000", "ebitda": "1528000000", "netIncome": "708000000"}, {"fiscalDateEnding": "2023-12-31", "reportedCurrency": "USD", "grossProfit": "2071000000", "totalRevenue": "5217000000", "costOfRevenue": "3146000000", "costofGoodsAndServicesSold": "3146000000", "operatingIncome": "785000000", "sellingGeneralAndAdministrative": "493000000", "researchAndDevelopment": "None", "operatingExpenses": "1039000000", "investmentIncomeNet": "None", "netInterestIncome": "-128000000", "interestIncome": "None", "interestExpense": "128000000", "nonInterestIncome": "None", "otherNonOperatingIncome": "None", "depreciation": "None", "depreciationAndAmortization": "559000000", "incomeBeforeTax": "644000000", "incomeTaxExpense": "175000000", "interestAndDebtExpense": "None", "netIncomeFromContinuingOperations": "469000000", "comprehensiveIncomeNetOfTax": "None", "ebit": "772000000", "ebitda": "1331000000", "netIncome": "493000000"}, {"fiscalDateEnding": "2023-09-30", "reportedCurrency": "USD", "grossProfit": "2010000000", "totalRevenue": "5198000000", "costOfRevenue": "3188000000", "costofGoodsAndServicesSold": "3188000000", "operatingIncome": "1021000000", "sellingGeneralAndAdministrative": "454000000", "researchAndDevelopment": "None", "operatingExpenses": "989000000", "investmentIncomeNet": "None", "netInterestIncome": "-127000000", "interestIncome": "145000000", "interestExpense": "127000000", "nonInterestIncome": "None", "otherNonOperatingIncome": "None", "depreciation": "None", "depreciationAndAmortization": "551000000", "incomeBeforeTax": "872000000", "incomeTaxExpense": "210000000", "interestAndDebtExpense": "None", "netIncomeFromContinuingOperations": "662000000", "comprehensiveIncomeNetOfTax": "None", "ebit": "989000000", "ebitda": "1540000000", "netIncome": "663000000"}, {"fiscalDateEnding": "2023-06-30", "reportedCurrency": "USD", "grossProfit": "1933000000", "totalRevenue": "5119000000", "costOfRevenue": "3186000000", "costofGoodsAndServicesSold": "3186000000", "operatingIncome": "944000000", "sellingGeneralAndAdministrative": "456000000", "researchAndDevelopment": "None", "operatingExpenses": "988000000", "investmentIncomeNet": "None", "netInterestIncome": "-125000000", "interestIncome": "137000000", "interestExpense": "125000000", "nonInterestIncome": "None", "otherNonOperatingIncome": "-135000000", "depreciation": "None", "depreciationAndAmortization": "554000000", "incomeBeforeTax": "809000000", "incomeTaxExpense": "196000000", "interestAndDebtExpense": "None", "netIncomeFromContinuingOperations": "613000000", "comprehensiveIncomeNetOfTax": "None", "ebit": "912000000", "ebitda": "1466000000", "netIncome": "615000000"}, {"fiscalDateEnding": "2023-03-31", "reportedCurrency": "USD", "grossProfit": "1806000000", "totalRevenue": "4892000000", "costOfRevenue": "3086000000", "costofGoodsAndServicesSold": "3086000000", "operatingIncome": "825000000", "sellingGeneralAndAdministrative": "467000000", "researchAndDevelopment": "None", "operatingExpenses": "981000000", "investmentIncomeNet": "None", "netInterestIncome": "-120000000", "interestIncome": "131000000", "interestExpense": "120000000", "nonInterestIncome": "None", "otherNonOperatingIncome": "-129000000", "depreciation": "None", "depreciationAndAmortization": "537000000", "incomeBeforeTax": "696000000", "incomeTaxExpense": "164000000", "interestAndDebtExpense": "None", "netIncomeFromContinuingOperations": "532000000", "comprehensiveIncomeNetOfTax": "None", "ebit": "793000000", "ebitda": "1330000000", "netIncome": "533000000"}, {"fiscalDateEnding": "2022-12-31", "reportedCurrency": "USD", "grossProfit": "1842000000", "totalRevenue": "4935000000", "costOfRevenue": "3093000000", "costofGoodsAndServicesSold": "3093000000", "operatingIncome": "765000000", "sellingGeneralAndAdministrative": "473000000", "researchAndDevelopment": "None", "operatingExpenses": "1032000000", "investmentIncomeNet": "None", "netInterestIncome": "-109000000", "interestIncome": "127000000", "interestExpense": "109000000", "nonInterestIncome": "None", "otherNonOperatingIncome": "-122000000", "depreciation": "None", "depreciationAndAmortization": "573000000", "incomeBeforeTax": "643000000", "incomeTaxExpense": "143000000", "interestAndDebtExpense": "None", "netIncomeFromContinuingOperations": "500000000", "comprehensiveIncomeNetOfTax": "None", "ebit": "782000000", "ebitda": "1355000000", "netIncome": "499000000"}, {"fiscalDateEnding": "2022-09-30", "reportedCurrency": "USD", "grossProfit": "1919000000", "totalRevenue": "5075000000", "costOfRevenue": "3156000000", "costofGoodsAndServicesSold": "3156000000", "operatingIncome": "942000000", "sellingGeneralAndAdministrative": "461000000", "researchAndDevelopment": "None", "operatingExpenses": "976000000", "investmentIncomeNet": "None", "netInterestIncome": "-91000000", "interestIncome": "108000000", "interestExpense": "91000000", "nonInterestIncome": "None", "otherNonOperatingIncome": "-114000000", "depreciation": "None", "depreciationAndAmortization": "532000000", "incomeBeforeTax": "828000000", "incomeTaxExpense": "189000000", "interestAndDebtExpense": "None", "netIncomeFromContinuingOperations": "639000000", "comprehensiveIncomeNetOfTax": "None", "ebit": "914000000", "ebitda": "1446000000", "netIncome": "639000000"}, {"fiscalDateEnding": "2022-06-30", "reportedCurrency": "USD", "grossProfit": "1885000000", "totalRevenue": "5027000000", "costOfRevenue": "3142000000", "costofGoodsAndServicesSold": "3142000000", "operatingIncome": "890000000", "sellingGeneralAndAdministrative": "473000000", "researchAndDevelopment": "None", "operatingExpenses": "995000000", "investmentIncomeNet": "None", "netInterestIncome": "-93000000", "interestIncome": "110000000", "interestExpense": "93000000", "nonInterestIncome": "None", "otherNonOperatingIncome": "-114000000", "depreciation": "None", "depreciationAndAmortization": "535000000", "incomeBeforeTax": "776000000", "incomeTaxExpense": "189000000", "interestAndDebtExpense": "None", "netIncomeFromContinuingOperations": "587000000", "comprehensiveIncomeNetOfTax": "None", "ebit": "863000000", "ebitda": "1398000000", "netIncome": "587000000"}, {"fiscalDateEnding": "2022-03-31", "reportedCurrency": "USD", "grossProfit": "1758000000", "totalRevenue": "4661000000", "costOfRevenue": "2903000000", "costofGoodsAndServicesSold": "2903000000", "operatingIncome": "768000000", "sellingGeneralAndAdministrative": "481000000", "researchAndDevelopment": "None", "operatingExpenses": "973000000", "investmentIncomeNet": "None", "netInterestIncome": "-85000000", "interestIncome": "100000000", "interestExpense": "85000000", "nonInterestIncome": "None", "otherNonOperatingIncome": "-97000000", "depreciation": "None", "depreciationAndAmortization": "510000000", "incomeBeforeTax": "671000000", "incomeTaxExpense": "157000000", "interestAndDebtExpense": "None", "netIncomeFromContinuingOperations": "514000000", "comprehensiveIncomeNetOfTax": "None", "ebit": "757000000", "ebitda": "1267000000", "netIncome": "513000000"}, {"fiscalDateEnding": "2021-12-31", "reportedCurrency": "USD", "grossProfit": "1723000000", "totalRevenue": "4678000000", "costOfRevenue": "2955000000", "costofGoodsAndServicesSold": "2955000000", "operatingIncome": "718000000", "sellingGeneralAndAdministrative": "483000000", "researchAndDevelopment": "None", "operatingExpenses": "1002000000", "investmentIncomeNet": "None", "netInterestIncome": "-83000000", "interestIncome": "85000000", "interestExpense": "83000000", "nonInterestIncome": "None", "otherNonOperatingIncome": "-76000000", "depreciation": "None", "depreciationAndAmortization": "539000000", "incomeBeforeTax": "642000000", "incomeTaxExpense": "136000000", "interestAndDebtExpense": "None", "netIncomeFromContinuingOperations": "506000000", "comprehensiveIncomeNetOfTax": "None", "ebit": "692000000", "ebitda": "1231000000", "netIncome": "506000000"}, {"fiscalDateEnding": "2021-09-30", "reportedCurrency": "USD", "grossProfit": "1759000000", "totalRevenue": "4665000000", "costOfRevenue": "2906000000", "costofGoodsAndServicesSold": "2906000000", "operatingIncome": "806000000", "sellingGeneralAndAdministrative": "458000000", "researchAndDevelopment": "None", "operatingExpenses": "986000000", "investmentIncomeNet": "None", "netInterestIncome": "-87000000", "interestIncome": "101000000", "interestExpense": "87000000", "nonInterestIncome": "None", "otherNonOperatingIncome": "-100000000", "depreciation": "None", "depreciationAndAmortization": "546000000", "incomeBeforeTax": "706000000", "incomeTaxExpense": "167000000", "interestAndDebtExpense": "None", "netIncomeFromContinuingOperations": "539000000", "comprehensiveIncomeNetOfTax": "None", "ebit": "744000000", "ebitda": "1290000000", "netIncome": "538000000"}, {"fiscalDateEnding": "2021-06-30", "reportedCurrency": "USD", "grossProfit": "1740000000", "totalRevenue": "4476000000", "costOfRevenue": "2736000000", "costofGoodsAndServicesSold": "2736000000", "operatingIncome": "791000000", "sellingGeneralAndAdministrative": "438000000", "researchAndDevelopment": "None", "operatingExpenses": "945000000", "investmentIncomeNet": "None", "netInterestIncome": "-98000000", "interestIncome": "109000000", "interestExpense": "98000000", "nonInterestIncome": "None", "otherNonOperatingIncome": "-335000000", "depreciation": "None", "depreciationAndAmortization": "527000000", "incomeBeforeTax": "456000000", "incomeTaxExpense": "105000000", "interestAndDebtExpense": "None", "netIncomeFromContinuingOperations": "351000000", "comprehensiveIncomeNetOfTax": "None", "ebit": "768000000", "ebitda": "1295000000", "netIncome": "351000000"}, {"fiscalDateEnding": "2021-03-31", "reportedCurrency": "USD", "grossProfit": "1598000000", "totalRevenue": "4112000000", "costOfRevenue": "2514000000", "costofGoodsAndServicesSold": "2514000000", "operatingIncome": "650000000", "sellingGeneralAndAdministrative": "448000000", "researchAndDevelopment": "None", "operatingExpenses": "930000000", "investmentIncomeNet": "None", "netInterestIncome": "-97000000", "interestIncome": "106000000", "interestExpense": "97000000", "nonInterestIncome": "None", "otherNonOperatingIncome": "-105000000", "depreciation": "None", "depreciationAndAmortization": "498000000", "incomeBeforeTax": "545000000", "incomeTaxExpense": "124000000", "interestAndDebtExpense": "None", "netIncomeFromContinuingOperations": "421000000", "comprehensiveIncomeNetOfTax": "None", "ebit": "642000000", "ebitda": "1140000000", "netIncome": "421000000"}, {"fiscalDateEnding": "2020-12-31", "reportedCurrency": "USD", "grossProfit": "1567000000", "totalRevenue": "4067000000", "costOfRevenue": "2500000000", "costofGoodsAndServicesSold": "2500000000", "operatingIncome": "654000000", "sellingGeneralAndAdministrative": "496000000", "researchAndDevelopment": "None", "operatingExpenses": "946000000", "investmentIncomeNet": "None", "netInterestIncome": "-97000000", "interestIncome": "109000000", "interestExpense": "97000000", "nonInterestIncome": "None", "otherNonOperatingIncome": "-107000000", "depreciation": "None", "depreciationAndAmortization": "436000000", "incomeBeforeTax": "547000000", "incomeTaxExpense": "109000000", "interestAndDebtExpense": "None", "netIncomeFromContinuingOperations": "438000000", "comprehensiveIncomeNetOfTax": "None", "ebit": "771000000", "ebitda": "1207000000", "netIncome": "438000000"}, {"fiscalDateEnding": "2020-09-30", "reportedCurrency": "USD", "grossProfit": "1529000000", "totalRevenue": "3861000000", "costOfRevenue": "2332000000", "costofGoodsAndServicesSold": "2332000000", "operatingIncome": "680000000", "sellingGeneralAndAdministrative": "412000000", "researchAndDevelopment": "None", "operatingExpenses": "835000000", "investmentIncomeNet": "None", "netInterestIncome": "-97000000", "interestIncome": "113000000", "interestExpense": "97000000", "nonInterestIncome": "None", "otherNonOperatingIncome": "-164000000", "depreciation": "None", "depreciationAndAmortization": "419000000", "incomeBeforeTax": "516000000", "incomeTaxExpense": "126000000", "interestAndDebtExpense": "None", "netIncomeFromContinuingOperations": "390000000", "comprehensiveIncomeNetOfTax": "None", "ebit": "694000000", "ebitda": "1113000000", "netIncome": "390000000"}, {"fiscalDateEnding": "2020-06-30", "reportedCurrency": "USD", "grossProfit": "1381000000", "totalRevenue": "3561000000", "costOfRevenue": "2180000000", "costofGoodsAndServicesSold": "2180000000", "operatingIncome": "527000000", "sellingGeneralAndAdministrative": "355000000", "researchAndDevelopment": "None", "operatingExpenses": "791000000", "investmentIncomeNet": "None", "netInterestIncome": "-119000000", "interestIncome": "133000000", "interestExpense": "119000000", "nonInterestIncome": "None", "otherNonOperatingIncome": "-132000000", "depreciation": "None", "depreciationAndAmortization": "414000000", "incomeBeforeTax": "395000000", "incomeTaxExpense": "88000000", "interestAndDebtExpense": "None", "netIncomeFromContinuingOperations": "307000000", "comprehensiveIncomeNetOfTax": "None", "ebit": "590000000", "ebitda": "1004000000", "netIncome": "307000000"}, {"fiscalDateEnding": "2020-03-31", "reportedCurrency": "USD", "grossProfit": "1400000000", "totalRevenue": "3729000000", "costOfRevenue": "2329000000", "costofGoodsAndServicesSold": "2329000000", "operatingIncome": "573000000", "sellingGeneralAndAdministrative": "411000000", "researchAndDevelopment": "None", "operatingExpenses": "827000000", "investmentIncomeNet": "None", "netInterestIncome": "-112000000", "interestIncome": "131000000", "interestExpense": "112000000", "nonInterestIncome": "None", "otherNonOperatingIncome": "-138000000", "depreciation": "None", "depreciationAndAmortization": "402000000", "incomeBeforeTax": "435000000", "incomeTaxExpense": "74000000", "interestAndDebtExpense": "None", "netIncomeFromContinuingOperations": "361000000", "comprehensiveIncomeNetOfTax": "None", "ebit": "573000000", "ebitda": "975000000", "netIncome": "361000000"}, {"fiscalDateEnding": "2019-12-31", "reportedCurrency": "USD", "grossProfit": "1532000000", "totalRevenue": "3846000000", "costOfRevenue": "2314000000", "costofGoodsAndServicesSold": "2314000000", "operatingIncome": "655000000", "sellingGeneralAndAdministrative": "433000000", "researchAndDevelopment": "None", "operatingExpenses": "840000000", "investmentIncomeNet": "None", "netInterestIncome": "-110000000", "interestIncome": "126000000", "interestExpense": "110000000", "nonInterestIncome": "None", "otherNonOperatingIncome": "-124000000", "depreciation": "None", "depreciationAndAmortization": "395000000", "incomeBeforeTax": "531000000", "incomeTaxExpense": "84000000", "interestAndDebtExpense": "None", "netIncomeFromContinuingOperations": "447000000", "comprehensiveIncomeNetOfTax": "None", "ebit": "692000000", "ebitda": "1087000000", "netIncome": "447000000"}, {"fiscalDateEnding": "2019-09-30", "reportedCurrency": "USD", "grossProfit": "1526000000", "totalRevenue": "3967000000", "costOfRevenue": "2441000000", "costofGoodsAndServicesSold": "2441000000", "operatingIncome": "734000000", "sellingGeneralAndAdministrative": "379000000", "researchAndDevelopment": "None", "operatingExpenses": "790000000", "investmentIncomeNet": "None", "netInterestIncome": "-105000000", "interestIncome": "119000000", "interestExpense": "105000000", "nonInterestIncome": "None", "otherNonOperatingIncome": "-119000000", "depreciation": "None", "depreciationAndAmortization": "404000000", "incomeBeforeTax": "615000000", "incomeTaxExpense": "120000000", "interestAndDebtExpense": "None", "netIncomeFromContinuingOperations": "495000000", "comprehensiveIncomeNetOfTax": "None", "ebit": "736000000", "ebitda": "1140000000", "netIncome": "495000000"}, {"fiscalDateEnding": "2019-06-30", "reportedCurrency": "USD", "grossProfit": "1503000000", "totalRevenue": "3946000000", "costOfRevenue": "2443000000", "costofGoodsAndServicesSold": "2443000000", "operatingIncome": "696000000", "sellingGeneralAndAdministrative": "381000000", "researchAndDevelopment": "None", "operatingExpenses": "800000000", "investmentIncomeNet": "None", "netInterestIncome": "-100000000", "interestIncome": "116000000", "interestExpense": "100000000", "nonInterestIncome": "None", "otherNonOperatingIncome": "-199000000", "depreciation": "None", "depreciationAndAmortization": "409000000", "incomeBeforeTax": "497000000", "incomeTaxExpense": "115000000", "interestAndDebtExpense": "None", "netIncomeFromContinuingOperations": "382000000", "comprehensiveIncomeNetOfTax": "None", "ebit": "719000000", "ebitda": "1128000000", "netIncome": "381000000"}, {"fiscalDateEnding": "2019-03-31", "reportedCurrency": "USD", "grossProfit": "1398000000", "totalRevenue": "3696000000", "costOfRevenue": "2298000000", "costofGoodsAndServicesSold": "2298000000", "operatingIncome": "621000000", "sellingGeneralAndAdministrative": "400000000", "researchAndDevelopment": "None", "operatingExpenses": "775000000", "investmentIncomeNet": "None", "netInterestIncome": "-96000000", "interestIncome": "105000000", "interestExpense": "96000000", "nonInterestIncome": "None", "otherNonOperatingIncome": "-159000000", "depreciation": "None", "depreciationAndAmortization": "366000000", "incomeBeforeTax": "462000000", "incomeTaxExpense": "115000000", "interestAndDebtExpense": "None", "netIncomeFromContinuingOperations": "347000000", "comprehensiveIncomeNetOfTax": "None", "ebit": "623000000", "ebitda": "989000000", "netIncome": "347000000"}, {"fiscalDateEnding": "2018-12-31", "reportedCurrency": "USD", "grossProfit": "1463000000", "totalRevenue": "3842000000", "costOfRevenue": "2379000000", "costofGoodsAndServicesSold": "2379000000", "operatingIncome": "767000000", "sellingGeneralAndAdministrative": "351000000", "researchAndDevelopment": "0", "operatingExpenses": "740000000", "investmentIncomeNet": "None", "netInterestIncome": "None", "interestIncome": "None", "interestExpense": "97000000", "nonInterestIncome": "None", "otherNonOperatingIncome": "-108000000", "depreciation": "None", "depreciationAndAmortization": "370000000", "incomeBeforeTax": "659000000", "incomeTaxExpense": "128000000", "interestAndDebtExpense": "None", "netIncomeFromContinuingOperations": "531000000", "comprehensiveIncomeNetOfTax": "None", "ebit": "723000000", "ebitda": "1093000000", "netIncome": "531000000"}, {"fiscalDateEnding": "2018-09-30", "reportedCurrency": "USD", "grossProfit": "1449000000", "totalRevenue": "3822000000", "costOfRevenue": "2373000000", "costofGoodsAndServicesSold": "2373000000", "operatingIncome": "699000000", "sellingGeneralAndAdministrative": "332000000", "researchAndDevelopment": "0", "operatingExpenses": "721000000", "investmentIncomeNet": "None", "netInterestIncome": "None", "interestIncome": "None", "interestExpense": "93000000", "nonInterestIncome": "None", "otherNonOperatingIncome": "-102000000", "depreciation": "None", "depreciationAndAmortization": "376000000", "incomeBeforeTax": "597000000", "incomeTaxExpense": "99000000", "interestAndDebtExpense": "None", "netIncomeFromContinuingOperations": "498000000", "comprehensiveIncomeNetOfTax": "None", "ebit": "728000000", "ebitda": "1104000000", "netIncome": "499000000"}, {"fiscalDateEnding": "2018-06-30", "reportedCurrency": "USD", "grossProfit": "1426000000", "totalRevenue": "3739000000", "costOfRevenue": "2313000000", "costofGoodsAndServicesSold": "2313000000", "operatingIncome": "715000000", "sellingGeneralAndAdministrative": "355000000", "researchAndDevelopment": "0", "operatingExpenses": "749000000", "investmentIncomeNet": "None", "netInterestIncome": "None", "interestIncome": "None", "interestExpense": "93000000", "nonInterestIncome": "None", "otherNonOperatingIncome": "-106000000", "depreciation": "None", "depreciationAndAmortization": "384000000", "incomeBeforeTax": "609000000", "incomeTaxExpense": "110000000", "interestAndDebtExpense": "None", "netIncomeFromContinuingOperations": "499000000", "comprehensiveIncomeNetOfTax": "None", "ebit": "677000000", "ebitda": "1061000000", "netIncome": "499000000"}, {"fiscalDateEnding": "2018-03-31", "reportedCurrency": "USD", "grossProfit": "1327000000", "totalRevenue": "3511000000", "costOfRevenue": "2184000000", "costofGoodsAndServicesSold": "2184000000", "operatingIncome": "608000000", "sellingGeneralAndAdministrative": "362000000", "researchAndDevelopment": "0", "operatingExpenses": "720000000", "investmentIncomeNet": "None", "netInterestIncome": "None", "interestIncome": "None", "interestExpense": "91000000", "nonInterestIncome": "None", "otherNonOperatingIncome": "-97000000", "depreciation": "None", "depreciationAndAmortization": "347000000", "incomeBeforeTax": "511000000", "incomeTaxExpense": "116000000", "interestAndDebtExpense": "None", "netIncomeFromContinuingOperations": "395000000", "comprehensiveIncomeNetOfTax": "None", "ebit": "607000000", "ebitda": "954000000", "netIncome": "396000000"}, {"fiscalDateEnding": "2017-12-31", "reportedCurrency": "USD", "grossProfit": "1389000000", "totalRevenue": "3652000000", "costOfRevenue": "2263000000", "costofGoodsAndServicesSold": "2263000000", "operatingIncome": "704000000", "sellingGeneralAndAdministrative": "357000000", "researchAndDevelopment": "0", "operatingExpenses": "711000000", "investmentIncomeNet": "None", "netInterestIncome": "None", "interestIncome": "None", "interestExpense": "91000000", "nonInterestIncome": "None", "otherNonOperatingIncome": "-120000000", "depreciation": "None", "depreciationAndAmortization": "342000000", "incomeBeforeTax": "584000000", "incomeTaxExpense": "-319000000", "interestAndDebtExpense": "None", "netIncomeFromContinuingOperations": "903000000", "comprehensiveIncomeNetOfTax": "None", "ebit": "678000000", "ebitda": "1020000000", "netIncome": "903000000"}, {"fiscalDateEnding": "2017-09-30", "reportedCurrency": "USD", "grossProfit": "1414000000", "totalRevenue": "3716000000", "costOfRevenue": "2302000000", "costofGoodsAndServicesSold": "2302000000", "operatingIncome": "701000000", "sellingGeneralAndAdministrative": "346000000", "researchAndDevelopment": "0", "operatingExpenses": "706000000", "investmentIncomeNet": "None", "netInterestIncome": "None", "interestIncome": "None", "interestExpense": "90000000", "nonInterestIncome": "None", "otherNonOperatingIncome": "-98000000", "depreciation": "None", "depreciationAndAmortization": "350000000", "incomeBeforeTax": "603000000", "incomeTaxExpense": "215000000", "interestAndDebtExpense": "None", "netIncomeFromContinuingOperations": "388000000", "comprehensiveIncomeNetOfTax": "None", "ebit": "708000000", "ebitda": "1058000000", "netIncome": "386000000"}, {"fiscalDateEnding": "2017-06-30", "reportedCurrency": "USD", "grossProfit": "1387000000", "totalRevenue": "3677000000", "costOfRevenue": "2290000000", "costofGoodsAndServicesSold": "2290000000", "operatingIncome": "673000000", "sellingGeneralAndAdministrative": "343000000", "researchAndDevelopment": "0", "operatingExpenses": "709000000", "investmentIncomeNet": "None", "netInterestIncome": "None", "interestIncome": "None", "interestExpense": "90000000", "nonInterestIncome": "None", "otherNonOperatingIncome": "-103000000", "depreciation": "None", "depreciationAndAmortization": "356000000", "incomeBeforeTax": "570000000", "incomeTaxExpense": "209000000", "interestAndDebtExpense": "None", "netIncomeFromContinuingOperations": "361000000", "comprehensiveIncomeNetOfTax": "None", "ebit": "678000000", "ebitda": "1034000000", "netIncome": "362000000"}, {"fiscalDateEnding": "2017-03-31", "reportedCurrency": "USD", "grossProfit": "1274000000", "totalRevenue": "3440000000", "costOfRevenue": "2166000000", "costofGoodsAndServicesSold": "2166000000", "operatingIncome": "558000000", "sellingGeneralAndAdministrative": "380000000", "researchAndDevelopment": "0", "operatingExpenses": "718000000", "investmentIncomeNet": "None", "netInterestIncome": "None", "interestIncome": "None", "interestExpense": "92000000", "nonInterestIncome": "None", "otherNonOperatingIncome": "-124000000", "depreciation": "None", "depreciationAndAmortization": "328000000", "incomeBeforeTax": "434000000", "incomeTaxExpense": "137000000", "interestAndDebtExpense": "None", "netIncomeFromContinuingOperations": "297000000", "comprehensiveIncomeNetOfTax": "None", "ebit": "556000000", "ebitda": "884000000", "netIncome": "298000000"}, {"fiscalDateEnding": "2016-12-31", "reportedCurrency": "USD", "grossProfit": "1313000000", "totalRevenue": "3460000000", "costOfRevenue": "2147000000", "costofGoodsAndServicesSold": "2147000000", "operatingIncome": "617000000", "sellingGeneralAndAdministrative": "364000000", "researchAndDevelopment": "0", "operatingExpenses": "691000000", "investmentIncomeNet": "None", "netInterestIncome": "None", "interestIncome": "None", "interestExpense": "94000000", "nonInterestIncome": "None", "otherNonOperatingIncome": "-107000000", "depreciation": "None", "depreciationAndAmortization": "313000000", "incomeBeforeTax": "510000000", "incomeTaxExpense": "176000000", "interestAndDebtExpense": "None", "netIncomeFromContinuingOperations": "334000000", "comprehensiveIncomeNetOfTax": "None", "ebit": "622000000", "ebitda": "935000000", "netIncome": "335000000"}, {"fiscalDateEnding": "2016-09-30", "reportedCurrency": "USD", "grossProfit": "1332000000", "totalRevenue": "3548000000", "costOfRevenue": "2216000000", "costofGoodsAndServicesSold": "2216000000", "operatingIncome": "560000000", "sellingGeneralAndAdministrative": "322000000", "researchAndDevelopment": "0", "operatingExpenses": "666000000", "investmentIncomeNet": "None", "netInterestIncome": "None", "interestIncome": "None", "interestExpense": "94000000", "nonInterestIncome": "None", "otherNonOperatingIncome": "-103000000", "depreciation": "None", "depreciationAndAmortization": "336000000", "incomeBeforeTax": "457000000", "incomeTaxExpense": "153000000", "interestAndDebtExpense": "None", "netIncomeFromContinuingOperations": "304000000", "comprehensiveIncomeNetOfTax": "None", "ebit": "666000000", "ebitda": "1002000000", "netIncome": "302000000"}, {"fiscalDateEnding": "2016-06-30", "reportedCurrency": "USD", "grossProfit": "1295000000", "totalRevenue": "3425000000", "costOfRevenue": "2130000000", "costofGoodsAndServicesSold": "2130000000", "operatingIncome": "611000000", "sellingGeneralAndAdministrative": "333000000", "researchAndDevelopment": "0", "operatingExpenses": "680000000", "investmentIncomeNet": "None", "netInterestIncome": "None", "interestIncome": "None", "interestExpense": "93000000", "nonInterestIncome": "None", "otherNonOperatingIncome": "-152000000", "depreciation": "None", "depreciationAndAmortization": "340000000", "incomeBeforeTax": "459000000", "incomeTaxExpense": "173000000", "interestAndDebtExpense": "None", "netIncomeFromContinuingOperations": "286000000", "comprehensiveIncomeNetOfTax": "None", "ebit": "615000000", "ebitda": "955000000", "netIncome": "287000000"}, {"fiscalDateEnding": "2016-03-31", "reportedCurrency": "USD", "grossProfit": "1183000000", "totalRevenue": "3176000000", "costOfRevenue": "1993000000", "costofGoodsAndServicesSold": "1993000000", "operatingIncome": "508000000", "sellingGeneralAndAdministrative": "351000000", "researchAndDevelopment": "0", "operatingExpenses": "674000000", "investmentIncomeNet": "None", "netInterestIncome": "None", "interestIncome": "None", "interestExpense": "95000000", "nonInterestIncome": "None", "otherNonOperatingIncome": "-112000000", "depreciation": "None", "depreciationAndAmortization": "312000000", "incomeBeforeTax": "396000000", "incomeTaxExpense": "140000000", "interestAndDebtExpense": "None", "netIncomeFromContinuingOperations": "256000000", "comprehensiveIncomeNetOfTax": "None", "ebit": "509000000", "ebitda": "821000000", "netIncome": "258000000"}, {"fiscalDateEnding": "2015-12-31", "reportedCurrency": "USD", "grossProfit": "1219000000", "totalRevenue": "3246000000", "costOfRevenue": "2027000000", "costofGoodsAndServicesSold": "2027000000", "operatingIncome": "502000000", "sellingGeneralAndAdministrative": "333000000", "researchAndDevelopment": "0", "operatingExpenses": "644000000", "investmentIncomeNet": "None", "netInterestIncome": "None", "interestIncome": "None", "interestExpense": "91000000", "nonInterestIncome": "None", "otherNonOperatingIncome": "-105000000", "depreciation": "None", "depreciationAndAmortization": "301000000", "incomeBeforeTax": "397000000", "incomeTaxExpense": "124000000", "interestAndDebtExpense": "None", "netIncomeFromContinuingOperations": "273000000", "comprehensiveIncomeNetOfTax": "None", "ebit": "488000000", "ebitda": "789000000", "netIncome": "273000000"}, {"fiscalDateEnding": "2015-09-30", "reportedCurrency": "USD", "grossProfit": "1265000000", "totalRevenue": "3360000000", "costOfRevenue": "2095000000", "costofGoodsAndServicesSold": "2095000000", "operatingIncome": "601000000", "sellingGeneralAndAdministrative": "322000000", "researchAndDevelopment": "0", "operatingExpenses": "660000000", "investmentIncomeNet": "None", "netInterestIncome": "None", "interestIncome": "None", "interestExpense": "95000000", "nonInterestIncome": "None", "otherNonOperatingIncome": "-105000000", "depreciation": "None", "depreciationAndAmortization": "330000000", "incomeBeforeTax": "496000000", "incomeTaxExpense": "159000000", "interestAndDebtExpense": "None", "netIncomeFromContinuingOperations": "337000000", "comprehensiveIncomeNetOfTax": "None", "ebit": "605000000", "ebitda": "935000000", "netIncome": "335000000"}, {"fiscalDateEnding": "2015-06-30", "reportedCurrency": "USD", "grossProfit": "1152000000", "totalRevenue": "3315000000", "costOfRevenue": "2163000000", "costofGoodsAndServicesSold": "2163000000", "operatingIncome": "502000000", "sellingGeneralAndAdministrative": "316000000", "researchAndDevelopment": "0", "operatingExpenses": "644000000", "investmentIncomeNet": "None", "netInterestIncome": "None", "interestIncome": "None", "interestExpense": "95000000", "nonInterestIncome": "None", "otherNonOperatingIncome": "-113000000", "depreciation": "None", "depreciationAndAmortization": "322000000", "incomeBeforeTax": "389000000", "incomeTaxExpense": "116000000", "interestAndDebtExpense": "None", "netIncomeFromContinuingOperations": "273000000", "comprehensiveIncomeNetOfTax": "None", "ebit": "508000000", "ebitda": "830000000", "netIncome": "274000000"}, {"fiscalDateEnding": "2015-03-31", "reportedCurrency": "USD", "grossProfit": "1094000000", "totalRevenue": "3040000000", "costOfRevenue": "1946000000", "costofGoodsAndServicesSold": "1946000000", "operatingIncome": "440000000", "sellingGeneralAndAdministrative": "336000000", "researchAndDevelopment": "0", "operatingExpenses": "640000000", "investmentIncomeNet": "None", "netInterestIncome": "None", "interestIncome": "None", "interestExpense": "104000000", "nonInterestIncome": "None", "otherNonOperatingIncome": "-662000000", "depreciation": "None", "depreciationAndAmortization": "292000000", "incomeBeforeTax": "-222000000", "incomeTaxExpense": "-91000000", "interestAndDebtExpense": "None", "netIncomeFromContinuingOperations": "-131000000", "comprehensiveIncomeNetOfTax": "None", "ebit": "-324000000", "ebitda": "-32000000", "netIncome": "-129000000"}, {"fiscalDateEnding": "2014-12-31", "reportedCurrency": "USD", "grossProfit": "1267000000", "totalRevenue": "3437000000", "costOfRevenue": "2170000000", "costofGoodsAndServicesSold": "2170000000", "operatingIncome": "752000000", "sellingGeneralAndAdministrative": "366000000", "researchAndDevelopment": "0", "operatingExpenses": "683000000", "investmentIncomeNet": "None", "netInterestIncome": "None", "interestIncome": "None", "interestExpense": "115000000", "nonInterestIncome": "None", "otherNonOperatingIncome": "-153000000", "depreciation": "None", "depreciationAndAmortization": "307000000", "incomeBeforeTax": "599000000", "incomeTaxExpense": "1000000", "interestAndDebtExpense": "None", "netIncomeFromContinuingOperations": "598000000", "comprehensiveIncomeNetOfTax": "None", "ebit": "713000000", "ebitda": "1020000000", "netIncome": "590000000"}, {"fiscalDateEnding": "2014-09-30", "reportedCurrency": "USD", "grossProfit": "1303000000", "totalRevenue": "3602000000", "costOfRevenue": "2299000000", "costofGoodsAndServicesSold": "2299000000", "operatingIncome": "546000000", "sellingGeneralAndAdministrative": "365000000", "researchAndDevelopment": "0", "operatingExpenses": "706000000", "investmentIncomeNet": "None", "netInterestIncome": "None", "interestIncome": "None", "interestExpense": "116000000", "nonInterestIncome": "None", "otherNonOperatingIncome": "-132000000", "depreciation": "None", "depreciationAndAmortization": "329000000", "incomeBeforeTax": "414000000", "incomeTaxExpense": "133000000", "interestAndDebtExpense": "None", "netIncomeFromContinuingOperations": "281000000", "comprehensiveIncomeNetOfTax": "None", "ebit": "597000000", "ebitda": "926000000", "netIncome": "270000000"}, {"fiscalDateEnding": "2014-06-30", "reportedCurrency": "USD", "grossProfit": "1260000000", "totalRevenue": "3561000000", "costOfRevenue": "2301000000", "costofGoodsAndServicesSold": "2301000000", "operatingIncome": "532000000", "sellingGeneralAndAdministrative": "347000000", "researchAndDevelopment": "0", "operatingExpenses": "692000000", "investmentIncomeNet": "None", "netInterestIncome": "None", "interestIncome": "None", "interestExpense": "115000000", "nonInterestIncome": "None", "otherNonOperatingIncome": "-130000000", "depreciation": "None", "depreciationAndAmortization": "339000000", "incomeBeforeTax": "402000000", "incomeTaxExpense": "180000000", "interestAndDebtExpense": "None", "netIncomeFromContinuingOperations": "222000000", "comprehensiveIncomeNetOfTax": "None", "ebit": "568000000", "ebitda": "907000000", "netIncome": "210000000"}, {"fiscalDateEnding": "2014-03-31", "reportedCurrency": "USD", "grossProfit": "1164000000", "totalRevenue": "3396000000", "costOfRevenue": "2232000000", "costofGoodsAndServicesSold": "2232000000", "operatingIncome": "469000000", "sellingGeneralAndAdministrative": "362000000", "researchAndDevelopment": "0", "operatingExpenses": "692000000", "investmentIncomeNet": "None", "netInterestIncome": "None", "interestIncome": "None", "interestExpense": "122000000", "nonInterestIncome": "None", "otherNonOperatingIncome": "-133000000", "depreciation": "None", "depreciationAndAmortization": "317000000", "incomeBeforeTax": "336000000", "incomeTaxExpense": "99000000", "interestAndDebtExpense": "None", "netIncomeFromContinuingOperations": "237000000", "comprehensiveIncomeNetOfTax": "None", "ebit": "472000000", "ebitda": "789000000", "netIncome": "228000000"}, {"fiscalDateEnding": "2013-12-31", "reportedCurrency": "USD", "grossProfit": "1233000000", "totalRevenue": "3500000000", "costOfRevenue": "2267000000", "costofGoodsAndServicesSold": "2267000000", "operatingIncome": "-410000000", "sellingGeneralAndAdministrative": "363000000", "researchAndDevelopment": "0", "operatingExpenses": "703000000", "investmentIncomeNet": "None", "netInterestIncome": "None", "interestIncome": "None", "interestExpense": "118000000", "nonInterestIncome": "None", "otherNonOperatingIncome": "-193000000", "depreciation": "None", "depreciationAndAmortization": "327000000", "incomeBeforeTax": "-603000000", "incomeTaxExpense": "-4000000", "interestAndDebtExpense": "None", "netIncomeFromContinuingOperations": "-599000000", "comprehensiveIncomeNetOfTax": "None", "ebit": "-485000000", "ebitda": "-158000000", "netIncome": "-605000000"}, {"fiscalDateEnding": "2013-09-30", "reportedCurrency": "USD", "grossProfit": "1296000000", "totalRevenue": "3621000000", "costOfRevenue": "2325000000", "costofGoodsAndServicesSold": "2325000000", "operatingIncome": "577000000", "sellingGeneralAndAdministrative": "347000000", "researchAndDevelopment": "0", "operatingExpenses": "693000000", "investmentIncomeNet": "None", "netInterestIncome": "None", "interestIncome": "None", "interestExpense": "119000000", "nonInterestIncome": "None", "otherNonOperatingIncome": "-125000000", "depreciation": "None", "depreciationAndAmortization": "344000000", "incomeBeforeTax": "452000000", "incomeTaxExpense": "155000000", "interestAndDebtExpense": "None", "netIncomeFromContinuingOperations": "297000000", "comprehensiveIncomeNetOfTax": "None", "ebit": "603000000", "ebitda": "947000000", "netIncome": "291000000"}, {"fiscalDateEnding": "2013-06-30", "reportedCurrency": "USD", "grossProfit": "1215000000", "totalRevenue": "3526000000", "costOfRevenue": "2311000000", "costofGoodsAndServicesSold": "2311000000", "operatingIncome": "510000000", "sellingGeneralAndAdministrative": "347000000", "researchAndDevelopment": "0", "operatingExpenses": "692000000", "investmentIncomeNet": "None", "netInterestIncome": "None", "interestIncome": "None", "interestExpense": "122000000", "nonInterestIncome": "None", "otherNonOperatingIncome": "-127000000", "depreciation": "None", "depreciationAndAmortization": "339000000", "incomeBeforeTax": "383000000", "incomeTaxExpense": "127000000", "interestAndDebtExpense": "None", "netIncomeFromContinuingOperations": "256000000", "comprehensiveIncomeNetOfTax": "None", "ebit": "518000000", "ebitda": "857000000", "netIncome": "244000000"}, {"fiscalDateEnding": "2013-03-31", "reportedCurrency": "USD", "grossProfit": "1127000000", "totalRevenue": "3336000000", "costOfRevenue": "2209000000", "costofGoodsAndServicesSold": "2209000000", "operatingIncome": "402000000", "sellingGeneralAndAdministrative": "370000000", "researchAndDevelopment": "0", "operatingExpenses": "713000000", "investmentIncomeNet": "None", "netInterestIncome": "None", "interestIncome": "None", "interestExpense": "122000000", "nonInterestIncome": "None", "otherNonOperatingIncome": "-140000000", "depreciation": "None", "depreciationAndAmortization": "323000000", "incomeBeforeTax": "262000000", "incomeTaxExpense": "86000000", "interestAndDebtExpense": "None", "netIncomeFromContinuingOperations": "176000000", "comprehensiveIncomeNetOfTax": "None", "ebit": "383000000", "ebitda": "706000000", "netIncome": "168000000"}, {"fiscalDateEnding": "2012-12-31", "reportedCurrency": "USD", "grossProfit": "1210000000", "totalRevenue": "3434000000", "costOfRevenue": "2224000000", "costofGoodsAndServicesSold": "2224000000", "operatingIncome": "484000000", "sellingGeneralAndAdministrative": "356000000", "researchAndDevelopment": "0", "operatingExpenses": "682000000", "investmentIncomeNet": "None", "netInterestIncome": "None", "interestIncome": "None", "interestExpense": "122000000", "nonInterestIncome": "None", "otherNonOperatingIncome": "-135000000", "depreciation": "None", "depreciationAndAmortization": "326000000", "incomeBeforeTax": "349000000", "incomeTaxExpense": "114000000", "interestAndDebtExpense": "None", "netIncomeFromContinuingOperations": "235000000", "comprehensiveIncomeNetOfTax": "None", "ebit": "499000000", "ebitda": "825000000", "netIncome": "224000000"}, {"fiscalDateEnding": "2012-09-30", "reportedCurrency": "USD", "grossProfit": "1232000000", "totalRevenue": "3461000000", "costOfRevenue": "2229000000", "costofGoodsAndServicesSold": "2229000000", "operatingIncome": "500000000", "sellingGeneralAndAdministrative": "322000000", "researchAndDevelopment": "0", "operatingExpenses": "666000000", "investmentIncomeNet": "None", "netInterestIncome": "None", "interestIncome": "None", "interestExpense": "123000000", "nonInterestIncome": "None", "otherNonOperatingIncome": "-152000000", "depreciation": "None", "depreciationAndAmortization": "331000000", "incomeBeforeTax": "348000000", "incomeTaxExpense": "125000000", "interestAndDebtExpense": "None", "netIncomeFromContinuingOperations": "223000000", "comprehensiveIncomeNetOfTax": "None", "ebit": "551000000", "ebitda": "882000000", "netIncome": "214000000"}, {"fiscalDateEnding": "2012-06-30", "reportedCurrency": "USD", "grossProfit": "1199000000", "totalRevenue": "3459000000", "costOfRevenue": "2260000000", "costofGoodsAndServicesSold": "2260000000", "operatingIncome": "466000000", "sellingGeneralAndAdministrative": "360000000", "researchAndDevelopment": "0", "operatingExpenses": "730000000", "investmentIncomeNet": "None", "netInterestIncome": "None", "interestIncome": "None", "interestExpense": "121000000", "nonInterestIncome": "None", "otherNonOperatingIncome": "-132000000", "depreciation": "None", "depreciationAndAmortization": "323000000", "incomeBeforeTax": "334000000", "incomeTaxExpense": "115000000", "interestAndDebtExpense": "None", "netIncomeFromContinuingOperations": "219000000", "comprehensiveIncomeNetOfTax": "None", "ebit": "455000000", "ebitda": "778000000", "netIncome": "208000000"}, {"fiscalDateEnding": "2012-03-31", "reportedCurrency": "USD", "grossProfit": "1129000000", "totalRevenue": "3295000000", "costOfRevenue": "2166000000", "costofGoodsAndServicesSold": "2166000000", "operatingIncome": "401000000", "sellingGeneralAndAdministrative": "392000000", "researchAndDevelopment": "0", "operatingExpenses": "724000000", "investmentIncomeNet": "None", "netInterestIncome": "None", "interestIncome": "None", "interestExpense": "122000000", "nonInterestIncome": "None", "otherNonOperatingIncome": "-129000000", "depreciation": "None", "depreciationAndAmortization": "317000000", "incomeBeforeTax": "272000000", "incomeTaxExpense": "89000000", "interestAndDebtExpense": "None", "netIncomeFromContinuingOperations": "183000000", "comprehensiveIncomeNetOfTax": "None", "ebit": "394000000", "ebitda": "711000000", "netIncome": "171000000"}, {"fiscalDateEnding": "2011-12-31", "reportedCurrency": "USD", "grossProfit": "1261000000", "totalRevenue": "3406000000", "costOfRevenue": "2145000000", "costofGoodsAndServicesSold": "2145000000", "operatingIncome": "552000000", "sellingGeneralAndAdministrative": "407000000", "researchAndDevelopment": "0", "operatingExpenses": "701000000", "investmentIncomeNet": "None", "netInterestIncome": "None", "interestIncome": "None", "interestExpense": "123000000", "nonInterestIncome": "None", "otherNonOperatingIncome": "-261000000", "depreciation": "None", "depreciationAndAmortization": "294000000", "incomeBeforeTax": "412000000", "incomeTaxExpense": "134000000", "interestAndDebtExpense": "None", "netIncomeFromContinuingOperations": "278000000", "comprehensiveIncomeNetOfTax": "None", "ebit": "535000000", "ebitda": "829000000", "netIncome": "266000000"}, {"fiscalDateEnding": "2011-09-30", "reportedCurrency": "USD", "grossProfit": "1261000000", "totalRevenue": "3522000000", "costOfRevenue": "2261000000", "costofGoodsAndServicesSold": "2261000000", "operatingIncome": "543000000", "sellingGeneralAndAdministrative": "380000000", "researchAndDevelopment": "0", "operatingExpenses": "697000000", "investmentIncomeNet": "None", "netInterestIncome": "None", "interestIncome": "None", "interestExpense": "118000000", "nonInterestIncome": "None", "otherNonOperatingIncome": "-122000000", "depreciation": "None", "depreciationAndAmortization": "317000000", "incomeBeforeTax": "421000000", "incomeTaxExpense": "136000000", "interestAndDebtExpense": "None", "netIncomeFromContinuingOperations": "285000000", "comprehensiveIncomeNetOfTax": "None", "ebit": "539000000", "ebitda": "856000000", "netIncome": "272000000"}, {"fiscalDateEnding": "2011-06-30", "reportedCurrency": "USD", "grossProfit": "1207000000", "totalRevenue": "3347000000", "costOfRevenue": "2140000000", "costofGoodsAndServicesSold": "2140000000", "operatingIncome": "506000000", "sellingGeneralAndAdministrative": "382000000", "researchAndDevelopment": "0", "operatingExpenses": "701000000", "investmentIncomeNet": "None", "netInterestIncome": "None", "interestIncome": "None", "interestExpense": "119000000", "nonInterestIncome": "None", "otherNonOperatingIncome": "-125000000", "depreciation": "None", "depreciationAndAmortization": "319000000", "incomeBeforeTax": "381000000", "incomeTaxExpense": "131000000", "interestAndDebtExpense": "None", "netIncomeFromContinuingOperations": "250000000", "comprehensiveIncomeNetOfTax": "None", "ebit": "500000000", "ebitda": "819000000", "netIncome": "237000000"}, {"fiscalDateEnding": "2011-03-31", "reportedCurrency": "USD", "grossProfit": "1108000000", "totalRevenue": "3103000000", "costOfRevenue": "1995000000", "costofGoodsAndServicesSold": "1995000000", "operatingIncome": "427000000", "sellingGeneralAndAdministrative": "382000000", "researchAndDevelopment": "0", "operatingExpenses": "681000000", "investmentIncomeNet": "None", "netInterestIncome": "None", "interestIncome": "None", "interestExpense": "121000000", "nonInterestIncome": "None", "otherNonOperatingIncome": "None", "depreciation": "None", "depreciationAndAmortization": "299000000", "incomeBeforeTax": "306000000", "incomeTaxExpense": "110000000", "interestAndDebtExpense": "None", "netIncomeFromContinuingOperations": "196000000", "comprehensiveIncomeNetOfTax": "None", "ebit": "427000000", "ebitda": "726000000", "netIncome": "186000000"}, {"fiscalDateEnding": "2010-12-31", "reportedCurrency": "USD", "grossProfit": "1246000000", "totalRevenue": "3187000000", "costOfRevenue": "1941000000", "costofGoodsAndServicesSold": "1941000000", "operatingIncome": "574000000", "sellingGeneralAndAdministrative": "396000000", "researchAndDevelopment": "0", "operatingExpenses": "673000000", "investmentIncomeNet": "None", "netInterestIncome": "None", "interestIncome": "None", "interestExpense": "119000000", "nonInterestIncome": "None", "otherNonOperatingIncome": "-1000000", "depreciation": "None", "depreciationAndAmortization": "277000000", "incomeBeforeTax": "454000000", "incomeTaxExpense": "160000000", "interestAndDebtExpense": "None", "netIncomeFromContinuingOperations": "294000000", "comprehensiveIncomeNetOfTax": "None", "ebit": "573000000", "ebitda": "850000000", "netIncome": "281000000"}, {"fiscalDateEnding": "2010-09-30", "reportedCurrency": "USD", "grossProfit": "1229000000", "totalRevenue": "3235000000", "costOfRevenue": "2006000000", "costofGoodsAndServicesSold": "2006000000", "operatingIncome": "544000000", "sellingGeneralAndAdministrative": "369000000", "researchAndDevelopment": "0", "operatingExpenses": "686000000", "investmentIncomeNet": "None", "netInterestIncome": "None", "interestIncome": "None", "interestExpense": "126000000", "nonInterestIncome": "None", "otherNonOperatingIncome": "-7000000", "depreciation": "None", "depreciationAndAmortization": "317000000", "incomeBeforeTax": "411000000", "incomeTaxExpense": "153000000", "interestAndDebtExpense": "None", "netIncomeFromContinuingOperations": "258000000", "comprehensiveIncomeNetOfTax": "None", "ebit": "537000000", "ebitda": "854000000", "netIncome": "244000000"}, {"fiscalDateEnding": "2010-06-30", "reportedCurrency": "USD", "grossProfit": "1162000000", "totalRevenue": "3158000000", "costOfRevenue": "1996000000", "costofGoodsAndServicesSold": "1996000000", "operatingIncome": "586000000", "sellingGeneralAndAdministrative": "345000000", "researchAndDevelopment": "0", "operatingExpenses": "654000000", "investmentIncomeNet": "None", "netInterestIncome": "None", "interestIncome": "None", "interestExpense": "116000000", "nonInterestIncome": "None", "otherNonOperatingIncome": "-6000000", "depreciation": "None", "depreciationAndAmortization": "309000000", "incomeBeforeTax": "464000000", "incomeTaxExpense": "206000000", "interestAndDebtExpense": "None", "netIncomeFromContinuingOperations": "258000000", "comprehensiveIncomeNetOfTax": "None", "ebit": "580000000", "ebitda": "889000000", "netIncome": "246000000"}, {"fiscalDateEnding": "2010-03-31", "reportedCurrency": "USD", "grossProfit": "1054000000", "totalRevenue": "2935000000", "costOfRevenue": "1881000000", "costofGoodsAndServicesSold": "1881000000", "operatingIncome": "412000000", "sellingGeneralAndAdministrative": "351000000", "researchAndDevelopment": "0", "operatingExpenses": "642000000", "investmentIncomeNet": "None", "netInterestIncome": "None", "interestIncome": "None", "interestExpense": "112000000", "nonInterestIncome": "None", "otherNonOperatingIncome": "2000000", "depreciation": "None", "depreciationAndAmortization": "291000000", "incomeBeforeTax": "302000000", "incomeTaxExpense": "110000000", "interestAndDebtExpense": "None", "netIncomeFromContinuingOperations": "192000000", "comprehensiveIncomeNetOfTax": "None", "ebit": "414000000", "ebitda": "705000000", "netIncome": "182000000"}, {"fiscalDateEnding": "2009-12-31", "reportedCurrency": "USD", "grossProfit": "1132000000", "totalRevenue": "3006000000", "costOfRevenue": "1874000000", "costofGoodsAndServicesSold": "1874000000", "operatingIncome": "456000000", "sellingGeneralAndAdministrative": "365000000", "researchAndDevelopment": "0", "operatingExpenses": "639000000", "investmentIncomeNet": "None", "netInterestIncome": "None", "interestIncome": "None", "interestExpense": "110000000", "nonInterestIncome": "None", "otherNonOperatingIncome": "None", "depreciation": "None", "depreciationAndAmortization": "274000000", "incomeBeforeTax": "347000000", "incomeTaxExpense": "16000000", "interestAndDebtExpense": "None", "netIncomeFromContinuingOperations": "0", "comprehensiveIncomeNetOfTax": "None", "ebit": "457000000", "ebitda": "731000000", "netIncome": "315000000"}, {"fiscalDateEnding": "2009-09-30", "reportedCurrency": "USD", "grossProfit": "1167000000", "totalRevenue": "3023000000", "costOfRevenue": "1856000000", "costofGoodsAndServicesSold": "1856000000", "operatingIncome": "525000000", "sellingGeneralAndAdministrative": "339000000", "researchAndDevelopment": "0", "operatingExpenses": "640000000", "investmentIncomeNet": "None", "netInterestIncome": "None", "interestIncome": "None", "interestExpense": "104000000", "nonInterestIncome": "None", "otherNonOperatingIncome": "4000000", "depreciation": "None", "depreciationAndAmortization": "301000000", "incomeBeforeTax": "425000000", "incomeTaxExpense": "133000000", "interestAndDebtExpense": "None", "netIncomeFromContinuingOperations": "292000000", "comprehensiveIncomeNetOfTax": "None", "ebit": "529000000", "ebitda": "830000000", "netIncome": "277000000"}, {"fiscalDateEnding": "2009-06-30", "reportedCurrency": "USD", "grossProfit": "1166000000", "totalRevenue": "2952000000", "costOfRevenue": "1786000000", "costofGoodsAndServicesSold": "1786000000", "operatingIncome": "534000000", "sellingGeneralAndAdministrative": "323000000", "researchAndDevelopment": "0", "operatingExpenses": "625000000", "investmentIncomeNet": "None", "netInterestIncome": "None", "interestIncome": "None", "interestExpense": "107000000", "nonInterestIncome": "None", "otherNonOperatingIncome": "3000000", "depreciation": "None", "depreciationAndAmortization": "302000000", "incomeBeforeTax": "430000000", "incomeTaxExpense": "163000000", "interestAndDebtExpense": "None", "netIncomeFromContinuingOperations": "267000000", "comprehensiveIncomeNetOfTax": "None", "ebit": "537000000", "ebitda": "839000000", "netIncome": "247000000"}, {"fiscalDateEnding": "2009-03-31", "reportedCurrency": "USD", "grossProfit": "1085000000", "totalRevenue": "2810000000", "costOfRevenue": "1725000000", "costofGoodsAndServicesSold": "1725000000", "operatingIncome": "372000000", "sellingGeneralAndAdministrative": "337000000", "researchAndDevelopment": "0", "operatingExpenses": "626000000", "investmentIncomeNet": "None", "netInterestIncome": "None", "interestIncome": "None", "interestExpense": "105000000", "nonInterestIncome": "None", "otherNonOperatingIncome": "None", "depreciation": "None", "depreciationAndAmortization": "289000000", "incomeBeforeTax": "271000000", "incomeTaxExpense": "101000000", "interestAndDebtExpense": "None", "netIncomeFromContinuingOperations": "0", "comprehensiveIncomeNetOfTax": "None", "ebit": "376000000", "ebitda": "665000000", "netIncome": "155000000"}, {"fiscalDateEnding": "2008-12-31", "reportedCurrency": "USD", "grossProfit": "1136000000", "totalRevenue": "3108000000", "costOfRevenue": "1972000000", "costofGoodsAndServicesSold": "1972000000", "operatingIncome": "459000000", "sellingGeneralAndAdministrative": "382000000", "researchAndDevelopment": "0", "operatingExpenses": "704000000", "investmentIncomeNet": "None", "netInterestIncome": "None", "interestIncome": "None", "interestExpense": "118000000", "nonInterestIncome": "None", "otherNonOperatingIncome": "None", "depreciation": "None", "depreciationAndAmortization": "297000000", "incomeBeforeTax": "343000000", "incomeTaxExpense": "125000000", "interestAndDebtExpense": "None", "netIncomeFromContinuingOperations": "0", "comprehensiveIncomeNetOfTax": "None", "ebit": "436000000", "ebitda": "733000000", "netIncome": "218000000"}, {"fiscalDateEnding": "2008-09-30", "reportedCurrency": "USD", "grossProfit": "1304000000", "totalRevenue": "3525000000", "costOfRevenue": "2221000000", "costofGoodsAndServicesSold": "2221000000", "operatingIncome": "632000000", "sellingGeneralAndAdministrative": "369000000", "researchAndDevelopment": "0", "operatingExpenses": "672000000", "investmentIncomeNet": "None", "netInterestIncome": "None", "interestIncome": "None", "interestExpense": "114000000", "nonInterestIncome": "None", "otherNonOperatingIncome": "None", "depreciation": "None", "depreciationAndAmortization": "326000000", "incomeBeforeTax": "511000000", "incomeTaxExpense": "201000000", "interestAndDebtExpense": "None", "netIncomeFromContinuingOperations": "0", "comprehensiveIncomeNetOfTax": "None", "ebit": "632000000", "ebitda": "958000000", "netIncome": "310000000"}, {"fiscalDateEnding": "2008-06-30", "reportedCurrency": "USD", "grossProfit": "1308000000", "totalRevenue": "3489000000", "costOfRevenue": "2181000000", "costofGoodsAndServicesSold": "2181000000", "operatingIncome": "632000000", "sellingGeneralAndAdministrative": "358000000", "researchAndDevelopment": "0", "operatingExpenses": "676000000", "investmentIncomeNet": "None", "netInterestIncome": "None", "interestIncome": "None", "interestExpense": "105000000", "nonInterestIncome": "None", "otherNonOperatingIncome": "None", "depreciation": "None", "depreciationAndAmortization": "318000000", "incomeBeforeTax": "517000000", "incomeTaxExpense": "199000000", "interestAndDebtExpense": "None", "netIncomeFromContinuingOperations": "0", "comprehensiveIncomeNetOfTax": "None", "ebit": "631000000", "ebitda": "949000000", "netIncome": "318000000"}, {"fiscalDateEnding": "2008-03-31", "reportedCurrency": "USD", "grossProfit": "1174000000", "totalRevenue": "3266000000", "costOfRevenue": "2092000000", "costofGoodsAndServicesSold": "2092000000", "operatingIncome": "511000000", "sellingGeneralAndAdministrative": "368000000", "researchAndDevelopment": "0", "operatingExpenses": "663000000", "investmentIncomeNet": "None", "netInterestIncome": "None", "interestIncome": "None", "interestExpense": "122000000", "nonInterestIncome": "None", "otherNonOperatingIncome": "None", "depreciation": "None", "depreciationAndAmortization": "297000000", "incomeBeforeTax": "385000000", "incomeTaxExpense": "144000000", "interestAndDebtExpense": "None", "netIncomeFromContinuingOperations": "0", "comprehensiveIncomeNetOfTax": "None", "ebit": "511000000", "ebitda": "808000000", "netIncome": "241000000"}, {"fiscalDateEnding": "2007-12-31", "reportedCurrency": "USD", "grossProfit": "1228000000", "totalRevenue": "3361000000", "costOfRevenue": "2133000000", "costofGoodsAndServicesSold": "2133000000", "operatingIncome": "575000000", "sellingGeneralAndAdministrative": "371000000", "researchAndDevelopment": "0", "operatingExpenses": "712000000", "investmentIncomeNet": "None", "netInterestIncome": "None", "interestIncome": "None", "interestExpense": "132000000", "nonInterestIncome": "None", "otherNonOperatingIncome": "None", "depreciation": "None", "depreciationAndAmortization": "296000000", "incomeBeforeTax": "456000000", "incomeTaxExpense": "147000000", "interestAndDebtExpense": "None", "netIncomeFromContinuingOperations": "0", "comprehensiveIncomeNetOfTax": "None", "ebit": "516000000", "ebitda": "812000000", "netIncome": "309000000"}, {"fiscalDateEnding": "2007-09-30", "reportedCurrency": "USD", "grossProfit": "1260000000", "totalRevenue": "3403000000", "costOfRevenue": "2143000000", "costofGoodsAndServicesSold": "2143000000", "operatingIncome": "565000000", "sellingGeneralAndAdministrative": "365000000", "researchAndDevelopment": "0", "operatingExpenses": "695000000", "investmentIncomeNet": "None", "netInterestIncome": "None", "interestIncome": "None", "interestExpense": "128000000", "nonInterestIncome": "None", "otherNonOperatingIncome": "None", "depreciation": "None", "depreciationAndAmortization": "331000000", "incomeBeforeTax": "436000000", "incomeTaxExpense": "158000000", "interestAndDebtExpense": "None", "netIncomeFromContinuingOperations": "0", "comprehensiveIncomeNetOfTax": "None", "ebit": "565000000", "ebitda": "896000000", "netIncome": "278000000"}, {"fiscalDateEnding": "2007-06-30", "reportedCurrency": "USD", "grossProfit": "1266000000", "totalRevenue": "3358000000", "costOfRevenue": "2092000000", "costofGoodsAndServicesSold": "2092000000", "operatingIncome": "633000000", "sellingGeneralAndAdministrative": "343000000", "researchAndDevelopment": "0", "operatingExpenses": "632000000", "investmentIncomeNet": "None", "netInterestIncome": "None", "interestIncome": "None", "interestExpense": "132000000", "nonInterestIncome": "None", "otherNonOperatingIncome": "None", "depreciation": "None", "depreciationAndAmortization": "322000000", "incomeBeforeTax": "480000000", "incomeTaxExpense": "142000000", "interestAndDebtExpense": "None", "netIncomeFromContinuingOperations": "0", "comprehensiveIncomeNetOfTax": "None", "ebit": "634000000", "ebitda": "956000000", "netIncome": "338000000"}, {"fiscalDateEnding": "2007-03-31", "reportedCurrency": "USD", "grossProfit": "1154000000", "totalRevenue": "3188000000", "costOfRevenue": "2034000000", "costofGoodsAndServicesSold": "2034000000", "operatingIncome": "481000000", "sellingGeneralAndAdministrative": "353000000", "researchAndDevelopment": "0", "operatingExpenses": "664000000", "investmentIncomeNet": "None", "netInterestIncome": "None", "interestIncome": "None", "interestExpense": "135000000", "nonInterestIncome": "None", "otherNonOperatingIncome": "None", "depreciation": "None", "depreciationAndAmortization": "310000000", "incomeBeforeTax": "331000000", "incomeTaxExpense": "109000000", "interestAndDebtExpense": "None", "netIncomeFromContinuingOperations": "0", "comprehensiveIncomeNetOfTax": "None", "ebit": "490000000", "ebitda": "800000000", "netIncome": "222000000"}, {"fiscalDateEnding": "2006-12-31", "reportedCurrency": "USD", "grossProfit": "1176000000", "totalRevenue": "3283000000", "costOfRevenue": "2107000000", "costofGoodsAndServicesSold": "2107000000", "operatingIncome": "472000000", "sellingGeneralAndAdministrative": "348000000", "researchAndDevelopment": "0", "operatingExpenses": "640000000", "investmentIncomeNet": "None", "netInterestIncome": "None", "interestIncome": "None", "interestExpense": "545000000", "nonInterestIncome": "None", "otherNonOperatingIncome": "None", "depreciation": "None", "depreciationAndAmortization": "321000000", "incomeBeforeTax": "325000000", "incomeTaxExpense": "79000000", "interestAndDebtExpense": "None", "netIncomeFromContinuingOperations": "0", "comprehensiveIncomeNetOfTax": "None", "ebit": "536000000", "ebitda": "857000000", "netIncome": "246000000"}, {"fiscalDateEnding": "2006-09-30", "reportedCurrency": "USD", "grossProfit": "1260000000", "totalRevenue": "3441000000", "costOfRevenue": "2181000000", "costofGoodsAndServicesSold": "2181000000", "operatingIncome": "557000000", "sellingGeneralAndAdministrative": "344000000", "researchAndDevelopment": "0", "operatingExpenses": "700000000", "investmentIncomeNet": "None", "netInterestIncome": "None", "interestIncome": "None", "interestExpense": "138000000", "nonInterestIncome": "None", "otherNonOperatingIncome": "None", "depreciation": "None", "depreciationAndAmortization": "340000000", "incomeBeforeTax": "413000000", "incomeTaxExpense": "113000000", "interestAndDebtExpense": "None", "netIncomeFromContinuingOperations": "0", "comprehensiveIncomeNetOfTax": "None", "ebit": "557000000", "ebitda": "897000000", "netIncome": "300000000"}, {"fiscalDateEnding": "2006-06-30", "reportedCurrency": "USD", "grossProfit": "1211000000", "totalRevenue": "3410000000", "costOfRevenue": "2199000000", "costofGoodsAndServicesSold": "2199000000", "operatingIncome": "565000000", "sellingGeneralAndAdministrative": "328000000", "researchAndDevelopment": "0", "operatingExpenses": "646000000", "investmentIncomeNet": "None", "netInterestIncome": "None", "interestIncome": "None", "interestExpense": "138000000", "nonInterestIncome": "None", "otherNonOperatingIncome": "None", "depreciation": "None", "depreciationAndAmortization": "345000000", "incomeBeforeTax": "447000000", "incomeTaxExpense": "30000000", "interestAndDebtExpense": "None", "netIncomeFromContinuingOperations": "0", "comprehensiveIncomeNetOfTax": "None", "ebit": "565000000", "ebitda": "910000000", "netIncome": "417000000"}, {"fiscalDateEnding": "2006-03-31", "reportedCurrency": "USD", "grossProfit": "1129000000", "totalRevenue": "3229000000", "costOfRevenue": "2100000000", "costofGoodsAndServicesSold": "2100000000", "operatingIncome": "435000000", "sellingGeneralAndAdministrative": "368000000", "researchAndDevelopment": "0", "operatingExpenses": "694000000", "investmentIncomeNet": "None", "netInterestIncome": "None", "interestIncome": "None", "interestExpense": "136000000", "nonInterestIncome": "None", "otherNonOperatingIncome": "None", "depreciation": "None", "depreciationAndAmortization": "328000000", "incomeBeforeTax": "289000000", "incomeTaxExpense": "103000000", "interestAndDebtExpense": "None", "netIncomeFromContinuingOperations": "0", "comprehensiveIncomeNetOfTax": "None", "ebit": "435000000", "ebitda": "763000000", "netIncome": "186000000"}, {"fiscalDateEnding": "2005-12-31", "reportedCurrency": "USD", "grossProfit": "1160000000", "totalRevenue": "3372000000", "costOfRevenue": "2212000000", "costofGoodsAndServicesSold": "2212000000", "operatingIncome": "499000000", "sellingGeneralAndAdministrative": "324000000", "researchAndDevelopment": "0", "operatingExpenses": "660000000", "investmentIncomeNet": "None", "netInterestIncome": "None", "interestIncome": "None", "interestExpense": "496000000", "nonInterestIncome": "None", "otherNonOperatingIncome": "None", "depreciation": "None", "depreciationAndAmortization": "325000000", "incomeBeforeTax": "341000000", "incomeTaxExpense": "51000000", "interestAndDebtExpense": "None", "netIncomeFromContinuingOperations": "0", "comprehensiveIncomeNetOfTax": "None", "ebit": "500000000", "ebitda": "825000000", "netIncome": "290000000"}, {"fiscalDateEnding": "2005-09-30", "reportedCurrency": "USD", "grossProfit": "1173000000", "totalRevenue": "3375000000", "costOfRevenue": "2202000000", "costofGoodsAndServicesSold": "2202000000", "operatingIncome": "382000000", "sellingGeneralAndAdministrative": "309000000", "researchAndDevelopment": "0", "operatingExpenses": "764000000", "investmentIncomeNet": "None", "netInterestIncome": "None", "interestIncome": "None", "interestExpense": "125000000", "nonInterestIncome": "None", "otherNonOperatingIncome": "None", "depreciation": "None", "depreciationAndAmortization": "369000000", "incomeBeforeTax": "226000000", "incomeTaxExpense": "11000000", "interestAndDebtExpense": "None", "netIncomeFromContinuingOperations": "0", "comprehensiveIncomeNetOfTax": "None", "ebit": "409000000", "ebitda": "778000000", "netIncome": "215000000"}, {"fiscalDateEnding": "2005-06-30", "reportedCurrency": "USD", "grossProfit": "1116000000", "totalRevenue": "3289000000", "costOfRevenue": "2173000000", "costofGoodsAndServicesSold": "2173000000", "operatingIncome": "463000000", "sellingGeneralAndAdministrative": "313000000", "researchAndDevelopment": "0", "operatingExpenses": "653000000", "investmentIncomeNet": "None", "netInterestIncome": "None", "interestIncome": "None", "interestExpense": "128000000", "nonInterestIncome": "None", "otherNonOperatingIncome": "None", "depreciation": "None", "depreciationAndAmortization": "346000000", "incomeBeforeTax": "305000000", "incomeTaxExpense": "-222000000", "interestAndDebtExpense": "None", "netIncomeFromContinuingOperations": "0", "comprehensiveIncomeNetOfTax": "None", "ebit": "463000000", "ebitda": "809000000", "netIncome": "527000000"}, {"fiscalDateEnding": "2005-03-31", "reportedCurrency": "USD", "grossProfit": "994000000", "totalRevenue": "3038000000", "costOfRevenue": "2044000000", "costofGoodsAndServicesSold": "2044000000", "operatingIncome": "366000000", "sellingGeneralAndAdministrative": "330000000", "researchAndDevelopment": "0", "operatingExpenses": "628000000", "investmentIncomeNet": "None", "netInterestIncome": "None", "interestIncome": "None", "interestExpense": "116000000", "nonInterestIncome": "None", "otherNonOperatingIncome": "None", "depreciation": "None", "depreciationAndAmortization": "321000000", "incomeBeforeTax": "220000000", "incomeTaxExpense": "70000000", "interestAndDebtExpense": "None", "netIncomeFromContinuingOperations": "0", "comprehensiveIncomeNetOfTax": "None", "ebit": "366000000", "ebitda": "687000000", "netIncome": "150000000"}, {"fiscalDateEnding": "2004-12-31", "reportedCurrency": "USD", "grossProfit": "1091000000", "totalRevenue": "3208000000", "costOfRevenue": "2117000000", "costofGoodsAndServicesSold": "2117000000", "operatingIncome": "448000000", "sellingGeneralAndAdministrative": "318000000", "researchAndDevelopment": "0", "operatingExpenses": "643000000", "investmentIncomeNet": "None", "netInterestIncome": "None", "interestIncome": "None", "interestExpense": "455000000", "nonInterestIncome": "None", "otherNonOperatingIncome": "None", "depreciation": "None", "depreciationAndAmortization": "318000000", "incomeBeforeTax": "338000000", "incomeTaxExpense": "69000000", "interestAndDebtExpense": "None", "netIncomeFromContinuingOperations": "0", "comprehensiveIncomeNetOfTax": "None", "ebit": "448000000", "ebitda": "766000000", "netIncome": "269000000"}]}