{"symbol": "GE", "annualReports": [{"fiscalDateEnding": "2024-12-31", "reportedCurrency": "USD", "grossProfit": "14394000000", "totalRevenue": "38702000000", "costOfRevenue": "24308000000", "costofGoodsAndServicesSold": "24308000000", "operatingIncome": "6657000000", "sellingGeneralAndAdministrative": "6347000000", "researchAndDevelopment": "1286000000", "operatingExpenses": "7633000000", "investmentIncomeNet": "None", "netInterestIncome": "-173000000", "interestIncome": "813000000", "interestExpense": "986000000", "nonInterestIncome": "None", "otherNonOperatingIncome": "None", "depreciation": "None", "depreciationAndAmortization": "1184000000", "incomeBeforeTax": "7620000000", "incomeTaxExpense": "962000000", "interestAndDebtExpense": "None", "netIncomeFromContinuingOperations": "6657000000", "comprehensiveIncomeNetOfTax": "None", "ebit": "8606000000", "ebitda": "9790000000", "netIncome": "6556000000"}, {"fiscalDateEnding": "2023-12-31", "reportedCurrency": "USD", "grossProfit": "17562000000", "totalRevenue": "67954000000", "costOfRevenue": "50392000000", "costofGoodsAndServicesSold": "50392000000", "operatingIncome": "3574000000", "sellingGeneralAndAdministrative": "12081000000", "researchAndDevelopment": "1907000000", "operatingExpenses": "13988000000", "investmentIncomeNet": "None", "netInterestIncome": "-578000000", "interestIncome": "721000000", "interestExpense": "1118000000", "nonInterestIncome": "None", "otherNonOperatingIncome": "None", "depreciation": "None", "depreciationAndAmortization": "2079000000", "incomeBeforeTax": "10191000000", "incomeTaxExpense": "1162000000", "interestAndDebtExpense": "None", "netIncomeFromContinuingOperations": "10957000000", "comprehensiveIncomeNetOfTax": "None", "ebit": "11299000000", "ebitda": "13378000000", "netIncome": "9481000000"}, {"fiscalDateEnding": "2022-12-31", "reportedCurrency": "USD", "grossProfit": "13827000000", "totalRevenue": "76555000000", "costOfRevenue": "55535000000", "costofGoodsAndServicesSold": "55535000000", "operatingIncome": "1858000000", "sellingGeneralAndAdministrative": "12781000000", "researchAndDevelopment": "2813000000", "operatingExpenses": "13551000000", "investmentIncomeNet": "None", "netInterestIncome": "-1607000000", "interestIncome": "681000000", "interestExpense": "1477000000", "nonInterestIncome": "None", "otherNonOperatingIncome": "-532000000", "depreciation": "None", "depreciationAndAmortization": "2902000000", "incomeBeforeTax": "-799000000", "incomeTaxExpense": "476000000", "interestAndDebtExpense": "None", "netIncomeFromContinuingOperations": "1412000000", "comprehensiveIncomeNetOfTax": "None", "ebit": "1858000000", "ebitda": "4760000000", "netIncome": "292000000"}, {"fiscalDateEnding": "2021-12-31", "reportedCurrency": "USD", "grossProfit": "13091000000", "totalRevenue": "56469000000", "costOfRevenue": "43378000000", "costofGoodsAndServicesSold": "43378000000", "operatingIncome": "1058000000", "sellingGeneralAndAdministrative": "10351000000", "researchAndDevelopment": "1682000000", "operatingExpenses": "12033000000", "investmentIncomeNet": "None", "netInterestIncome": "-1876000000", "interestIncome": "2111000000", "interestExpense": "1790000000", "nonInterestIncome": "None", "otherNonOperatingIncome": "None", "depreciation": "None", "depreciationAndAmortization": "2360000000", "incomeBeforeTax": "-5695000000", "incomeTaxExpense": "-757000000", "interestAndDebtExpense": "None", "netIncomeFromContinuingOperations": "-3396000000", "comprehensiveIncomeNetOfTax": "None", "ebit": "1022000000", "ebitda": "3382000000", "netIncome": "-6337000000"}, {"fiscalDateEnding": "2020-12-31", "reportedCurrency": "USD", "grossProfit": "17963000000", "totalRevenue": "75834000000", "costOfRevenue": "57871000000", "costofGoodsAndServicesSold": "57871000000", "operatingIncome": "409000000", "sellingGeneralAndAdministrative": "14989000000", "researchAndDevelopment": "2565000000", "operatingExpenses": "17554000000", "investmentIncomeNet": "None", "netInterestIncome": "-3273000000", "interestIncome": "2606000000", "interestExpense": "3515000000", "nonInterestIncome": "None", "otherNonOperatingIncome": "11387000000", "depreciation": "None", "depreciationAndAmortization": "3464000000", "incomeBeforeTax": "5970000000", "incomeTaxExpense": "-487000000", "interestAndDebtExpense": "None", "netIncomeFromContinuingOperations": "5672000000", "comprehensiveIncomeNetOfTax": "None", "ebit": "-632000000", "ebitda": "2832000000", "netIncome": "5704000000"}, {"fiscalDateEnding": "2019-12-31", "reportedCurrency": "USD", "grossProfit": "25186000000", "totalRevenue": "95215000000", "costOfRevenue": "70029000000", "costofGoodsAndServicesSold": "70029000000", "operatingIncome": "7943000000", "sellingGeneralAndAdministrative": "17243000000", "researchAndDevelopment": "3118000000", "operatingExpenses": "17243000000", "investmentIncomeNet": "None", "netInterestIncome": "-475000000", "interestIncome": "1220000000", "interestExpense": "4227000000", "nonInterestIncome": "None", "otherNonOperatingIncome": "2222000000", "depreciation": "None", "depreciationAndAmortization": "5595000000", "incomeBeforeTax": "1149000000", "incomeTaxExpense": "726000000", "interestAndDebtExpense": "None", "netIncomeFromContinuingOperations": "423000000", "comprehensiveIncomeNetOfTax": "None", "ebit": "5473000000", "ebitda": "11068000000", "netIncome": "-4979000000"}, {"fiscalDateEnding": "2018-12-31", "reportedCurrency": "USD", "grossProfit": "28944000000", "totalRevenue": "121615000000", "costOfRevenue": "92671000000", "costofGoodsAndServicesSold": "92671000000", "operatingIncome": "10833000000", "sellingGeneralAndAdministrative": "16011000000", "researchAndDevelopment": "3414000000", "operatingExpenses": "18111000000", "investmentIncomeNet": "None", "netInterestIncome": "-1408000000", "interestIncome": "669000000", "interestExpense": "5059000000", "nonInterestIncome": "None", "otherNonOperatingIncome": "None", "depreciation": "None", "depreciationAndAmortization": "8224000000", "incomeBeforeTax": "-20134000000", "incomeTaxExpense": "583000000", "interestAndDebtExpense": "None", "netIncomeFromContinuingOperations": "-20717000000", "comprehensiveIncomeNetOfTax": "None", "ebit": "-18069000000", "ebitda": "-9845000000", "netIncome": "-22355000000"}, {"fiscalDateEnding": "2017-12-31", "reportedCurrency": "USD", "grossProfit": "28534000000", "totalRevenue": "120468000000", "costOfRevenue": "91934000000", "costofGoodsAndServicesSold": "91934000000", "operatingIncome": "11879000000", "sellingGeneralAndAdministrative": "18280000000", "researchAndDevelopment": "4738000000", "operatingExpenses": "16655000000", "investmentIncomeNet": "None", "netInterestIncome": "-1724000000", "interestIncome": "944000000", "interestExpense": "4869000000", "nonInterestIncome": "None", "otherNonOperatingIncome": "None", "depreciation": "None", "depreciationAndAmortization": "5139000000", "incomeBeforeTax": "-8791000000", "incomeTaxExpense": "-3043000000", "interestAndDebtExpense": "None", "netIncomeFromContinuingOperations": "-5748000000", "comprehensiveIncomeNetOfTax": "None", "ebit": "-4289000000", "ebitda": "850000000", "netIncome": "-5786000000"}, {"fiscalDateEnding": "2016-12-31", "reportedCurrency": "USD", "grossProfit": "32205000000", "totalRevenue": "119688000000", "costOfRevenue": "87483000000", "costofGoodsAndServicesSold": "87483000000", "operatingIncome": "17833000000", "sellingGeneralAndAdministrative": "18377000000", "researchAndDevelopment": "4782000000", "operatingExpenses": "14372000000", "investmentIncomeNet": "None", "netInterestIncome": "-1234000000", "interestIncome": "896000000", "interestExpense": "5025000000", "nonInterestIncome": "None", "otherNonOperatingIncome": "None", "depreciation": "None", "depreciationAndAmortization": "4997000000", "incomeBeforeTax": "9030000000", "incomeTaxExpense": "-464000000", "interestAndDebtExpense": "None", "netIncomeFromContinuingOperations": "9494000000", "comprehensiveIncomeNetOfTax": "None", "ebit": "11948000000", "ebitda": "16945000000", "netIncome": "8831000000"}, {"fiscalDateEnding": "2015-12-31", "reportedCurrency": "USD", "grossProfit": "32466000000", "totalRevenue": "115159000000", "costOfRevenue": "82693000000", "costofGoodsAndServicesSold": "82693000000", "operatingIncome": "16862000000", "sellingGeneralAndAdministrative": "17831000000", "researchAndDevelopment": "5416000000", "operatingExpenses": "15604000000", "investmentIncomeNet": "None", "netInterestIncome": "None", "interestIncome": "1052000000", "interestExpense": "3463000000", "nonInterestIncome": "None", "otherNonOperatingIncome": "None", "depreciation": "None", "depreciationAndAmortization": "4847000000", "incomeBeforeTax": "8186000000", "incomeTaxExpense": "6485000000", "interestAndDebtExpense": "None", "netIncomeFromContinuingOperations": "1700000000", "comprehensiveIncomeNetOfTax": "None", "ebit": "11649000000", "ebitda": "16496000000", "netIncome": "-6126000000"}, {"fiscalDateEnding": "2014-12-31", "reportedCurrency": "USD", "grossProfit": "66500000000", "totalRevenue": "147811000000", "costOfRevenue": "81311000000", "costofGoodsAndServicesSold": "81311000000", "operatingIncome": "63285000000", "sellingGeneralAndAdministrative": "28024000000", "researchAndDevelopment": "5273000000", "operatingExpenses": "3215000000", "investmentIncomeNet": "None", "netInterestIncome": "None", "interestIncome": "None", "interestExpense": "9482000000", "nonInterestIncome": "None", "otherNonOperatingIncome": "None", "depreciation": "None", "depreciationAndAmortization": "9283000000", "incomeBeforeTax": "17229000000", "incomeTaxExpense": "1772000000", "interestAndDebtExpense": "None", "netIncomeFromContinuingOperations": "15457000000", "comprehensiveIncomeNetOfTax": "None", "ebit": "19976000000", "ebitda": "29259000000", "netIncome": "15233000000"}, {"fiscalDateEnding": "2013-12-31", "reportedCurrency": "USD", "grossProfit": "30747000000", "totalRevenue": "143031000000", "costOfRevenue": "112284000000", "costofGoodsAndServicesSold": "112284000000", "operatingIncome": "28943000000", "sellingGeneralAndAdministrative": "35143000000", "researchAndDevelopment": "5461000000", "operatingExpenses": "1804000000", "investmentIncomeNet": "None", "netInterestIncome": "None", "interestIncome": "None", "interestExpense": "10116000000", "nonInterestIncome": "None", "otherNonOperatingIncome": "None", "depreciation": "None", "depreciationAndAmortization": "9762000000", "incomeBeforeTax": "16151000000", "incomeTaxExpense": "676000000", "interestAndDebtExpense": "None", "netIncomeFromContinuingOperations": "15475000000", "comprehensiveIncomeNetOfTax": "None", "ebit": "19181000000", "ebitda": "28943000000", "netIncome": "14055000000"}, {"fiscalDateEnding": "2012-12-31", "reportedCurrency": "USD", "grossProfit": "34099000000", "totalRevenue": "144796000000", "costOfRevenue": "110697000000", "costofGoodsAndServicesSold": "110697000000", "operatingIncome": "32771000000", "sellingGeneralAndAdministrative": "36387000000", "researchAndDevelopment": "5200000000", "operatingExpenses": "1328000000", "investmentIncomeNet": "None", "netInterestIncome": "None", "interestIncome": "None", "interestExpense": "12508000000", "nonInterestIncome": "None", "otherNonOperatingIncome": "None", "depreciation": "None", "depreciationAndAmortization": "9346000000", "incomeBeforeTax": "17406000000", "incomeTaxExpense": "2504000000", "interestAndDebtExpense": "None", "netIncomeFromContinuingOperations": "14902000000", "comprehensiveIncomeNetOfTax": "None", "ebit": "23425000000", "ebitda": "32771000000", "netIncome": "13641000000"}, {"fiscalDateEnding": "2011-12-31", "reportedCurrency": "USD", "grossProfit": "41638000000", "totalRevenue": "147300000000", "costOfRevenue": "105662000000", "costofGoodsAndServicesSold": "105662000000", "operatingIncome": "34643000000", "sellingGeneralAndAdministrative": "2912000000", "researchAndDevelopment": "4601000000", "operatingExpenses": "6995000000", "investmentIncomeNet": "None", "netInterestIncome": "None", "interestIncome": "None", "interestExpense": "14545000000", "nonInterestIncome": "None", "otherNonOperatingIncome": "None", "depreciation": "None", "depreciationAndAmortization": "9185000000", "incomeBeforeTax": "20098000000", "incomeTaxExpense": "5732000000", "interestAndDebtExpense": "None", "netIncomeFromContinuingOperations": "None", "comprehensiveIncomeNetOfTax": "None", "ebit": "34382000000", "ebitda": "43567000000", "netIncome": "14151000000"}, {"fiscalDateEnding": "2010-12-31", "reportedCurrency": "USD", "grossProfit": "40394000000", "totalRevenue": "150211000000", "costOfRevenue": "109817000000", "costofGoodsAndServicesSold": "109817000000", "operatingIncome": "30191000000", "sellingGeneralAndAdministrative": "41116000000", "researchAndDevelopment": "3939000000", "operatingExpenses": "10203000000", "investmentIncomeNet": "None", "netInterestIncome": "None", "interestIncome": "None", "interestExpense": "15983000000", "nonInterestIncome": "None", "otherNonOperatingIncome": "None", "depreciation": "None", "depreciationAndAmortization": "10013000000", "incomeBeforeTax": "14208000000", "incomeTaxExpense": "1050000000", "interestAndDebtExpense": "None", "netIncomeFromContinuingOperations": "13158000000", "comprehensiveIncomeNetOfTax": "None", "ebit": "30191000000", "ebitda": "40204000000", "netIncome": "11644000000"}, {"fiscalDateEnding": "2009-12-31", "reportedCurrency": "USD", "grossProfit": "43058000000", "totalRevenue": "156783000000", "costOfRevenue": "113725000000", "costofGoodsAndServicesSold": "113725000000", "operatingIncome": "29113000000", "sellingGeneralAndAdministrative": "40821000000", "researchAndDevelopment": "3324000000", "operatingExpenses": "13945000000", "investmentIncomeNet": "None", "netInterestIncome": "None", "interestIncome": "None", "interestExpense": "18769000000", "nonInterestIncome": "None", "otherNonOperatingIncome": "None", "depreciation": "None", "depreciationAndAmortization": "10636000000", "incomeBeforeTax": "10344000000", "incomeTaxExpense": "-1090000000", "interestAndDebtExpense": "None", "netIncomeFromContinuingOperations": "None", "comprehensiveIncomeNetOfTax": "None", "ebit": "29113000000", "ebitda": "39749000000", "netIncome": "11025000000"}, {"fiscalDateEnding": "2008-12-31", "reportedCurrency": "USD", "grossProfit": "56722000000", "totalRevenue": "182515000000", "costOfRevenue": "125793000000", "costofGoodsAndServicesSold": "125793000000", "operatingIncome": "45350000000", "sellingGeneralAndAdministrative": "45234000000", "researchAndDevelopment": "3020000000", "operatingExpenses": "11372000000", "investmentIncomeNet": "None", "netInterestIncome": "None", "interestIncome": "None", "interestExpense": "26209000000", "nonInterestIncome": "None", "otherNonOperatingIncome": "None", "depreciation": "None", "depreciationAndAmortization": "11492000000", "incomeBeforeTax": "19141000000", "incomeTaxExpense": "1052000000", "interestAndDebtExpense": "None", "netIncomeFromContinuingOperations": "None", "comprehensiveIncomeNetOfTax": "None", "ebit": "45517000000", "ebitda": "57009000000", "netIncome": "17410000000"}, {"fiscalDateEnding": "2007-12-31", "reportedCurrency": "USD", "grossProfit": "99613000000", "totalRevenue": "172738000000", "costOfRevenue": "73125000000", "costofGoodsAndServicesSold": "73125000000", "operatingIncome": "51301000000", "sellingGeneralAndAdministrative": "43766000000", "researchAndDevelopment": "3009000000", "operatingExpenses": "48312000000", "investmentIncomeNet": "None", "netInterestIncome": "None", "interestIncome": "None", "interestExpense": "23787000000", "nonInterestIncome": "None", "otherNonOperatingIncome": "None", "depreciation": "None", "depreciationAndAmortization": "10278000000", "incomeBeforeTax": "26598000000", "incomeTaxExpense": "4130000000", "interestAndDebtExpense": "None", "netIncomeFromContinuingOperations": "None", "comprehensiveIncomeNetOfTax": "None", "ebit": "51301000000", "ebitda": "61579000000", "netIncome": "22208000000"}, {"fiscalDateEnding": "2006-12-31", "reportedCurrency": "USD", "grossProfit": "89281000000", "totalRevenue": "163391000000", "costOfRevenue": "74110000000", "costofGoodsAndServicesSold": "74110000000", "operatingIncome": "44814000000", "sellingGeneralAndAdministrative": "40628000000", "researchAndDevelopment": "2969000000", "operatingExpenses": "44467000000", "investmentIncomeNet": "None", "netInterestIncome": "None", "interestIncome": "None", "interestExpense": "19286000000", "nonInterestIncome": "None", "otherNonOperatingIncome": "None", "depreciation": "None", "depreciationAndAmortization": "9158000000", "incomeBeforeTax": "24620000000", "incomeTaxExpense": "3954000000", "interestAndDebtExpense": "None", "netIncomeFromContinuingOperations": "None", "comprehensiveIncomeNetOfTax": "None", "ebit": "41466000000", "ebitda": "50624000000", "netIncome": "20829000000"}, {"fiscalDateEnding": "2005-12-31", "reportedCurrency": "USD", "grossProfit": "82888000000", "totalRevenue": "149702000000", "costOfRevenue": "66814000000", "costofGoodsAndServicesSold": "66814000000", "operatingIncome": "38302000000", "sellingGeneralAndAdministrative": "40745000000", "researchAndDevelopment": "2741000000", "operatingExpenses": "44586000000", "investmentIncomeNet": "None", "netInterestIncome": "None", "interestIncome": "None", "interestExpense": "15187000000", "nonInterestIncome": "None", "otherNonOperatingIncome": "None", "depreciation": "None", "depreciationAndAmortization": "8538000000", "incomeBeforeTax": "22129000000", "incomeTaxExpense": "3854000000", "interestAndDebtExpense": "None", "netIncomeFromContinuingOperations": "None", "comprehensiveIncomeNetOfTax": "None", "ebit": "38302000000", "ebitda": "46840000000", "netIncome": "16353000000"}], "quarterlyReports": [{"fiscalDateEnding": "2024-12-31", "reportedCurrency": "USD", "grossProfit": "4049000000", "totalRevenue": "10811000000", "costOfRevenue": "6762000000", "costofGoodsAndServicesSold": "6762000000", "operatingIncome": "2605000000", "sellingGeneralAndAdministrative": "4339000000", "researchAndDevelopment": "385000000", "operatingExpenses": "1444000000", "investmentIncomeNet": "None", "netInterestIncome": "-27000000", "interestIncome": "197000000", "interestExpense": "224000000", "nonInterestIncome": "None", "otherNonOperatingIncome": "None", "depreciation": "None", "depreciationAndAmortization": "298000000", "incomeBeforeTax": "2293000000", "incomeTaxExpense": "395000000", "interestAndDebtExpense": "None", "netIncomeFromContinuingOperations": "1897000000", "comprehensiveIncomeNetOfTax": "None", "ebit": "2517000000", "ebitda": "2815000000", "netIncome": "1899000000"}, {"fiscalDateEnding": "2024-09-30", "reportedCurrency": "USD", "grossProfit": "3616000000", "totalRevenue": "9842000000", "costOfRevenue": "6226000000", "costofGoodsAndServicesSold": "6226000000", "operatingIncome": "1241000000", "sellingGeneralAndAdministrative": "714000000", "researchAndDevelopment": "331000000", "operatingExpenses": "2375000000", "investmentIncomeNet": "None", "netInterestIncome": "-64000000", "interestIncome": "187000000", "interestExpense": "251000000", "nonInterestIncome": "None", "otherNonOperatingIncome": "None", "depreciation": "None", "depreciationAndAmortization": "313000000", "incomeBeforeTax": "1893000000", "incomeTaxExpense": "198000000", "interestAndDebtExpense": "None", "netIncomeFromContinuingOperations": "1695000000", "comprehensiveIncomeNetOfTax": "None", "ebit": "2144000000", "ebitda": "2457000000", "netIncome": "1852000000"}, {"fiscalDateEnding": "2024-06-30", "reportedCurrency": "USD", "grossProfit": "3514000000", "totalRevenue": "9094000000", "costOfRevenue": "5580000000", "costofGoodsAndServicesSold": "5580000000", "operatingIncome": "1707000000", "sellingGeneralAndAdministrative": "1591000000", "researchAndDevelopment": "300000000", "operatingExpenses": "1807000000", "investmentIncomeNet": "None", "netInterestIncome": "-48000000", "interestIncome": "200000000", "interestExpense": "248000000", "nonInterestIncome": "None", "otherNonOperatingIncome": "None", "depreciation": "None", "depreciationAndAmortization": "106000000", "incomeBeforeTax": "1447000000", "incomeTaxExpense": "125000000", "interestAndDebtExpense": "None", "netIncomeFromContinuingOperations": "1322000000", "comprehensiveIncomeNetOfTax": "None", "ebit": "1694000000", "ebitda": "1800000000", "netIncome": "1266000000"}, {"fiscalDateEnding": "2024-03-31", "reportedCurrency": "USD", "grossProfit": "4433000000", "totalRevenue": "16053000000", "costOfRevenue": "11620000000", "costofGoodsAndServicesSold": "11620000000", "operatingIncome": "1030000000", "sellingGeneralAndAdministrative": "2896000000", "researchAndDevelopment": "507000000", "operatingExpenses": "3403000000", "investmentIncomeNet": "None", "netInterestIncome": "-26000000", "interestIncome": "252000000", "interestExpense": "278000000", "nonInterestIncome": "None", "otherNonOperatingIncome": "None", "depreciation": "None", "depreciationAndAmortization": "523000000", "incomeBeforeTax": "1866000000", "incomeTaxExpense": "318000000", "interestAndDebtExpense": "None", "netIncomeFromContinuingOperations": "1549000000", "comprehensiveIncomeNetOfTax": "None", "ebit": "2144000000", "ebitda": "2667000000", "netIncome": "1537000000"}, {"fiscalDateEnding": "2023-12-31", "reportedCurrency": "USD", "grossProfit": "5027000000", "totalRevenue": "19423000000", "costOfRevenue": "14396000000", "costofGoodsAndServicesSold": "14396000000", "operatingIncome": "1195000000", "sellingGeneralAndAdministrative": "9952000000", "researchAndDevelopment": "551000000", "operatingExpenses": "3832000000", "investmentIncomeNet": "None", "netInterestIncome": "-91000000", "interestIncome": "205000000", "interestExpense": "296000000", "nonInterestIncome": "None", "otherNonOperatingIncome": "None", "depreciation": "None", "depreciationAndAmortization": "534000000", "incomeBeforeTax": "2009000000", "incomeTaxExpense": "421000000", "interestAndDebtExpense": "None", "netIncomeFromContinuingOperations": "1589000000", "comprehensiveIncomeNetOfTax": "None", "ebit": "1225000000", "ebitda": "1759000000", "netIncome": "1592000000"}, {"fiscalDateEnding": "2023-09-30", "reportedCurrency": "USD", "grossProfit": "4442000000", "totalRevenue": "17346000000", "costOfRevenue": "12904000000", "costofGoodsAndServicesSold": "12904000000", "operatingIncome": "1090000000", "sellingGeneralAndAdministrative": "710000000", "researchAndDevelopment": "471000000", "operatingExpenses": "3352000000", "investmentIncomeNet": "None", "netInterestIncome": "-93000000", "interestIncome": "849000000", "interestExpense": "286000000", "nonInterestIncome": "None", "otherNonOperatingIncome": "None", "depreciation": "None", "depreciationAndAmortization": "967000000", "incomeBeforeTax": "300000000", "incomeTaxExpense": "138000000", "interestAndDebtExpense": "None", "netIncomeFromContinuingOperations": "161000000", "comprehensiveIncomeNetOfTax": "None", "ebit": "-72000000", "ebitda": "895000000", "netIncome": "348000000"}, {"fiscalDateEnding": "2023-06-30", "reportedCurrency": "USD", "grossProfit": "3062000000", "totalRevenue": "8754000000", "costOfRevenue": "5692000000", "costofGoodsAndServicesSold": "5692000000", "operatingIncome": "1175000000", "sellingGeneralAndAdministrative": "1648000000", "researchAndDevelopment": "239000000", "operatingExpenses": "1887000000", "investmentIncomeNet": "None", "netInterestIncome": "-112000000", "interestIncome": "155000000", "interestExpense": "249000000", "nonInterestIncome": "None", "otherNonOperatingIncome": "692000000", "depreciation": "None", "depreciationAndAmortization": "71000000", "incomeBeforeTax": "1509000000", "incomeTaxExpense": "253000000", "interestAndDebtExpense": "None", "netIncomeFromContinuingOperations": "1058000000", "comprehensiveIncomeNetOfTax": "None", "ebit": "1221000000", "ebitda": "1292000000", "netIncome": "33000000"}, {"fiscalDateEnding": "2023-03-31", "reportedCurrency": "USD", "grossProfit": "3756000000", "totalRevenue": "14485000000", "costOfRevenue": "10729000000", "costofGoodsAndServicesSold": "10729000000", "operatingIncome": "499000000", "sellingGeneralAndAdministrative": "2826000000", "researchAndDevelopment": "431000000", "operatingExpenses": "3257000000", "investmentIncomeNet": "None", "netInterestIncome": "-83000000", "interestIncome": "6082000000", "interestExpense": "269000000", "nonInterestIncome": "None", "otherNonOperatingIncome": "6081000000", "depreciation": "None", "depreciationAndAmortization": "507000000", "incomeBeforeTax": "6492000000", "incomeTaxExpense": "271000000", "interestAndDebtExpense": "None", "netIncomeFromContinuingOperations": "6221000000", "comprehensiveIncomeNetOfTax": "None", "ebit": "1041000000", "ebitda": "1548000000", "netIncome": "7506000000"}, {"fiscalDateEnding": "2022-12-31", "reportedCurrency": "USD", "grossProfit": "6320000000", "totalRevenue": "21787000000", "costOfRevenue": "15467000000", "costofGoodsAndServicesSold": "15467000000", "operatingIncome": "1229000000", "sellingGeneralAndAdministrative": "4301000000", "researchAndDevelopment": "790000000", "operatingExpenses": "6320000000", "investmentIncomeNet": "None", "netInterestIncome": "-416000000", "interestIncome": "2436000000", "interestExpense": "416000000", "nonInterestIncome": "None", "otherNonOperatingIncome": "None", "depreciation": "None", "depreciationAndAmortization": "736000000", "incomeBeforeTax": "2237000000", "incomeTaxExpense": "-65000000", "interestAndDebtExpense": "None", "netIncomeFromContinuingOperations": "2302000000", "comprehensiveIncomeNetOfTax": "None", "ebit": "2653000000", "ebitda": "3389000000", "netIncome": "2222000000"}, {"fiscalDateEnding": "2022-09-30", "reportedCurrency": "USD", "grossProfit": "4713000000", "totalRevenue": "19084000000", "costOfRevenue": "14371000000", "costofGoodsAndServicesSold": "14371000000", "operatingIncome": "15000000", "sellingGeneralAndAdministrative": "3785000000", "researchAndDevelopment": "686000000", "operatingExpenses": "4698000000", "investmentIncomeNet": "None", "netInterestIncome": "-265000000", "interestIncome": "125000000", "interestExpense": "390000000", "nonInterestIncome": "None", "otherNonOperatingIncome": "None", "depreciation": "None", "depreciationAndAmortization": "644000000", "incomeBeforeTax": "-55000000", "incomeTaxExpense": "21000000", "interestAndDebtExpense": "None", "netIncomeFromContinuingOperations": "-76000000", "comprehensiveIncomeNetOfTax": "None", "ebit": "335000000", "ebitda": "979000000", "netIncome": "-165000000"}, {"fiscalDateEnding": "2022-06-30", "reportedCurrency": "USD", "grossProfit": "5401000000", "totalRevenue": "18645000000", "costOfRevenue": "13244000000", "costofGoodsAndServicesSold": "13244000000", "operatingIncome": "1225000000", "sellingGeneralAndAdministrative": "3273000000", "researchAndDevelopment": "696000000", "operatingExpenses": "4176000000", "investmentIncomeNet": "None", "netInterestIncome": "-352000000", "interestIncome": "42000000", "interestExpense": "394000000", "nonInterestIncome": "None", "otherNonOperatingIncome": "None", "depreciation": "None", "depreciationAndAmortization": "679000000", "incomeBeforeTax": "-244000000", "incomeTaxExpense": "317000000", "interestAndDebtExpense": "None", "netIncomeFromContinuingOperations": "-561000000", "comprehensiveIncomeNetOfTax": "None", "ebit": "-1240000000", "ebitda": "-561000000", "netIncome": "-790000000"}, {"fiscalDateEnding": "2022-03-31", "reportedCurrency": "USD", "grossProfit": "4586000000", "totalRevenue": "17039000000", "costOfRevenue": "12453000000", "costofGoodsAndServicesSold": "12453000000", "operatingIncome": "-329000000", "sellingGeneralAndAdministrative": "4155000000", "researchAndDevelopment": "641000000", "operatingExpenses": "4915000000", "investmentIncomeNet": "None", "netInterestIncome": "-538000000", "interestIncome": "107000000", "interestExpense": "538000000", "nonInterestIncome": "None", "otherNonOperatingIncome": "None", "depreciation": "None", "depreciationAndAmortization": "1485000000", "incomeBeforeTax": "-525000000", "incomeTaxExpense": "204000000", "interestAndDebtExpense": "None", "netIncomeFromContinuingOperations": "-729000000", "comprehensiveIncomeNetOfTax": "None", "ebit": "-953000000", "ebitda": "532000000", "netIncome": "-1042000000"}, {"fiscalDateEnding": "2021-12-31", "reportedCurrency": "USD", "grossProfit": "5965000000", "totalRevenue": "20303000000", "costOfRevenue": "14338000000", "costofGoodsAndServicesSold": "14338000000", "operatingIncome": "2058000000", "sellingGeneralAndAdministrative": "3806000000", "researchAndDevelopment": "705000000", "operatingExpenses": "3907000000", "investmentIncomeNet": "None", "netInterestIncome": "-426000000", "interestIncome": "1143000000", "interestExpense": "426000000", "nonInterestIncome": "None", "otherNonOperatingIncome": "None", "depreciation": "None", "depreciationAndAmortization": "759000000", "incomeBeforeTax": "-3467000000", "incomeTaxExpense": "37000000", "interestAndDebtExpense": "None", "netIncomeFromContinuingOperations": "-3504000000", "comprehensiveIncomeNetOfTax": "None", "ebit": "-3049000000", "ebitda": "-2290000000", "netIncome": "-3843000000"}, {"fiscalDateEnding": "2021-09-30", "reportedCurrency": "USD", "grossProfit": "5027000000", "totalRevenue": "18429000000", "costOfRevenue": "13402000000", "costofGoodsAndServicesSold": "13402000000", "operatingIncome": "1010000000", "sellingGeneralAndAdministrative": "3390000000", "researchAndDevelopment": "627000000", "operatingExpenses": "4017000000", "investmentIncomeNet": "None", "netInterestIncome": "20000000", "interestIncome": "482000000", "interestExpense": "462000000", "nonInterestIncome": "None", "otherNonOperatingIncome": "None", "depreciation": "None", "depreciationAndAmortization": "726000000", "incomeBeforeTax": "584000000", "incomeTaxExpense": "2000000", "interestAndDebtExpense": "None", "netIncomeFromContinuingOperations": "582000000", "comprehensiveIncomeNetOfTax": "None", "ebit": "681000000", "ebitda": "1407000000", "netIncome": "1257000000"}, {"fiscalDateEnding": "2021-06-30", "reportedCurrency": "USD", "grossProfit": "4662000000", "totalRevenue": "18280000000", "costOfRevenue": "13618000000", "costofGoodsAndServicesSold": "13618000000", "operatingIncome": "709000000", "sellingGeneralAndAdministrative": "3349000000", "researchAndDevelopment": "604000000", "operatingExpenses": "3953000000", "investmentIncomeNet": "None", "netInterestIncome": "114000000", "interestIncome": "602000000", "interestExpense": "488000000", "nonInterestIncome": "None", "otherNonOperatingIncome": "None", "depreciation": "None", "depreciationAndAmortization": "771000000", "incomeBeforeTax": "-1037000000", "incomeTaxExpense": "-466000000", "interestAndDebtExpense": "None", "netIncomeFromContinuingOperations": "-571000000", "comprehensiveIncomeNetOfTax": "None", "ebit": "-577000000", "ebitda": "194000000", "netIncome": "-1131000000"}, {"fiscalDateEnding": "2021-03-31", "reportedCurrency": "USD", "grossProfit": "4581000000", "totalRevenue": "17119000000", "costOfRevenue": "12538000000", "costofGoodsAndServicesSold": "12538000000", "operatingIncome": "574000000", "sellingGeneralAndAdministrative": "3446000000", "researchAndDevelopment": "561000000", "operatingExpenses": "4007000000", "investmentIncomeNet": "None", "netInterestIncome": "-61000000", "interestIncome": "439000000", "interestExpense": "500000000", "nonInterestIncome": "None", "otherNonOperatingIncome": "None", "depreciation": "None", "depreciationAndAmortization": "753000000", "incomeBeforeTax": "238000000", "incomeTaxExpense": "142000000", "interestAndDebtExpense": "None", "netIncomeFromContinuingOperations": "97000000", "comprehensiveIncomeNetOfTax": "None", "ebit": "147000000", "ebitda": "900000000", "netIncome": "-2802000000"}, {"fiscalDateEnding": "2020-12-31", "reportedCurrency": "USD", "grossProfit": "5632000000", "totalRevenue": "21928000000", "costOfRevenue": "16296000000", "costofGoodsAndServicesSold": "16296000000", "operatingIncome": "1174000000", "sellingGeneralAndAdministrative": "3823000000", "researchAndDevelopment": "635000000", "operatingExpenses": "4458000000", "investmentIncomeNet": "None", "netInterestIncome": "-737000000", "interestIncome": "2012000000", "interestExpense": "737000000", "nonInterestIncome": "None", "otherNonOperatingIncome": "2957000000", "depreciation": "None", "depreciationAndAmortization": "1287000000", "incomeBeforeTax": "2721000000", "incomeTaxExpense": "162000000", "interestAndDebtExpense": "None", "netIncomeFromContinuingOperations": "2559000000", "comprehensiveIncomeNetOfTax": "None", "ebit": "3463000000", "ebitda": "4750000000", "netIncome": "2636000000"}, {"fiscalDateEnding": "2020-09-30", "reportedCurrency": "USD", "grossProfit": "4142000000", "totalRevenue": "19417000000", "costOfRevenue": "15275000000", "costofGoodsAndServicesSold": "15275000000", "operatingIncome": "291000000", "sellingGeneralAndAdministrative": "3851000000", "researchAndDevelopment": "595000000", "operatingExpenses": "3851000000", "investmentIncomeNet": "None", "netInterestIncome": "-1327000000", "interestIncome": "1405000000", "interestExpense": "745000000", "nonInterestIncome": "None", "otherNonOperatingIncome": "-517000000", "depreciation": "None", "depreciationAndAmortization": "1802000000", "incomeBeforeTax": "-1660000000", "incomeTaxExpense": "-501000000", "interestAndDebtExpense": "None", "netIncomeFromContinuingOperations": "-1160000000", "comprehensiveIncomeNetOfTax": "None", "ebit": "-946000000", "ebitda": "856000000", "netIncome": "-1144000000"}, {"fiscalDateEnding": "2020-06-30", "reportedCurrency": "USD", "grossProfit": "2667000000", "totalRevenue": "17750000000", "costOfRevenue": "15083000000", "costofGoodsAndServicesSold": "15083000000", "operatingIncome": "-976000000", "sellingGeneralAndAdministrative": "3643000000", "researchAndDevelopment": "611000000", "operatingExpenses": "3643000000", "investmentIncomeNet": "None", "netInterestIncome": "958000000", "interestIncome": "1955000000", "interestExpense": "997000000", "nonInterestIncome": "None", "otherNonOperatingIncome": "2078000000", "depreciation": "None", "depreciationAndAmortization": "1598000000", "incomeBeforeTax": "-2339000000", "incomeTaxExpense": "-199000000", "interestAndDebtExpense": "None", "netIncomeFromContinuingOperations": "-2139000000", "comprehensiveIncomeNetOfTax": "None", "ebit": "-1371000000", "ebitda": "227000000", "netIncome": "-1987000000"}, {"fiscalDateEnding": "2020-03-31", "reportedCurrency": "USD", "grossProfit": "4827000000", "totalRevenue": "20523000000", "costOfRevenue": "15696000000", "costofGoodsAndServicesSold": "15696000000", "operatingIncome": "1126000000", "sellingGeneralAndAdministrative": "3701000000", "researchAndDevelopment": "723000000", "operatingExpenses": "3701000000", "investmentIncomeNet": "None", "netInterestIncome": "-794000000", "interestIncome": "6388000000", "interestExpense": "794000000", "nonInterestIncome": "None", "otherNonOperatingIncome": "6869000000", "depreciation": "None", "depreciationAndAmortization": "1331000000", "incomeBeforeTax": "6475000000", "incomeTaxExpense": "63000000", "interestAndDebtExpense": "None", "netIncomeFromContinuingOperations": "6412000000", "comprehensiveIncomeNetOfTax": "None", "ebit": "7290000000", "ebitda": "8621000000", "netIncome": "6199000000"}, {"fiscalDateEnding": "2019-12-31", "reportedCurrency": "USD", "grossProfit": "7158000000", "totalRevenue": "26238000000", "costOfRevenue": "19080000000", "costofGoodsAndServicesSold": "19080000000", "operatingIncome": "2747000000", "sellingGeneralAndAdministrative": "4411000000", "researchAndDevelopment": "4164000000", "operatingExpenses": "4411000000", "investmentIncomeNet": "None", "netInterestIncome": "2797000000", "interestIncome": "336000000", "interestExpense": "955000000", "nonInterestIncome": "None", "otherNonOperatingIncome": "2064000000", "depreciation": "None", "depreciationAndAmortization": "1406000000", "incomeBeforeTax": "1571000000", "incomeTaxExpense": "727000000", "interestAndDebtExpense": "None", "netIncomeFromContinuingOperations": "786000000", "comprehensiveIncomeNetOfTax": "None", "ebit": "2557000000", "ebitda": "3963000000", "netIncome": "728000000"}, {"fiscalDateEnding": "2019-09-30", "reportedCurrency": "USD", "grossProfit": "6032000000", "totalRevenue": "23360000000", "costOfRevenue": "17328000000", "costofGoodsAndServicesSold": "17328000000", "operatingIncome": "1276000000", "sellingGeneralAndAdministrative": "4756000000", "researchAndDevelopment": "None", "operatingExpenses": "4756000000", "investmentIncomeNet": "None", "netInterestIncome": "-1279000000", "interestIncome": "689000000", "interestExpense": "1279000000", "nonInterestIncome": "None", "otherNonOperatingIncome": "158000000", "depreciation": "None", "depreciationAndAmortization": "791000000", "incomeBeforeTax": "-1249000000", "incomeTaxExpense": "41000000", "interestAndDebtExpense": "None", "netIncomeFromContinuingOperations": "-1290000000", "comprehensiveIncomeNetOfTax": "None", "ebit": "675000000", "ebitda": "1466000000", "netIncome": "-9423000000"}, {"fiscalDateEnding": "2019-06-30", "reportedCurrency": "USD", "grossProfit": "7013000000", "totalRevenue": "28830000000", "costOfRevenue": "21817000000", "costofGoodsAndServicesSold": "21817000000", "operatingIncome": "2191000000", "sellingGeneralAndAdministrative": "4822000000", "researchAndDevelopment": "None", "operatingExpenses": "4822000000", "investmentIncomeNet": "None", "netInterestIncome": "-991000000", "interestIncome": "824000000", "interestExpense": "991000000", "nonInterestIncome": "None", "otherNonOperatingIncome": "None", "depreciation": "None", "depreciationAndAmortization": "1686000000", "incomeBeforeTax": "-274000000", "incomeTaxExpense": "-148000000", "interestAndDebtExpense": "None", "netIncomeFromContinuingOperations": "-126000000", "comprehensiveIncomeNetOfTax": "None", "ebit": "1165000000", "ebitda": "2851000000", "netIncome": "127000000"}, {"fiscalDateEnding": "2019-03-31", "reportedCurrency": "USD", "grossProfit": "6933000000", "totalRevenue": "27286000000", "costOfRevenue": "20353000000", "costofGoodsAndServicesSold": "20353000000", "operatingIncome": "2176000000", "sellingGeneralAndAdministrative": "4757000000", "researchAndDevelopment": "None", "operatingExpenses": "4757000000", "investmentIncomeNet": "None", "netInterestIncome": "-1133000000", "interestIncome": "None", "interestExpense": "1133000000", "nonInterestIncome": "None", "otherNonOperatingIncome": "None", "depreciation": "None", "depreciationAndAmortization": "1712000000", "incomeBeforeTax": "1275000000", "incomeTaxExpense": "222000000", "interestAndDebtExpense": "None", "netIncomeFromContinuingOperations": "1053000000", "comprehensiveIncomeNetOfTax": "None", "ebit": "2418000000", "ebitda": "4130000000", "netIncome": "3588000000"}, {"fiscalDateEnding": "2018-12-31", "reportedCurrency": "USD", "grossProfit": "7402000000", "totalRevenue": "33278000000", "costOfRevenue": "25876000000", "costofGoodsAndServicesSold": "25876000000", "operatingIncome": "2837000000", "sellingGeneralAndAdministrative": "2464000000", "researchAndDevelopment": "4065000000", "operatingExpenses": "4565000000", "investmentIncomeNet": "None", "netInterestIncome": "None", "interestIncome": "None", "interestExpense": "1252000000", "nonInterestIncome": "None", "otherNonOperatingIncome": "None", "depreciation": "None", "depreciationAndAmortization": "1876000000", "incomeBeforeTax": "858000000", "incomeTaxExpense": "-94000000", "interestAndDebtExpense": "None", "netIncomeFromContinuingOperations": "953000000", "comprehensiveIncomeNetOfTax": "None", "ebit": "2109000000", "ebitda": "3985000000", "netIncome": "761000000"}, {"fiscalDateEnding": "2018-09-30", "reportedCurrency": "USD", "grossProfit": "6728000000", "totalRevenue": "29574000000", "costOfRevenue": "22846000000", "costofGoodsAndServicesSold": "22846000000", "operatingIncome": "1873000000", "sellingGeneralAndAdministrative": "4855000000", "researchAndDevelopment": "0", "operatingExpenses": "4855000000", "investmentIncomeNet": "None", "netInterestIncome": "None", "interestIncome": "None", "interestExpense": "1227000000", "nonInterestIncome": "None", "otherNonOperatingIncome": "None", "depreciation": "None", "depreciationAndAmortization": "2482000000", "incomeBeforeTax": "-22736000000", "incomeTaxExpense": "162000000", "interestAndDebtExpense": "None", "netIncomeFromContinuingOperations": "-22899000000", "comprehensiveIncomeNetOfTax": "None", "ebit": "-21510000000", "ebitda": "-19028000000", "netIncome": "-22769000000"}, {"fiscalDateEnding": "2018-06-30", "reportedCurrency": "USD", "grossProfit": "7681000000", "totalRevenue": "30104000000", "costOfRevenue": "22423000000", "costofGoodsAndServicesSold": "22423000000", "operatingIncome": "3193000000", "sellingGeneralAndAdministrative": "4488000000", "researchAndDevelopment": "0", "operatingExpenses": "4488000000", "investmentIncomeNet": "None", "netInterestIncome": "None", "interestIncome": "None", "interestExpense": "1295000000", "nonInterestIncome": "None", "otherNonOperatingIncome": "None", "depreciation": "None", "depreciationAndAmortization": "1953000000", "incomeBeforeTax": "1331000000", "incomeTaxExpense": "542000000", "interestAndDebtExpense": "None", "netIncomeFromContinuingOperations": "789000000", "comprehensiveIncomeNetOfTax": "None", "ebit": "1691000000", "ebitda": "3644000000", "netIncome": "800000000"}, {"fiscalDateEnding": "2018-03-31", "reportedCurrency": "USD", "grossProfit": "7134000000", "totalRevenue": "28660000000", "costOfRevenue": "21526000000", "costofGoodsAndServicesSold": "21526000000", "operatingIncome": "2930000000", "sellingGeneralAndAdministrative": "4204000000", "researchAndDevelopment": "0", "operatingExpenses": "4204000000", "investmentIncomeNet": "None", "netInterestIncome": "None", "interestIncome": "None", "interestExpense": "1285000000", "nonInterestIncome": "None", "otherNonOperatingIncome": "None", "depreciation": "None", "depreciationAndAmortization": "1913000000", "incomeBeforeTax": "413000000", "incomeTaxExpense": "-27000000", "interestAndDebtExpense": "None", "netIncomeFromContinuingOperations": "440000000", "comprehensiveIncomeNetOfTax": "None", "ebit": "1696000000", "ebitda": "3609000000", "netIncome": "-1147000000"}, {"fiscalDateEnding": "2017-12-31", "reportedCurrency": "USD", "grossProfit": "6700000000", "totalRevenue": "32388000000", "costOfRevenue": "25688000000", "costofGoodsAndServicesSold": "25688000000", "operatingIncome": "1082000000", "sellingGeneralAndAdministrative": "4631000000", "researchAndDevelopment": "5504000000", "operatingExpenses": "5618000000", "investmentIncomeNet": "None", "netInterestIncome": "None", "interestIncome": "None", "interestExpense": "1324000000", "nonInterestIncome": "None", "otherNonOperatingIncome": "None", "depreciation": "None", "depreciationAndAmortization": "1424000000", "incomeBeforeTax": "-12603000000", "incomeTaxExpense": "-2740000000", "interestAndDebtExpense": "None", "netIncomeFromContinuingOperations": "-9863000000", "comprehensiveIncomeNetOfTax": "None", "ebit": "-10533000000", "ebitda": "-9109000000", "netIncome": "-9642000000"}, {"fiscalDateEnding": "2017-09-30", "reportedCurrency": "USD", "grossProfit": "7234000000", "totalRevenue": "31327000000", "costOfRevenue": "24093000000", "costofGoodsAndServicesSold": "24093000000", "operatingIncome": "4525000000", "sellingGeneralAndAdministrative": "4855000000", "researchAndDevelopment": "0", "operatingExpenses": "2709000000", "investmentIncomeNet": "None", "netInterestIncome": "None", "interestIncome": "None", "interestExpense": "1232000000", "nonInterestIncome": "None", "otherNonOperatingIncome": "None", "depreciation": "None", "depreciationAndAmortization": "1397000000", "incomeBeforeTax": "1466000000", "incomeTaxExpense": "-334000000", "interestAndDebtExpense": "None", "netIncomeFromContinuingOperations": "1800000000", "comprehensiveIncomeNetOfTax": "None", "ebit": "2711000000", "ebitda": "4108000000", "netIncome": "1836000000"}, {"fiscalDateEnding": "2017-06-30", "reportedCurrency": "USD", "grossProfit": "7468000000", "totalRevenue": "29261000000", "costOfRevenue": "21793000000", "costofGoodsAndServicesSold": "21793000000", "operatingIncome": "3479000000", "sellingGeneralAndAdministrative": "4287000000", "researchAndDevelopment": "0", "operatingExpenses": "3989000000", "investmentIncomeNet": "None", "netInterestIncome": "None", "interestIncome": "None", "interestExpense": "1174000000", "nonInterestIncome": "None", "otherNonOperatingIncome": "None", "depreciation": "None", "depreciationAndAmortization": "1125000000", "incomeBeforeTax": "1515000000", "incomeTaxExpense": "15000000", "interestAndDebtExpense": "None", "netIncomeFromContinuingOperations": "1499000000", "comprehensiveIncomeNetOfTax": "None", "ebit": "3081000000", "ebitda": "4206000000", "netIncome": "1367000000"}, {"fiscalDateEnding": "2017-03-31", "reportedCurrency": "USD", "grossProfit": "7133000000", "totalRevenue": "27492000000", "costOfRevenue": "20359000000", "costofGoodsAndServicesSold": "20359000000", "operatingIncome": "2795000000", "sellingGeneralAndAdministrative": "4506000000", "researchAndDevelopment": "0", "operatingExpenses": "4338000000", "investmentIncomeNet": "None", "netInterestIncome": "None", "interestIncome": "None", "interestExpense": "1139000000", "nonInterestIncome": "None", "otherNonOperatingIncome": "None", "depreciation": "None", "depreciationAndAmortization": "1193000000", "incomeBeforeTax": "832000000", "incomeTaxExpense": "16000000", "interestAndDebtExpense": "None", "netIncomeFromContinuingOperations": "816000000", "comprehensiveIncomeNetOfTax": "None", "ebit": "2331000000", "ebitda": "3524000000", "netIncome": "653000000"}, {"fiscalDateEnding": "2016-12-31", "reportedCurrency": "USD", "grossProfit": "8696000000", "totalRevenue": "32469000000", "costOfRevenue": "23773000000", "costofGoodsAndServicesSold": "23773000000", "operatingIncome": "4772000000", "sellingGeneralAndAdministrative": "4544000000", "researchAndDevelopment": "5480000000", "operatingExpenses": "3924000000", "investmentIncomeNet": "None", "netInterestIncome": "None", "interestIncome": "None", "interestExpense": "1002000000", "nonInterestIncome": "None", "otherNonOperatingIncome": "None", "depreciation": "None", "depreciationAndAmortization": "1356000000", "incomeBeforeTax": "2893000000", "incomeTaxExpense": "-766000000", "interestAndDebtExpense": "None", "netIncomeFromContinuingOperations": "3715000000", "comprehensiveIncomeNetOfTax": "None", "ebit": "3894000000", "ebitda": "5250000000", "netIncome": "3667000000"}, {"fiscalDateEnding": "2016-09-30", "reportedCurrency": "USD", "grossProfit": "8073000000", "totalRevenue": "29038000000", "costOfRevenue": "20965000000", "costofGoodsAndServicesSold": "20965000000", "operatingIncome": "3957000000", "sellingGeneralAndAdministrative": "4343000000", "researchAndDevelopment": "0", "operatingExpenses": "4116000000", "investmentIncomeNet": "None", "netInterestIncome": "None", "interestIncome": "None", "interestExpense": "961000000", "nonInterestIncome": "None", "otherNonOperatingIncome": "None", "depreciation": "None", "depreciationAndAmortization": "3641000000", "incomeBeforeTax": "2074000000", "incomeTaxExpense": "18000000", "interestAndDebtExpense": "None", "netIncomeFromContinuingOperations": "2056000000", "comprehensiveIncomeNetOfTax": "None", "ebit": "3035000000", "ebitda": "6676000000", "netIncome": "2027000000"}, {"fiscalDateEnding": "2016-06-30", "reportedCurrency": "USD", "grossProfit": "7961000000", "totalRevenue": "30344000000", "costOfRevenue": "22383000000", "costofGoodsAndServicesSold": "22383000000", "operatingIncome": "6228000000", "sellingGeneralAndAdministrative": "4883000000", "researchAndDevelopment": "0", "operatingExpenses": "1733000000", "investmentIncomeNet": "None", "netInterestIncome": "None", "interestIncome": "None", "interestExpense": "1326000000", "nonInterestIncome": "None", "otherNonOperatingIncome": "None", "depreciation": "None", "depreciationAndAmortization": "1295000000", "incomeBeforeTax": "3824000000", "incomeTaxExpense": "479000000", "interestAndDebtExpense": "None", "netIncomeFromContinuingOperations": "3345000000", "comprehensiveIncomeNetOfTax": "None", "ebit": "5150000000", "ebitda": "6445000000", "netIncome": "2890000000"}, {"fiscalDateEnding": "2016-03-31", "reportedCurrency": "USD", "grossProfit": "7474000000", "totalRevenue": "27836000000", "costOfRevenue": "20362000000", "costofGoodsAndServicesSold": "20362000000", "operatingIncome": "2875000000", "sellingGeneralAndAdministrative": "4608000000", "researchAndDevelopment": "0", "operatingExpenses": "4599000000", "investmentIncomeNet": "None", "netInterestIncome": "None", "interestIncome": "None", "interestExpense": "1736000000", "nonInterestIncome": "None", "otherNonOperatingIncome": "None", "depreciation": "None", "depreciationAndAmortization": "1210000000", "incomeBeforeTax": "238000000", "incomeTaxExpense": "-139000000", "interestAndDebtExpense": "None", "netIncomeFromContinuingOperations": "378000000", "comprehensiveIncomeNetOfTax": "None", "ebit": "1974000000", "ebitda": "3184000000", "netIncome": "191000000"}, {"fiscalDateEnding": "2015-12-31", "reportedCurrency": "USD", "grossProfit": "9173000000", "totalRevenue": "32757000000", "costOfRevenue": "23584000000", "costofGoodsAndServicesSold": "23584000000", "operatingIncome": "5536000000", "sellingGeneralAndAdministrative": "4772000000", "researchAndDevelopment": "5278000000", "operatingExpenses": "3637000000", "investmentIncomeNet": "None", "netInterestIncome": "None", "interestIncome": "None", "interestExpense": "1235000000", "nonInterestIncome": "None", "otherNonOperatingIncome": "None", "depreciation": "None", "depreciationAndAmortization": "1244000000", "incomeBeforeTax": "1903000000", "incomeTaxExpense": "-742000000", "interestAndDebtExpense": "None", "netIncomeFromContinuingOperations": "7599000000", "comprehensiveIncomeNetOfTax": "None", "ebit": "2069000000", "ebitda": "3313000000", "netIncome": "6301000000"}, {"fiscalDateEnding": "2015-09-30", "reportedCurrency": "USD", "grossProfit": "12262000000", "totalRevenue": "31511000000", "costOfRevenue": "19249000000", "costofGoodsAndServicesSold": "19249000000", "operatingIncome": "11693000000", "sellingGeneralAndAdministrative": "6298000000", "researchAndDevelopment": "0", "operatingExpenses": "569000000", "investmentIncomeNet": "None", "netInterestIncome": "None", "interestIncome": "None", "interestExpense": "1462000000", "nonInterestIncome": "None", "otherNonOperatingIncome": "None", "depreciation": "None", "depreciationAndAmortization": "3554000000", "incomeBeforeTax": "3257000000", "incomeTaxExpense": "365000000", "interestAndDebtExpense": "None", "netIncomeFromContinuingOperations": "2892000000", "comprehensiveIncomeNetOfTax": "None", "ebit": "2947000000", "ebitda": "6501000000", "netIncome": "2506000000"}, {"fiscalDateEnding": "2015-06-30", "reportedCurrency": "USD", "grossProfit": "11951000000", "totalRevenue": "31974000000", "costOfRevenue": "20023000000", "costofGoodsAndServicesSold": "20023000000", "operatingIncome": "11948000000", "sellingGeneralAndAdministrative": "6419000000", "researchAndDevelopment": "0", "operatingExpenses": "3000000", "investmentIncomeNet": "None", "netInterestIncome": "None", "interestIncome": "None", "interestExpense": "1286000000", "nonInterestIncome": "None", "otherNonOperatingIncome": "None", "depreciation": "None", "depreciationAndAmortization": "-141000000", "incomeBeforeTax": "3583000000", "incomeTaxExpense": "968000000", "interestAndDebtExpense": "None", "netIncomeFromContinuingOperations": "2615000000", "comprehensiveIncomeNetOfTax": "None", "ebit": "5670000000", "ebitda": "5529000000", "netIncome": "-1360000000"}, {"fiscalDateEnding": "2015-03-31", "reportedCurrency": "USD", "grossProfit": "11048000000", "totalRevenue": "29214000000", "costOfRevenue": "18166000000", "costofGoodsAndServicesSold": "18166000000", "operatingIncome": "6331000000", "sellingGeneralAndAdministrative": "8733000000", "researchAndDevelopment": "0", "operatingExpenses": "4717000000", "investmentIncomeNet": "None", "netInterestIncome": "None", "interestIncome": "None", "interestExpense": "1930000000", "nonInterestIncome": "None", "otherNonOperatingIncome": "None", "depreciation": "None", "depreciationAndAmortization": "2466000000", "incomeBeforeTax": "-4948000000", "incomeTaxExpense": "6458000000", "interestAndDebtExpense": "None", "netIncomeFromContinuingOperations": "-11406000000", "comprehensiveIncomeNetOfTax": "None", "ebit": "874000000", "ebitda": "3340000000", "netIncome": "-13573000000"}, {"fiscalDateEnding": "2014-12-31", "reportedCurrency": "USD", "grossProfit": "18975000000", "totalRevenue": "42018000000", "costOfRevenue": "23043000000", "costofGoodsAndServicesSold": "23043000000", "operatingIncome": "17863000000", "sellingGeneralAndAdministrative": "8810000000", "researchAndDevelopment": "5273000000", "operatingExpenses": "1112000000", "investmentIncomeNet": "None", "netInterestIncome": "None", "interestIncome": "None", "interestExpense": "2366000000", "nonInterestIncome": "None", "otherNonOperatingIncome": "None", "depreciation": "None", "depreciationAndAmortization": "2288000000", "incomeBeforeTax": "6079000000", "incomeTaxExpense": "600000000", "interestAndDebtExpense": "None", "netIncomeFromContinuingOperations": "5479000000", "comprehensiveIncomeNetOfTax": "None", "ebit": "8522000000", "ebitda": "10810000000", "netIncome": "5152000000"}, {"fiscalDateEnding": "2014-09-30", "reportedCurrency": "USD", "grossProfit": "7633000000", "totalRevenue": "35916000000", "costOfRevenue": "28283000000", "costofGoodsAndServicesSold": "28283000000", "operatingIncome": "6934000000", "sellingGeneralAndAdministrative": "8543000000", "researchAndDevelopment": "0", "operatingExpenses": "699000000", "investmentIncomeNet": "None", "netInterestIncome": "None", "interestIncome": "None", "interestExpense": "2357000000", "nonInterestIncome": "None", "otherNonOperatingIncome": "None", "depreciation": "None", "depreciationAndAmortization": "2494000000", "incomeBeforeTax": "3915000000", "incomeTaxExpense": "463000000", "interestAndDebtExpense": "None", "netIncomeFromContinuingOperations": "3452000000", "comprehensiveIncomeNetOfTax": "None", "ebit": "4440000000", "ebitda": "6934000000", "netIncome": "3537000000"}, {"fiscalDateEnding": "2014-06-30", "reportedCurrency": "USD", "grossProfit": "7412000000", "totalRevenue": "35895000000", "costOfRevenue": "28483000000", "costofGoodsAndServicesSold": "28483000000", "operatingIncome": "6782000000", "sellingGeneralAndAdministrative": "8477000000", "researchAndDevelopment": "None", "operatingExpenses": "630000000", "investmentIncomeNet": "None", "netInterestIncome": "None", "interestIncome": "None", "interestExpense": "2345000000", "nonInterestIncome": "None", "otherNonOperatingIncome": "None", "depreciation": "None", "depreciationAndAmortization": "2226000000", "incomeBeforeTax": "3779000000", "incomeTaxExpense": "193000000", "interestAndDebtExpense": "None", "netIncomeFromContinuingOperations": "3586000000", "comprehensiveIncomeNetOfTax": "None", "ebit": "4556000000", "ebitda": "6782000000", "netIncome": "3545000000"}, {"fiscalDateEnding": "2014-03-31", "reportedCurrency": "USD", "grossProfit": "7264000000", "totalRevenue": "33982000000", "costOfRevenue": "26718000000", "costofGoodsAndServicesSold": "26718000000", "operatingIncome": "6490000000", "sellingGeneralAndAdministrative": "8196000000", "researchAndDevelopment": "None", "operatingExpenses": "774000000", "investmentIncomeNet": "None", "netInterestIncome": "None", "interestIncome": "None", "interestExpense": "2414000000", "nonInterestIncome": "None", "otherNonOperatingIncome": "None", "depreciation": "None", "depreciationAndAmortization": "2275000000", "incomeBeforeTax": "3456000000", "incomeTaxExpense": "516000000", "interestAndDebtExpense": "None", "netIncomeFromContinuingOperations": "2940000000", "comprehensiveIncomeNetOfTax": "None", "ebit": "4215000000", "ebitda": "6490000000", "netIncome": "2999000000"}, {"fiscalDateEnding": "2013-12-31", "reportedCurrency": "USD", "grossProfit": "8411000000", "totalRevenue": "39450000000", "costOfRevenue": "31039000000", "costofGoodsAndServicesSold": "31039000000", "operatingIncome": "7781000000", "sellingGeneralAndAdministrative": "9069000000", "researchAndDevelopment": "5461000000", "operatingExpenses": "630000000", "investmentIncomeNet": "None", "netInterestIncome": "None", "interestIncome": "None", "interestExpense": "2468000000", "nonInterestIncome": "None", "otherNonOperatingIncome": "None", "depreciation": "None", "depreciationAndAmortization": "2607000000", "incomeBeforeTax": "4659000000", "incomeTaxExpense": "-490000000", "interestAndDebtExpense": "None", "netIncomeFromContinuingOperations": "5171000000", "comprehensiveIncomeNetOfTax": "None", "ebit": "7104000000", "ebitda": "9711000000", "netIncome": "4204000000"}, {"fiscalDateEnding": "2013-09-30", "reportedCurrency": "USD", "grossProfit": "7200000000", "totalRevenue": "35362000000", "costOfRevenue": "28162000000", "costofGoodsAndServicesSold": "28162000000", "operatingIncome": "6742000000", "sellingGeneralAndAdministrative": "8705000000", "researchAndDevelopment": "0", "operatingExpenses": "458000000", "investmentIncomeNet": "None", "netInterestIncome": "None", "interestIncome": "None", "interestExpense": "2462000000", "nonInterestIncome": "None", "otherNonOperatingIncome": "None", "depreciation": "None", "depreciationAndAmortization": "2578000000", "incomeBeforeTax": "3608000000", "incomeTaxExpense": "345000000", "interestAndDebtExpense": "None", "netIncomeFromContinuingOperations": "3263000000", "comprehensiveIncomeNetOfTax": "None", "ebit": "4164000000", "ebitda": "6742000000", "netIncome": "3191000000"}, {"fiscalDateEnding": "2013-06-30", "reportedCurrency": "USD", "grossProfit": "7958000000", "totalRevenue": "35019000000", "costOfRevenue": "27061000000", "costofGoodsAndServicesSold": "27061000000", "operatingIncome": "7033000000", "sellingGeneralAndAdministrative": "8573000000", "researchAndDevelopment": "0", "operatingExpenses": "925000000", "investmentIncomeNet": "None", "netInterestIncome": "None", "interestIncome": "None", "interestExpense": "2617000000", "nonInterestIncome": "None", "otherNonOperatingIncome": "None", "depreciation": "None", "depreciationAndAmortization": "2267000000", "incomeBeforeTax": "3729000000", "incomeTaxExpense": "308000000", "interestAndDebtExpense": "None", "netIncomeFromContinuingOperations": "3421000000", "comprehensiveIncomeNetOfTax": "None", "ebit": "4766000000", "ebitda": "7033000000", "netIncome": "3133000000"}, {"fiscalDateEnding": "2013-03-31", "reportedCurrency": "USD", "grossProfit": "16079000000", "totalRevenue": "33395000000", "costOfRevenue": "17316000000", "costofGoodsAndServicesSold": "17316000000", "operatingIncome": "14591000000", "sellingGeneralAndAdministrative": "8796000000", "researchAndDevelopment": "0", "operatingExpenses": "1488000000", "investmentIncomeNet": "None", "netInterestIncome": "None", "interestIncome": "None", "interestExpense": "2621000000", "nonInterestIncome": "None", "otherNonOperatingIncome": "None", "depreciation": "None", "depreciationAndAmortization": "2310000000", "incomeBeforeTax": "4126000000", "incomeTaxExpense": "506000000", "interestAndDebtExpense": "None", "netIncomeFromContinuingOperations": "3620000000", "comprehensiveIncomeNetOfTax": "None", "ebit": "6741000000", "ebitda": "9051000000", "netIncome": "3527000000"}, {"fiscalDateEnding": "2012-12-31", "reportedCurrency": "USD", "grossProfit": "9268000000", "totalRevenue": "38501000000", "costOfRevenue": "29233000000", "costofGoodsAndServicesSold": "29233000000", "operatingIncome": "8931000000", "sellingGeneralAndAdministrative": "11396000000", "researchAndDevelopment": "5200000000", "operatingExpenses": "337000000", "investmentIncomeNet": "None", "netInterestIncome": "None", "interestIncome": "None", "interestExpense": "2960000000", "nonInterestIncome": "None", "otherNonOperatingIncome": "None", "depreciation": "None", "depreciationAndAmortization": "2532000000", "incomeBeforeTax": "5269000000", "incomeTaxExpense": "818000000", "interestAndDebtExpense": "None", "netIncomeFromContinuingOperations": "0", "comprehensiveIncomeNetOfTax": "None", "ebit": "8229000000", "ebitda": "10761000000", "netIncome": "4011000000"}, {"fiscalDateEnding": "2012-09-30", "reportedCurrency": "USD", "grossProfit": "8883000000", "totalRevenue": "36349000000", "costOfRevenue": "27466000000", "costofGoodsAndServicesSold": "27466000000", "operatingIncome": "7005000000", "sellingGeneralAndAdministrative": "9713000000", "researchAndDevelopment": "0", "operatingExpenses": "1878000000", "investmentIncomeNet": "None", "netInterestIncome": "None", "interestIncome": "None", "interestExpense": "2979000000", "nonInterestIncome": "None", "otherNonOperatingIncome": "None", "depreciation": "None", "depreciationAndAmortization": "2321000000", "incomeBeforeTax": "4026000000", "incomeTaxExpense": "555000000", "interestAndDebtExpense": "None", "netIncomeFromContinuingOperations": "0", "comprehensiveIncomeNetOfTax": "None", "ebit": "6962000000", "ebitda": "9283000000", "netIncome": "3491000000"}, {"fiscalDateEnding": "2012-06-30", "reportedCurrency": "USD", "grossProfit": "8801000000", "totalRevenue": "36501000000", "costOfRevenue": "27700000000", "costofGoodsAndServicesSold": "27700000000", "operatingIncome": "7396000000", "sellingGeneralAndAdministrative": "9163000000", "researchAndDevelopment": "0", "operatingExpenses": "1405000000", "investmentIncomeNet": "None", "netInterestIncome": "None", "interestIncome": "None", "interestExpense": "3211000000", "nonInterestIncome": "None", "otherNonOperatingIncome": "None", "depreciation": "None", "depreciationAndAmortization": "2230000000", "incomeBeforeTax": "4185000000", "incomeTaxExpense": "494000000", "interestAndDebtExpense": "None", "netIncomeFromContinuingOperations": "0", "comprehensiveIncomeNetOfTax": "None", "ebit": "7351000000", "ebitda": "9581000000", "netIncome": "3105000000"}, {"fiscalDateEnding": "2012-03-31", "reportedCurrency": "USD", "grossProfit": "8884000000", "totalRevenue": "35182000000", "costOfRevenue": "26298000000", "costofGoodsAndServicesSold": "26298000000", "operatingIncome": "7284000000", "sellingGeneralAndAdministrative": "9166000000", "researchAndDevelopment": "0", "operatingExpenses": "1600000000", "investmentIncomeNet": "None", "netInterestIncome": "None", "interestIncome": "None", "interestExpense": "3358000000", "nonInterestIncome": "None", "otherNonOperatingIncome": "None", "depreciation": "None", "depreciationAndAmortization": "2263000000", "incomeBeforeTax": "3926000000", "incomeTaxExpense": "637000000", "interestAndDebtExpense": "None", "netIncomeFromContinuingOperations": "0", "comprehensiveIncomeNetOfTax": "None", "ebit": "7238000000", "ebitda": "9501000000", "netIncome": "3034000000"}, {"fiscalDateEnding": "2011-12-31", "reportedCurrency": "USD", "grossProfit": "9518000000", "totalRevenue": "37973000000", "costOfRevenue": "28455000000", "costofGoodsAndServicesSold": "28455000000", "operatingIncome": "7712000000", "sellingGeneralAndAdministrative": "711000000", "researchAndDevelopment": "4601000000", "operatingExpenses": "1806000000", "investmentIncomeNet": "None", "netInterestIncome": "None", "interestIncome": "None", "interestExpense": "3236000000", "nonInterestIncome": "None", "otherNonOperatingIncome": "None", "depreciation": "None", "depreciationAndAmortization": "2241000000", "incomeBeforeTax": "4476000000", "incomeTaxExpense": "466000000", "interestAndDebtExpense": "None", "netIncomeFromContinuingOperations": "0", "comprehensiveIncomeNetOfTax": "None", "ebit": "7712000000", "ebitda": "9953000000", "netIncome": "3730000000"}, {"fiscalDateEnding": "2011-09-30", "reportedCurrency": "USD", "grossProfit": "9173000000", "totalRevenue": "35367000000", "costOfRevenue": "26194000000", "costofGoodsAndServicesSold": "26194000000", "operatingIncome": "7434000000", "sellingGeneralAndAdministrative": "10298000000", "researchAndDevelopment": "0", "operatingExpenses": "1739000000", "investmentIncomeNet": "None", "netInterestIncome": "None", "interestIncome": "None", "interestExpense": "3735000000", "nonInterestIncome": "None", "otherNonOperatingIncome": "None", "depreciation": "None", "depreciationAndAmortization": "2350000000", "incomeBeforeTax": "3699000000", "incomeTaxExpense": "435000000", "interestAndDebtExpense": "None", "netIncomeFromContinuingOperations": "3264000000", "comprehensiveIncomeNetOfTax": "None", "ebit": "5084000000", "ebitda": "7434000000", "netIncome": "3224000000"}, {"fiscalDateEnding": "2011-06-30", "reportedCurrency": "USD", "grossProfit": "9841000000", "totalRevenue": "35625000000", "costOfRevenue": "25784000000", "costofGoodsAndServicesSold": "25784000000", "operatingIncome": "8284000000", "sellingGeneralAndAdministrative": "9030000000", "researchAndDevelopment": "0", "operatingExpenses": "1557000000", "investmentIncomeNet": "None", "netInterestIncome": "None", "interestIncome": "None", "interestExpense": "3773000000", "nonInterestIncome": "None", "otherNonOperatingIncome": "None", "depreciation": "None", "depreciationAndAmortization": "2302000000", "incomeBeforeTax": "4511000000", "incomeTaxExpense": "890000000", "interestAndDebtExpense": "None", "netIncomeFromContinuingOperations": "3621000000", "comprehensiveIncomeNetOfTax": "None", "ebit": "5982000000", "ebitda": "8284000000", "netIncome": "3764000000"}, {"fiscalDateEnding": "2011-03-31", "reportedCurrency": "USD", "grossProfit": "13213000000", "totalRevenue": "38448000000", "costOfRevenue": "25235000000", "costofGoodsAndServicesSold": "25235000000", "operatingIncome": "11314000000", "sellingGeneralAndAdministrative": "9272000000", "researchAndDevelopment": "0", "operatingExpenses": "1899000000", "investmentIncomeNet": "None", "netInterestIncome": "None", "interestIncome": "None", "interestExpense": "3879000000", "nonInterestIncome": "None", "otherNonOperatingIncome": "None", "depreciation": "None", "depreciationAndAmortization": "2292000000", "incomeBeforeTax": "7435000000", "incomeTaxExpense": "3927000000", "interestAndDebtExpense": "None", "netIncomeFromContinuingOperations": "3508000000", "comprehensiveIncomeNetOfTax": "None", "ebit": "9022000000", "ebitda": "11314000000", "netIncome": "3433000000"}, {"fiscalDateEnding": "2010-12-31", "reportedCurrency": "USD", "grossProfit": "9695000000", "totalRevenue": "41377000000", "costOfRevenue": "31682000000", "costofGoodsAndServicesSold": "31682000000", "operatingIncome": "7539000000", "sellingGeneralAndAdministrative": "802000000", "researchAndDevelopment": "3939000000", "operatingExpenses": "2156000000", "investmentIncomeNet": "None", "netInterestIncome": "None", "interestIncome": "None", "interestExpense": "3969000000", "nonInterestIncome": "None", "otherNonOperatingIncome": "None", "depreciation": "None", "depreciationAndAmortization": "2536000000", "incomeBeforeTax": "3570000000", "incomeTaxExpense": "-589000000", "interestAndDebtExpense": "None", "netIncomeFromContinuingOperations": "0", "comprehensiveIncomeNetOfTax": "None", "ebit": "7066000000", "ebitda": "9602000000", "netIncome": "4535000000"}, {"fiscalDateEnding": "2010-09-30", "reportedCurrency": "USD", "grossProfit": "10116000000", "totalRevenue": "35888000000", "costOfRevenue": "25772000000", "costofGoodsAndServicesSold": "25772000000", "operatingIncome": "7679000000", "sellingGeneralAndAdministrative": "9887000000", "researchAndDevelopment": "0", "operatingExpenses": "2437000000", "investmentIncomeNet": "None", "netInterestIncome": "None", "interestIncome": "None", "interestExpense": "4039000000", "nonInterestIncome": "None", "otherNonOperatingIncome": "None", "depreciation": "None", "depreciationAndAmortization": "2621000000", "incomeBeforeTax": "3640000000", "incomeTaxExpense": "318000000", "interestAndDebtExpense": "None", "netIncomeFromContinuingOperations": "0", "comprehensiveIncomeNetOfTax": "None", "ebit": "5058000000", "ebitda": "7679000000", "netIncome": "2055000000"}, {"fiscalDateEnding": "2010-06-30", "reportedCurrency": "USD", "grossProfit": "37444000000", "totalRevenue": "37444000000", "costOfRevenue": "17196000000", "costofGoodsAndServicesSold": "17196000000", "operatingIncome": "8458000000", "sellingGeneralAndAdministrative": "9781000000", "researchAndDevelopment": "0", "operatingExpenses": "28986000000", "investmentIncomeNet": "None", "netInterestIncome": "None", "interestIncome": "None", "interestExpense": "4171000000", "nonInterestIncome": "None", "otherNonOperatingIncome": "None", "depreciation": "None", "depreciationAndAmortization": "2381000000", "incomeBeforeTax": "4287000000", "incomeTaxExpense": "885000000", "interestAndDebtExpense": "None", "netIncomeFromContinuingOperations": "0", "comprehensiveIncomeNetOfTax": "None", "ebit": "6077000000", "ebitda": "8458000000", "netIncome": "3109000000"}, {"fiscalDateEnding": "2010-03-31", "reportedCurrency": "USD", "grossProfit": "9998000000", "totalRevenue": "36605000000", "costOfRevenue": "26607000000", "costofGoodsAndServicesSold": "26607000000", "operatingIncome": "6988000000", "sellingGeneralAndAdministrative": "9842000000", "researchAndDevelopment": "0", "operatingExpenses": "3010000000", "investmentIncomeNet": "None", "netInterestIncome": "None", "interestIncome": "None", "interestExpense": "4161000000", "nonInterestIncome": "None", "otherNonOperatingIncome": "None", "depreciation": "None", "depreciationAndAmortization": "2475000000", "incomeBeforeTax": "2827000000", "incomeTaxExpense": "431000000", "interestAndDebtExpense": "None", "netIncomeFromContinuingOperations": "0", "comprehensiveIncomeNetOfTax": "None", "ebit": "4513000000", "ebitda": "6988000000", "netIncome": "1945000000"}, {"fiscalDateEnding": "2009-12-31", "reportedCurrency": "USD", "grossProfit": "20935000000", "totalRevenue": "41438000000", "costOfRevenue": "20503000000", "costofGoodsAndServicesSold": "20503000000", "operatingIncome": "7088000000", "sellingGeneralAndAdministrative": "10940000000", "researchAndDevelopment": "3324000000", "operatingExpenses": "13847000000", "investmentIncomeNet": "None", "netInterestIncome": "None", "interestIncome": "None", "interestExpense": "4467000000", "nonInterestIncome": "None", "otherNonOperatingIncome": "None", "depreciation": "None", "depreciationAndAmortization": "2743000000", "incomeBeforeTax": "2621000000", "incomeTaxExpense": "-524000000", "interestAndDebtExpense": "None", "netIncomeFromContinuingOperations": "0", "comprehensiveIncomeNetOfTax": "None", "ebit": "7088000000", "ebitda": "9831000000", "netIncome": "3013000000"}, {"fiscalDateEnding": "2009-09-30", "reportedCurrency": "USD", "grossProfit": "9897000000", "totalRevenue": "37799000000", "costOfRevenue": "27902000000", "costofGoodsAndServicesSold": "27902000000", "operatingIncome": "1975000000", "sellingGeneralAndAdministrative": "10086000000", "researchAndDevelopment": "0", "operatingExpenses": "7922000000", "investmentIncomeNet": "None", "netInterestIncome": "None", "interestIncome": "None", "interestExpense": "4322000000", "nonInterestIncome": "None", "otherNonOperatingIncome": "None", "depreciation": "None", "depreciationAndAmortization": "2658000000", "incomeBeforeTax": "1975000000", "incomeTaxExpense": "-484000000", "interestAndDebtExpense": "None", "netIncomeFromContinuingOperations": "0", "comprehensiveIncomeNetOfTax": "None", "ebit": "3639000000", "ebitda": "6297000000", "netIncome": "2494000000"}, {"fiscalDateEnding": "2009-06-30", "reportedCurrency": "USD", "grossProfit": "11345000000", "totalRevenue": "39082000000", "costOfRevenue": "27737000000", "costofGoodsAndServicesSold": "27737000000", "operatingIncome": "7749000000", "sellingGeneralAndAdministrative": "9712000000", "researchAndDevelopment": "0", "operatingExpenses": "3596000000", "investmentIncomeNet": "None", "netInterestIncome": "None", "interestIncome": "None", "interestExpense": "4653000000", "nonInterestIncome": "None", "otherNonOperatingIncome": "None", "depreciation": "None", "depreciationAndAmortization": "2504000000", "incomeBeforeTax": "3096000000", "incomeTaxExpense": "219000000", "interestAndDebtExpense": "None", "netIncomeFromContinuingOperations": "0", "comprehensiveIncomeNetOfTax": "None", "ebit": "5245000000", "ebitda": "7749000000", "netIncome": "2671000000"}, {"fiscalDateEnding": "2009-03-31", "reportedCurrency": "USD", "grossProfit": "11008000000", "totalRevenue": "38411000000", "costOfRevenue": "27403000000", "costofGoodsAndServicesSold": "27403000000", "operatingIncome": "7926000000", "sellingGeneralAndAdministrative": "10083000000", "researchAndDevelopment": "0", "operatingExpenses": "3082000000", "investmentIncomeNet": "None", "netInterestIncome": "None", "interestIncome": "None", "interestExpense": "5327000000", "nonInterestIncome": "None", "otherNonOperatingIncome": "None", "depreciation": "None", "depreciationAndAmortization": "2731000000", "incomeBeforeTax": "2599000000", "incomeTaxExpense": "-318000000", "interestAndDebtExpense": "None", "netIncomeFromContinuingOperations": "0", "comprehensiveIncomeNetOfTax": "None", "ebit": "5195000000", "ebitda": "7926000000", "netIncome": "2811000000"}, {"fiscalDateEnding": "2008-12-31", "reportedCurrency": "USD", "grossProfit": "23300000000", "totalRevenue": "46213000000", "costOfRevenue": "22913000000", "costofGoodsAndServicesSold": "22913000000", "operatingIncome": "8730000000", "sellingGeneralAndAdministrative": "11505000000", "researchAndDevelopment": "3020000000", "operatingExpenses": "14570000000", "investmentIncomeNet": "None", "netInterestIncome": "None", "interestIncome": "None", "interestExpense": "6106000000", "nonInterestIncome": "None", "otherNonOperatingIncome": "None", "depreciation": "None", "depreciationAndAmortization": "3276000000", "incomeBeforeTax": "2485000000", "incomeTaxExpense": "-1382000000", "interestAndDebtExpense": "None", "netIncomeFromContinuingOperations": "0", "comprehensiveIncomeNetOfTax": "None", "ebit": "8730000000", "ebitda": "12006000000", "netIncome": "3722000000"}, {"fiscalDateEnding": "2008-09-30", "reportedCurrency": "USD", "grossProfit": "25097000000", "totalRevenue": "47234000000", "costOfRevenue": "22137000000", "costofGoodsAndServicesSold": "22137000000", "operatingIncome": "12127000000", "sellingGeneralAndAdministrative": "11329000000", "researchAndDevelopment": "0", "operatingExpenses": "12970000000", "investmentIncomeNet": "None", "netInterestIncome": "None", "interestIncome": "None", "interestExpense": "6955000000", "nonInterestIncome": "None", "otherNonOperatingIncome": "None", "depreciation": "None", "depreciationAndAmortization": "2860000000", "incomeBeforeTax": "5016000000", "incomeTaxExpense": "539000000", "interestAndDebtExpense": "None", "netIncomeFromContinuingOperations": "0", "comprehensiveIncomeNetOfTax": "None", "ebit": "12127000000", "ebitda": "14987000000", "netIncome": "4312000000"}, {"fiscalDateEnding": "2008-06-30", "reportedCurrency": "USD", "grossProfit": "26162000000", "totalRevenue": "46891000000", "costOfRevenue": "20729000000", "costofGoodsAndServicesSold": "20729000000", "operatingIncome": "13247000000", "sellingGeneralAndAdministrative": "11425000000", "researchAndDevelopment": "0", "operatingExpenses": "12915000000", "investmentIncomeNet": "None", "netInterestIncome": "None", "interestIncome": "None", "interestExpense": "6626000000", "nonInterestIncome": "None", "otherNonOperatingIncome": "None", "depreciation": "None", "depreciationAndAmortization": "2674000000", "incomeBeforeTax": "6437000000", "incomeTaxExpense": "1043000000", "interestAndDebtExpense": "None", "netIncomeFromContinuingOperations": "0", "comprehensiveIncomeNetOfTax": "None", "ebit": "13247000000", "ebitda": "15921000000", "netIncome": "5072000000"}, {"fiscalDateEnding": "2008-03-31", "reportedCurrency": "USD", "grossProfit": "24280000000", "totalRevenue": "42273000000", "costOfRevenue": "17993000000", "costofGoodsAndServicesSold": "17993000000", "operatingIncome": "11882000000", "sellingGeneralAndAdministrative": "11039000000", "researchAndDevelopment": "0", "operatingExpenses": "12398000000", "investmentIncomeNet": "None", "netInterestIncome": "None", "interestIncome": "None", "interestExpense": "6530000000", "nonInterestIncome": "None", "otherNonOperatingIncome": "None", "depreciation": "None", "depreciationAndAmortization": "2682000000", "incomeBeforeTax": "5190000000", "incomeTaxExpense": "829000000", "interestAndDebtExpense": "None", "netIncomeFromContinuingOperations": "0", "comprehensiveIncomeNetOfTax": "None", "ebit": "11882000000", "ebitda": "14564000000", "netIncome": "4304000000"}, {"fiscalDateEnding": "2007-12-31", "reportedCurrency": "USD", "grossProfit": "27060000000", "totalRevenue": "48576000000", "costOfRevenue": "21516000000", "costofGoodsAndServicesSold": "21516000000", "operatingIncome": "14389000000", "sellingGeneralAndAdministrative": "11341000000", "researchAndDevelopment": "3009000000", "operatingExpenses": "12671000000", "investmentIncomeNet": "None", "netInterestIncome": "None", "interestIncome": "None", "interestExpense": "6487000000", "nonInterestIncome": "None", "otherNonOperatingIncome": "None", "depreciation": "None", "depreciationAndAmortization": "2846000000", "incomeBeforeTax": "7620000000", "incomeTaxExpense": "808000000", "interestAndDebtExpense": "None", "netIncomeFromContinuingOperations": "0", "comprehensiveIncomeNetOfTax": "None", "ebit": "14107000000", "ebitda": "16953000000", "netIncome": "6687000000"}, {"fiscalDateEnding": "2007-09-30", "reportedCurrency": "USD", "grossProfit": "24276000000", "totalRevenue": "42534000000", "costOfRevenue": "18258000000", "costofGoodsAndServicesSold": "18258000000", "operatingIncome": "11972000000", "sellingGeneralAndAdministrative": "11081000000", "researchAndDevelopment": "0", "operatingExpenses": "12304000000", "investmentIncomeNet": "None", "netInterestIncome": "None", "interestIncome": "None", "interestExpense": "6077000000", "nonInterestIncome": "None", "otherNonOperatingIncome": "None", "depreciation": "None", "depreciationAndAmortization": "2568000000", "incomeBeforeTax": "5705000000", "incomeTaxExpense": "619000000", "interestAndDebtExpense": "None", "netIncomeFromContinuingOperations": "0", "comprehensiveIncomeNetOfTax": "None", "ebit": "11833000000", "ebitda": "14401000000", "netIncome": "5539000000"}, {"fiscalDateEnding": "2007-06-30", "reportedCurrency": "USD", "grossProfit": "24809000000", "totalRevenue": "42316000000", "costOfRevenue": "17507000000", "costofGoodsAndServicesSold": "17507000000", "operatingIncome": "12415000000", "sellingGeneralAndAdministrative": "11093000000", "researchAndDevelopment": "0", "operatingExpenses": "12394000000", "investmentIncomeNet": "None", "netInterestIncome": "None", "interestIncome": "None", "interestExpense": "5718000000", "nonInterestIncome": "None", "otherNonOperatingIncome": "None", "depreciation": "None", "depreciationAndAmortization": "2279000000", "incomeBeforeTax": "6480000000", "incomeTaxExpense": "1081000000", "interestAndDebtExpense": "None", "netIncomeFromContinuingOperations": "0", "comprehensiveIncomeNetOfTax": "None", "ebit": "12843000000", "ebitda": "15122000000", "netIncome": "5420000000"}, {"fiscalDateEnding": "2007-03-31", "reportedCurrency": "USD", "grossProfit": "23344000000", "totalRevenue": "40195000000", "costOfRevenue": "16851000000", "costofGoodsAndServicesSold": "16851000000", "operatingIncome": "11335000000", "sellingGeneralAndAdministrative": "10835000000", "researchAndDevelopment": "0", "operatingExpenses": "12009000000", "investmentIncomeNet": "None", "netInterestIncome": "None", "interestIncome": "None", "interestExpense": "5699000000", "nonInterestIncome": "None", "otherNonOperatingIncome": "None", "depreciation": "None", "depreciationAndAmortization": "2585000000", "incomeBeforeTax": "5417000000", "incomeTaxExpense": "907000000", "interestAndDebtExpense": "None", "netIncomeFromContinuingOperations": "0", "comprehensiveIncomeNetOfTax": "None", "ebit": "11593000000", "ebitda": "14178000000", "netIncome": "4508000000"}, {"fiscalDateEnding": "2006-12-31", "reportedCurrency": "USD", "grossProfit": "24976000000", "totalRevenue": "44814000000", "costOfRevenue": "19838000000", "costofGoodsAndServicesSold": "19838000000", "operatingIncome": "13232000000", "sellingGeneralAndAdministrative": "10588000000", "researchAndDevelopment": "2790000000", "operatingExpenses": "11744000000", "investmentIncomeNet": "None", "netInterestIncome": "None", "interestIncome": "None", "interestExpense": "5249000000", "nonInterestIncome": "None", "otherNonOperatingIncome": "None", "depreciation": "None", "depreciationAndAmortization": "2486000000", "incomeBeforeTax": "7763000000", "incomeTaxExpense": "1052000000", "interestAndDebtExpense": "None", "netIncomeFromContinuingOperations": "0", "comprehensiveIncomeNetOfTax": "None", "ebit": "13012000000", "ebitda": "15498000000", "netIncome": "6708000000"}, {"fiscalDateEnding": "2006-09-30", "reportedCurrency": "USD", "grossProfit": "22388000000", "totalRevenue": "40856000000", "costOfRevenue": "18468000000", "costofGoodsAndServicesSold": "18468000000", "operatingIncome": "11368000000", "sellingGeneralAndAdministrative": "10055000000", "researchAndDevelopment": "0", "operatingExpenses": "11020000000", "investmentIncomeNet": "None", "netInterestIncome": "None", "interestIncome": "None", "interestExpense": "5143000000", "nonInterestIncome": "None", "otherNonOperatingIncome": "None", "depreciation": "None", "depreciationAndAmortization": "2294000000", "incomeBeforeTax": "6010000000", "incomeTaxExpense": "951000000", "interestAndDebtExpense": "None", "netIncomeFromContinuingOperations": "0", "comprehensiveIncomeNetOfTax": "None", "ebit": "10468000000", "ebitda": "12762000000", "netIncome": "4964000000"}, {"fiscalDateEnding": "2006-06-30", "reportedCurrency": "USD", "grossProfit": "21757000000", "totalRevenue": "39900000000", "costOfRevenue": "18143000000", "costofGoodsAndServicesSold": "18143000000", "operatingIncome": "10662000000", "sellingGeneralAndAdministrative": "10199000000", "researchAndDevelopment": "0", "operatingExpenses": "11095000000", "investmentIncomeNet": "None", "netInterestIncome": "None", "interestIncome": "None", "interestExpense": "4533000000", "nonInterestIncome": "None", "otherNonOperatingIncome": "None", "depreciation": "None", "depreciationAndAmortization": "2246000000", "incomeBeforeTax": "5894000000", "incomeTaxExpense": "1040000000", "interestAndDebtExpense": "None", "netIncomeFromContinuingOperations": "0", "comprehensiveIncomeNetOfTax": "None", "ebit": "10017000000", "ebitda": "12263000000", "netIncome": "4852000000"}, {"fiscalDateEnding": "2006-03-31", "reportedCurrency": "USD", "grossProfit": "20160000000", "totalRevenue": "37821000000", "costOfRevenue": "17661000000", "costofGoodsAndServicesSold": "17661000000", "operatingIncome": "9552000000", "sellingGeneralAndAdministrative": "9786000000", "researchAndDevelopment": "0", "operatingExpenses": "10608000000", "investmentIncomeNet": "None", "netInterestIncome": "None", "interestIncome": "None", "interestExpense": "4361000000", "nonInterestIncome": "None", "otherNonOperatingIncome": "None", "depreciation": "None", "depreciationAndAmortization": "2132000000", "incomeBeforeTax": "4953000000", "incomeTaxExpense": "911000000", "interestAndDebtExpense": "None", "netIncomeFromContinuingOperations": "0", "comprehensiveIncomeNetOfTax": "None", "ebit": "9522000000", "ebitda": "11654000000", "netIncome": "4305000000"}, {"fiscalDateEnding": "2005-12-31", "reportedCurrency": "USD", "grossProfit": "7818000000", "totalRevenue": "26493000000", "costOfRevenue": "18675000000", "costofGoodsAndServicesSold": "18675000000", "operatingIncome": "8691000000", "sellingGeneralAndAdministrative": "1759000000", "researchAndDevelopment": "2741000000", "operatingExpenses": "-873000000", "investmentIncomeNet": "None", "netInterestIncome": "None", "interestIncome": "None", "interestExpense": "3687000000", "nonInterestIncome": "None", "otherNonOperatingIncome": "None", "depreciation": "None", "depreciationAndAmortization": "2031000000", "incomeBeforeTax": "5148000000", "incomeTaxExpense": "162000000", "interestAndDebtExpense": "None", "netIncomeFromContinuingOperations": "0", "comprehensiveIncomeNetOfTax": "None", "ebit": "8835000000", "ebitda": "10866000000", "netIncome": "3064000000"}, {"fiscalDateEnding": "2005-09-30", "reportedCurrency": "USD", "grossProfit": "25926000000", "totalRevenue": "41927000000", "costOfRevenue": "16001000000", "costofGoodsAndServicesSold": "16001000000", "operatingIncome": "10206000000", "sellingGeneralAndAdministrative": "14625000000", "researchAndDevelopment": "0", "operatingExpenses": "15720000000", "investmentIncomeNet": "None", "netInterestIncome": "None", "interestIncome": "None", "interestExpense": "3826000000", "nonInterestIncome": "None", "otherNonOperatingIncome": "None", "depreciation": "None", "depreciationAndAmortization": "2225000000", "incomeBeforeTax": "6021000000", "incomeTaxExpense": "1344000000", "interestAndDebtExpense": "None", "netIncomeFromContinuingOperations": "0", "comprehensiveIncomeNetOfTax": "None", "ebit": "9411000000", "ebitda": "11636000000", "netIncome": "4677000000"}, {"fiscalDateEnding": "2005-06-30", "reportedCurrency": "USD", "grossProfit": "24960000000", "totalRevenue": "41556000000", "costOfRevenue": "16596000000", "costofGoodsAndServicesSold": "16596000000", "operatingIncome": "10214000000", "sellingGeneralAndAdministrative": "13788000000", "researchAndDevelopment": "0", "operatingExpenses": "14746000000", "investmentIncomeNet": "None", "netInterestIncome": "None", "interestIncome": "None", "interestExpense": "3897000000", "nonInterestIncome": "None", "otherNonOperatingIncome": "None", "depreciation": "None", "depreciationAndAmortization": "1994000000", "incomeBeforeTax": "5861000000", "incomeTaxExpense": "1214000000", "interestAndDebtExpense": "None", "netIncomeFromContinuingOperations": "0", "comprehensiveIncomeNetOfTax": "None", "ebit": "9147000000", "ebitda": "11141000000", "netIncome": "4647000000"}, {"fiscalDateEnding": "2005-03-31", "reportedCurrency": "USD", "grossProfit": "24184000000", "totalRevenue": "39726000000", "costOfRevenue": "15542000000", "costofGoodsAndServicesSold": "15542000000", "operatingIncome": "9191000000", "sellingGeneralAndAdministrative": "14091000000", "researchAndDevelopment": "0", "operatingExpenses": "14993000000", "investmentIncomeNet": "None", "netInterestIncome": "None", "interestIncome": "None", "interestExpense": "3777000000", "nonInterestIncome": "None", "otherNonOperatingIncome": "None", "depreciation": "None", "depreciationAndAmortization": "2288000000", "incomeBeforeTax": "5099000000", "incomeTaxExpense": "1134000000", "interestAndDebtExpense": "None", "netIncomeFromContinuingOperations": "0", "comprehensiveIncomeNetOfTax": "None", "ebit": "8007000000", "ebitda": "10295000000", "netIncome": "3965000000"}, {"fiscalDateEnding": "2004-12-31", "reportedCurrency": "USD", "grossProfit": "25617000000", "totalRevenue": "43706000000", "costOfRevenue": "18089000000", "costofGoodsAndServicesSold": "18089000000", "operatingIncome": "9848000000", "sellingGeneralAndAdministrative": "14625000000", "researchAndDevelopment": "2443000000", "operatingExpenses": "15769000000", "investmentIncomeNet": "None", "netInterestIncome": "None", "interestIncome": "None", "interestExpense": "3404000000", "nonInterestIncome": "None", "otherNonOperatingIncome": "None", "depreciation": "None", "depreciationAndAmortization": "2227000000", "incomeBeforeTax": "6055000000", "incomeTaxExpense": "677000000", "interestAndDebtExpense": "None", "netIncomeFromContinuingOperations": "0", "comprehensiveIncomeNetOfTax": "None", "ebit": "9459000000", "ebitda": "11686000000", "netIncome": "5378000000"}]}