{"symbol": "ANET", "annualReports": [{"fiscalDateEnding": "2024-12-31", "reportedCurrency": "USD", "grossProfit": "4491303000", "totalRevenue": "7003146000", "costOfRevenue": "2511843000", "costofGoodsAndServicesSold": "2511843000", "operatingIncome": "2944616000", "sellingGeneralAndAdministrative": "122706000", "researchAndDevelopment": "996717000", "operatingExpenses": "1546687000", "investmentIncomeNet": "None", "netInterestIncome": "310998000", "interestIncome": "310998000", "interestExpense": "None", "nonInterestIncome": "None", "otherNonOperatingIncome": "None", "depreciation": "None", "depreciationAndAmortization": "62038000", "incomeBeforeTax": "3265034000", "incomeTaxExpense": "412980000", "interestAndDebtExpense": "None", "netIncomeFromContinuingOperations": "2852054000", "comprehensiveIncomeNetOfTax": "None", "ebit": "2944616000", "ebitda": "3006654000", "netIncome": "2852054000"}, {"fiscalDateEnding": "2023-12-31", "reportedCurrency": "USD", "grossProfit": "3630281000", "totalRevenue": "5860168000", "costOfRevenue": "2229887000", "costofGoodsAndServicesSold": "2229887000", "operatingIncome": "2257249000", "sellingGeneralAndAdministrative": "119080000", "researchAndDevelopment": "854918000", "operatingExpenses": "1373032000", "investmentIncomeNet": "None", "netInterestIncome": "152421000", "interestIncome": "152421000", "interestExpense": "None", "nonInterestIncome": "None", "otherNonOperatingIncome": "None", "depreciation": "None", "depreciationAndAmortization": "70630000", "incomeBeforeTax": "2422026000", "incomeTaxExpense": "334705000", "interestAndDebtExpense": "None", "netIncomeFromContinuingOperations": "2087321000", "comprehensiveIncomeNetOfTax": "None", "ebit": "2257249000", "ebitda": "2327879000", "netIncome": "2087321000"}, {"fiscalDateEnding": "2022-12-31", "reportedCurrency": "USD", "grossProfit": "2675696000", "totalRevenue": "4381310000", "costOfRevenue": "1705614000", "costofGoodsAndServicesSold": "1705614000", "operatingIncome": "1527106000", "sellingGeneralAndAdministrative": "93241000", "researchAndDevelopment": "728394000", "operatingExpenses": "1148590000", "investmentIncomeNet": "None", "netInterestIncome": "27556000", "interestIncome": "27556000", "interestExpense": "54690000", "nonInterestIncome": "None", "otherNonOperatingIncome": "54690000", "depreciation": "None", "depreciationAndAmortization": "62700000", "incomeBeforeTax": "1581796000", "incomeTaxExpense": "229350000", "interestAndDebtExpense": "None", "netIncomeFromContinuingOperations": "1352446000", "comprehensiveIncomeNetOfTax": "None", "ebit": "1527106000", "ebitda": "1589806000", "netIncome": "1352446000"}, {"fiscalDateEnding": "2021-12-31", "reportedCurrency": "USD", "grossProfit": "1880779000", "totalRevenue": "2948037000", "costOfRevenue": "1067258000", "costofGoodsAndServicesSold": "1067258000", "operatingIncome": "924739000", "sellingGeneralAndAdministrative": "83117000", "researchAndDevelopment": "586752000", "operatingExpenses": "956040000", "investmentIncomeNet": "None", "netInterestIncome": "7215000", "interestIncome": "7215000", "interestExpense": "6140000", "nonInterestIncome": "None", "otherNonOperatingIncome": "6140000", "depreciation": "None", "depreciationAndAmortization": "50334000", "incomeBeforeTax": "930879000", "incomeTaxExpense": "90025000", "interestAndDebtExpense": "None", "netIncomeFromContinuingOperations": "840854000", "comprehensiveIncomeNetOfTax": "None", "ebit": "924739000", "ebitda": "975073000", "netIncome": "840854000"}, {"fiscalDateEnding": "2020-12-31", "reportedCurrency": "USD", "grossProfit": "1481886000", "totalRevenue": "2317512000", "costOfRevenue": "835626000", "costofGoodsAndServicesSold": "835626000", "operatingIncome": "699684000", "sellingGeneralAndAdministrative": "66242000", "researchAndDevelopment": "486594000", "operatingExpenses": "782202000", "investmentIncomeNet": "None", "netInterestIncome": "27139000", "interestIncome": "27139000", "interestExpense": "39179000", "nonInterestIncome": "None", "otherNonOperatingIncome": "39179000", "depreciation": "None", "depreciationAndAmortization": "35158000", "incomeBeforeTax": "738863000", "incomeTaxExpense": "104306000", "interestAndDebtExpense": "None", "netIncomeFromContinuingOperations": "634557000", "comprehensiveIncomeNetOfTax": "None", "ebit": "699684000", "ebitda": "734842000", "netIncome": "634557000"}, {"fiscalDateEnding": "2019-12-31", "reportedCurrency": "USD", "grossProfit": "1544338000", "totalRevenue": "2410706000", "costOfRevenue": "866368000", "costofGoodsAndServicesSold": "866368000", "operatingIncome": "805774000", "sellingGeneralAndAdministrative": "61898000", "researchAndDevelopment": "462759000", "operatingExpenses": "738564000", "investmentIncomeNet": "None", "netInterestIncome": "51144000", "interestIncome": "51144000", "interestExpense": "56496000", "nonInterestIncome": "None", "otherNonOperatingIncome": "56496000", "depreciation": "None", "depreciationAndAmortization": "32849000", "incomeBeforeTax": "862270000", "incomeTaxExpense": "2403000", "interestAndDebtExpense": "None", "netIncomeFromContinuingOperations": "859867000", "comprehensiveIncomeNetOfTax": "None", "ebit": "805774000", "ebitda": "838623000", "netIncome": "859867000"}, {"fiscalDateEnding": "2018-12-31", "reportedCurrency": "USD", "grossProfit": "1373377000", "totalRevenue": "2151369000", "costOfRevenue": "777992000", "costofGoodsAndServicesSold": "777992000", "operatingIncome": "273347000", "sellingGeneralAndAdministrative": "65420000", "researchAndDevelopment": "442468000", "operatingExpenses": "1100030000", "investmentIncomeNet": "None", "netInterestIncome": "28965000", "interestIncome": "31666000", "interestExpense": "2701000", "nonInterestIncome": "None", "otherNonOperatingIncome": "18155000", "depreciation": "None", "depreciationAndAmortization": "27671000", "incomeBeforeTax": "288801000", "incomeTaxExpense": "-39314000", "interestAndDebtExpense": "None", "netIncomeFromContinuingOperations": "328115000", "comprehensiveIncomeNetOfTax": "None", "ebit": "291502000", "ebitda": "319173000", "netIncome": "328115000"}, {"fiscalDateEnding": "2017-12-31", "reportedCurrency": "USD", "grossProfit": "1061769000", "totalRevenue": "1646186000", "costOfRevenue": "584417000", "costofGoodsAndServicesSold": "584417000", "operatingIncome": "470272000", "sellingGeneralAndAdministrative": "86798000", "researchAndDevelopment": "349594000", "operatingExpenses": "591497000", "investmentIncomeNet": "None", "netInterestIncome": "-2780000", "interestIncome": "2780000", "interestExpense": "2780000", "nonInterestIncome": "None", "otherNonOperatingIncome": "4488000", "depreciation": "None", "depreciationAndAmortization": "20640000", "incomeBeforeTax": "474760000", "incomeTaxExpense": "51559000", "interestAndDebtExpense": "None", "netIncomeFromContinuingOperations": "423201000", "comprehensiveIncomeNetOfTax": "None", "ebit": "477540000", "ebitda": "498180000", "netIncome": "423201000"}, {"fiscalDateEnding": "2016-12-31", "reportedCurrency": "USD", "grossProfit": "723116000", "totalRevenue": "1129167000", "costOfRevenue": "406051000", "costofGoodsAndServicesSold": "406051000", "operatingIncome": "243409000", "sellingGeneralAndAdministrative": "75239000", "researchAndDevelopment": "273581000", "operatingExpenses": "479707000", "investmentIncomeNet": "None", "netInterestIncome": "-3136000", "interestIncome": "3136000", "interestExpense": "3136000", "nonInterestIncome": "None", "otherNonOperatingIncome": "-1184000", "depreciation": "None", "depreciationAndAmortization": "19749000", "incomeBeforeTax": "242225000", "incomeTaxExpense": "58036000", "interestAndDebtExpense": "None", "netIncomeFromContinuingOperations": "184189000", "comprehensiveIncomeNetOfTax": "None", "ebit": "245361000", "ebitda": "265110000", "netIncome": "184189000"}, {"fiscalDateEnding": "2015-12-31", "reportedCurrency": "USD", "grossProfit": "543560000", "totalRevenue": "837591000", "costOfRevenue": "294031000", "costofGoodsAndServicesSold": "294031000", "operatingIncome": "149308000", "sellingGeneralAndAdministrative": "75720000", "researchAndDevelopment": "209448000", "operatingExpenses": "394252000", "investmentIncomeNet": "None", "netInterestIncome": "None", "interestIncome": "3152000", "interestExpense": "3152000", "nonInterestIncome": "None", "otherNonOperatingIncome": "-3299000", "depreciation": "None", "depreciationAndAmortization": "13671000", "incomeBeforeTax": "146009000", "incomeTaxExpense": "24907000", "interestAndDebtExpense": "None", "netIncomeFromContinuingOperations": "121102000", "comprehensiveIncomeNetOfTax": "None", "ebit": "149161000", "ebitda": "162832000", "netIncome": "121102000"}, {"fiscalDateEnding": "2014-12-31", "reportedCurrency": "USD", "grossProfit": "392091000", "totalRevenue": "584106000", "costOfRevenue": "192015000", "costofGoodsAndServicesSold": "192015000", "operatingIncome": "125513000", "sellingGeneralAndAdministrative": "32331000", "researchAndDevelopment": "148909000", "operatingExpenses": "266578000", "investmentIncomeNet": "None", "netInterestIncome": "None", "interestIncome": "None", "interestExpense": "6280000", "nonInterestIncome": "None", "otherNonOperatingIncome": "-3223000", "depreciation": "None", "depreciationAndAmortization": "10021000", "incomeBeforeTax": "121508000", "incomeTaxExpense": "34658000", "interestAndDebtExpense": "None", "netIncomeFromContinuingOperations": "86850000", "comprehensiveIncomeNetOfTax": "None", "ebit": "127788000", "ebitda": "137809000", "netIncome": "86850000"}, {"fiscalDateEnding": "2013-12-31", "reportedCurrency": "USD", "grossProfit": "238538000", "totalRevenue": "361224000", "costOfRevenue": "122686000", "costofGoodsAndServicesSold": "122686000", "operatingIncome": "66148000", "sellingGeneralAndAdministrative": "18688000", "researchAndDevelopment": "98587000", "operatingExpenses": "172390000", "investmentIncomeNet": "None", "netInterestIncome": "None", "interestIncome": "None", "interestExpense": "7119000", "nonInterestIncome": "None", "otherNonOperatingIncome": "None", "depreciation": "None", "depreciationAndAmortization": "5044000", "incomeBeforeTax": "58275000", "incomeTaxExpense": "15815000", "interestAndDebtExpense": "None", "netIncomeFromContinuingOperations": "None", "comprehensiveIncomeNetOfTax": "None", "ebit": "65394000", "ebitda": "70438000", "netIncome": "42460000"}, {"fiscalDateEnding": "2012-12-31", "reportedCurrency": "USD", "grossProfit": "132156000", "totalRevenue": "193408000", "costOfRevenue": "61252000", "costofGoodsAndServicesSold": "61252000", "operatingIncome": "39897000", "sellingGeneralAndAdministrative": "8501000", "researchAndDevelopment": "55155000", "operatingExpenses": "92259000", "investmentIncomeNet": "None", "netInterestIncome": "None", "interestIncome": "None", "interestExpense": "7057000", "nonInterestIncome": "None", "otherNonOperatingIncome": "None", "depreciation": "None", "depreciationAndAmortization": "1779000", "incomeBeforeTax": "32975000", "incomeTaxExpense": "11626000", "interestAndDebtExpense": "None", "netIncomeFromContinuingOperations": "None", "comprehensiveIncomeNetOfTax": "None", "ebit": "40032000", "ebitda": "41811000", "netIncome": "21349000"}, {"fiscalDateEnding": "2011-12-31", "reportedCurrency": "USD", "grossProfit": "96482000", "totalRevenue": "139848000", "costOfRevenue": "43366000", "costofGoodsAndServicesSold": "43366000", "operatingIncome": "44400000", "sellingGeneralAndAdministrative": "6224000", "researchAndDevelopment": "26408000", "operatingExpenses": "52082000", "investmentIncomeNet": "None", "netInterestIncome": "None", "interestIncome": "None", "interestExpense": "6417000", "nonInterestIncome": "None", "otherNonOperatingIncome": "None", "depreciation": "None", "depreciationAndAmortization": "1293000", "incomeBeforeTax": "37626000", "incomeTaxExpense": "3591000", "interestAndDebtExpense": "None", "netIncomeFromContinuingOperations": "None", "comprehensiveIncomeNetOfTax": "None", "ebit": "44043000", "ebitda": "45336000", "netIncome": "34035000"}], "quarterlyReports": [{"fiscalDateEnding": "2024-12-31", "reportedCurrency": "USD", "grossProfit": "1230994000", "totalRevenue": "1930436000", "costOfRevenue": "699442000", "costofGoodsAndServicesSold": "699442000", "operatingIncome": "799652000", "sellingGeneralAndAdministrative": "35377000", "researchAndDevelopment": "285016000", "operatingExpenses": "431342000", "investmentIncomeNet": "None", "netInterestIncome": "90353000", "interestIncome": "90353000", "interestExpense": "None", "nonInterestIncome": "None", "otherNonOperatingIncome": "None", "depreciation": "None", "depreciationAndAmortization": "15388000", "incomeBeforeTax": "888927000", "incomeTaxExpense": "87931000", "interestAndDebtExpense": "None", "netIncomeFromContinuingOperations": "800996000", "comprehensiveIncomeNetOfTax": "None", "ebit": "799652000", "ebitda": "815040000", "netIncome": "800996000"}, {"fiscalDateEnding": "2024-09-30", "reportedCurrency": "USD", "grossProfit": "1161717000", "totalRevenue": "1810936000", "costOfRevenue": "649219000", "costofGoodsAndServicesSold": "649219000", "operatingIncome": "785250000", "sellingGeneralAndAdministrative": "33811000", "researchAndDevelopment": "235824000", "operatingExpenses": "376467000", "investmentIncomeNet": "None", "netInterestIncome": "85374000", "interestIncome": "85374000", "interestExpense": "None", "nonInterestIncome": "None", "otherNonOperatingIncome": "None", "depreciation": "None", "depreciationAndAmortization": "15538000", "incomeBeforeTax": "882910000", "incomeTaxExpense": "134972000", "interestAndDebtExpense": "None", "netIncomeFromContinuingOperations": "747938000", "comprehensiveIncomeNetOfTax": "None", "ebit": "785250000", "ebitda": "800788000", "netIncome": "747938000"}, {"fiscalDateEnding": "2024-06-30", "reportedCurrency": "USD", "grossProfit": "1097213000", "totalRevenue": "1690400000", "costOfRevenue": "593187000", "costofGoodsAndServicesSold": "593187000", "operatingIncome": "699573000", "sellingGeneralAndAdministrative": "25755000", "researchAndDevelopment": "267482000", "operatingExpenses": "397640000", "investmentIncomeNet": "None", "netInterestIncome": "71448000", "interestIncome": "71448000", "interestExpense": "None", "nonInterestIncome": "None", "otherNonOperatingIncome": "None", "depreciation": "None", "depreciationAndAmortization": "15498000", "incomeBeforeTax": "770436000", "incomeTaxExpense": "105008000", "interestAndDebtExpense": "None", "netIncomeFromContinuingOperations": "665428000", "comprehensiveIncomeNetOfTax": "None", "ebit": "699573000", "ebitda": "715071000", "netIncome": "665428000"}, {"fiscalDateEnding": "2024-03-31", "reportedCurrency": "USD", "grossProfit": "1001379000", "totalRevenue": "1571374000", "costOfRevenue": "569995000", "costofGoodsAndServicesSold": "569995000", "operatingIncome": "660141000", "sellingGeneralAndAdministrative": "27763000", "researchAndDevelopment": "208395000", "operatingExpenses": "341238000", "investmentIncomeNet": "None", "netInterestIncome": "63823000", "interestIncome": "63823000", "interestExpense": "None", "nonInterestIncome": "None", "otherNonOperatingIncome": "None", "depreciation": "None", "depreciationAndAmortization": "15614000", "incomeBeforeTax": "722761000", "incomeTaxExpense": "85069000", "interestAndDebtExpense": "None", "netIncomeFromContinuingOperations": "637692000", "comprehensiveIncomeNetOfTax": "None", "ebit": "660141000", "ebitda": "675755000", "netIncome": "637692000"}, {"fiscalDateEnding": "2023-12-31", "reportedCurrency": "USD", "grossProfit": "999226000", "totalRevenue": "1540437000", "costOfRevenue": "541211000", "costofGoodsAndServicesSold": "541211000", "operatingIncome": "639914000", "sellingGeneralAndAdministrative": "42293000", "researchAndDevelopment": "211481000", "operatingExpenses": "359312000", "investmentIncomeNet": "None", "netInterestIncome": "54030000", "interestIncome": "54030000", "interestExpense": "12146000", "nonInterestIncome": "None", "otherNonOperatingIncome": "None", "depreciation": "None", "depreciationAndAmortization": "14397000", "incomeBeforeTax": "694391000", "incomeTaxExpense": "80755000", "interestAndDebtExpense": "None", "netIncomeFromContinuingOperations": "613636000", "comprehensiveIncomeNetOfTax": "None", "ebit": "639914000", "ebitda": "654311000", "netIncome": "613636000"}, {"fiscalDateEnding": "2023-09-30", "reportedCurrency": "USD", "grossProfit": "942419000", "totalRevenue": "1509456000", "costOfRevenue": "567037000", "costofGoodsAndServicesSold": "567037000", "operatingIncome": "602695000", "sellingGeneralAndAdministrative": "25338000", "researchAndDevelopment": "212353000", "operatingExpenses": "339724000", "investmentIncomeNet": "None", "netInterestIncome": "43676000", "interestIncome": "43676000", "interestExpense": "None", "nonInterestIncome": "None", "otherNonOperatingIncome": "None", "depreciation": "None", "depreciationAndAmortization": "17006000", "incomeBeforeTax": "644510000", "incomeTaxExpense": "99183000", "interestAndDebtExpense": "None", "netIncomeFromContinuingOperations": "545327000", "comprehensiveIncomeNetOfTax": "None", "ebit": "602695000", "ebitda": "619701000", "netIncome": "545327000"}, {"fiscalDateEnding": "2023-06-30", "reportedCurrency": "USD", "grossProfit": "884129000", "totalRevenue": "1458924000", "costOfRevenue": "574795000", "costofGoodsAndServicesSold": "574795000", "operatingIncome": "530062000", "sellingGeneralAndAdministrative": "26420000", "researchAndDevelopment": "229676000", "operatingExpenses": "354067000", "investmentIncomeNet": "None", "netInterestIncome": "32206000", "interestIncome": "32206000", "interestExpense": "None", "nonInterestIncome": "None", "otherNonOperatingIncome": "56339000", "depreciation": "None", "depreciationAndAmortization": "18322000", "incomeBeforeTax": "586401000", "incomeTaxExpense": "94516000", "interestAndDebtExpense": "None", "netIncomeFromContinuingOperations": "491885000", "comprehensiveIncomeNetOfTax": "None", "ebit": "530062000", "ebitda": "548384000", "netIncome": "491885000"}, {"fiscalDateEnding": "2023-03-31", "reportedCurrency": "USD", "grossProfit": "804507000", "totalRevenue": "1351351000", "costOfRevenue": "546844000", "costofGoodsAndServicesSold": "546844000", "operatingIncome": "484578000", "sellingGeneralAndAdministrative": "25029000", "researchAndDevelopment": "201408000", "operatingExpenses": "319929000", "investmentIncomeNet": "None", "netInterestIncome": "22509000", "interestIncome": "22509000", "interestExpense": "12146000", "nonInterestIncome": "None", "otherNonOperatingIncome": "12146000", "depreciation": "None", "depreciationAndAmortization": "20905000", "incomeBeforeTax": "496724000", "incomeTaxExpense": "60251000", "interestAndDebtExpense": "None", "netIncomeFromContinuingOperations": "436473000", "comprehensiveIncomeNetOfTax": "None", "ebit": "484578000", "ebitda": "505483000", "netIncome": "436473000"}, {"fiscalDateEnding": "2022-12-31", "reportedCurrency": "USD", "grossProfit": "768606000", "totalRevenue": "1275552000", "costOfRevenue": "506946000", "costofGoodsAndServicesSold": "506946000", "operatingIncome": "468919000", "sellingGeneralAndAdministrative": "23821000", "researchAndDevelopment": "190423000", "operatingExpenses": "299687000", "investmentIncomeNet": "None", "netInterestIncome": "13773000", "interestIncome": "13773000", "interestExpense": "13784000", "nonInterestIncome": "None", "otherNonOperatingIncome": "16926000", "depreciation": "None", "depreciationAndAmortization": "17531000", "incomeBeforeTax": "485845000", "incomeTaxExpense": "58756000", "interestAndDebtExpense": "None", "netIncomeFromContinuingOperations": "427089000", "comprehensiveIncomeNetOfTax": "None", "ebit": "468919000", "ebitda": "486450000", "netIncome": "427089000"}, {"fiscalDateEnding": "2022-09-30", "reportedCurrency": "USD", "grossProfit": "709980000", "totalRevenue": "1176801000", "costOfRevenue": "466821000", "costofGoodsAndServicesSold": "466821000", "operatingIncome": "417347000", "sellingGeneralAndAdministrative": "23425000", "researchAndDevelopment": "187807000", "operatingExpenses": "292633000", "investmentIncomeNet": "None", "netInterestIncome": "6929000", "interestIncome": "6929000", "interestExpense": "6929000", "nonInterestIncome": "None", "otherNonOperatingIncome": "6817000", "depreciation": "None", "depreciationAndAmortization": "17157000", "incomeBeforeTax": "424164000", "incomeTaxExpense": "70165000", "interestAndDebtExpense": "None", "netIncomeFromContinuingOperations": "353999000", "comprehensiveIncomeNetOfTax": "None", "ebit": "417347000", "ebitda": "434504000", "netIncome": "353999000"}, {"fiscalDateEnding": "2022-06-30", "reportedCurrency": "USD", "grossProfit": "643265000", "totalRevenue": "1051891000", "costOfRevenue": "408626000", "costofGoodsAndServicesSold": "408626000", "operatingIncome": "362853000", "sellingGeneralAndAdministrative": "22882000", "researchAndDevelopment": "178158000", "operatingExpenses": "280412000", "investmentIncomeNet": "None", "netInterestIncome": "4427000", "interestIncome": "4427000", "interestExpense": "4427000", "nonInterestIncome": "None", "otherNonOperatingIncome": "-533000", "depreciation": "None", "depreciationAndAmortization": "14921000", "incomeBeforeTax": "362320000", "incomeTaxExpense": "63221000", "interestAndDebtExpense": "None", "netIncomeFromContinuingOperations": "299099000", "comprehensiveIncomeNetOfTax": "None", "ebit": "362853000", "ebitda": "377774000", "netIncome": "299099000"}, {"fiscalDateEnding": "2022-03-31", "reportedCurrency": "USD", "grossProfit": "553845000", "totalRevenue": "877066000", "costOfRevenue": "323221000", "costofGoodsAndServicesSold": "323221000", "operatingIncome": "277987000", "sellingGeneralAndAdministrative": "23113000", "researchAndDevelopment": "172006000", "operatingExpenses": "275858000", "investmentIncomeNet": "None", "netInterestIncome": "2428000", "interestIncome": "2428000", "interestExpense": "2428000", "nonInterestIncome": "None", "otherNonOperatingIncome": "31480000", "depreciation": "None", "depreciationAndAmortization": "13091000", "incomeBeforeTax": "309467000", "incomeTaxExpense": "37208000", "interestAndDebtExpense": "None", "netIncomeFromContinuingOperations": "272259000", "comprehensiveIncomeNetOfTax": "None", "ebit": "277987000", "ebitda": "291078000", "netIncome": "272259000"}, {"fiscalDateEnding": "2021-12-31", "reportedCurrency": "USD", "grossProfit": "522714000", "totalRevenue": "824459000", "costOfRevenue": "301745000", "costofGoodsAndServicesSold": "301745000", "operatingIncome": "265788000", "sellingGeneralAndAdministrative": "24261000", "researchAndDevelopment": "157879000", "operatingExpenses": "256926000", "investmentIncomeNet": "None", "netInterestIncome": "1662000", "interestIncome": "1662000", "interestExpense": "1662000", "nonInterestIncome": "None", "otherNonOperatingIncome": "1500000", "depreciation": "None", "depreciationAndAmortization": "12470000", "incomeBeforeTax": "267288000", "incomeTaxExpense": "27993000", "interestAndDebtExpense": "None", "netIncomeFromContinuingOperations": "239295000", "comprehensiveIncomeNetOfTax": "None", "ebit": "265788000", "ebitda": "278258000", "netIncome": "239295000"}, {"fiscalDateEnding": "2021-09-30", "reportedCurrency": "USD", "grossProfit": "478615000", "totalRevenue": "748697000", "costOfRevenue": "270082000", "costofGoodsAndServicesSold": "270082000", "operatingIncome": "233294000", "sellingGeneralAndAdministrative": "22488000", "researchAndDevelopment": "153093000", "operatingExpenses": "245321000", "investmentIncomeNet": "None", "netInterestIncome": "1636000", "interestIncome": "1636000", "interestExpense": "1636000", "nonInterestIncome": "None", "otherNonOperatingIncome": "1346000", "depreciation": "None", "depreciationAndAmortization": "12629000", "incomeBeforeTax": "234640000", "incomeTaxExpense": "10335000", "interestAndDebtExpense": "None", "netIncomeFromContinuingOperations": "224305000", "comprehensiveIncomeNetOfTax": "None", "ebit": "233294000", "ebitda": "245923000", "netIncome": "224305000"}, {"fiscalDateEnding": "2021-06-30", "reportedCurrency": "USD", "grossProfit": "454178000", "totalRevenue": "707319000", "costOfRevenue": "253141000", "costofGoodsAndServicesSold": "253141000", "operatingIncome": "219365000", "sellingGeneralAndAdministrative": "20895000", "researchAndDevelopment": "143293000", "operatingExpenses": "234813000", "investmentIncomeNet": "None", "netInterestIncome": "1872000", "interestIncome": "1872000", "interestExpense": "1872000", "nonInterestIncome": "None", "otherNonOperatingIncome": "1719000", "depreciation": "None", "depreciationAndAmortization": "12577000", "incomeBeforeTax": "221084000", "incomeTaxExpense": "24196000", "interestAndDebtExpense": "None", "netIncomeFromContinuingOperations": "196888000", "comprehensiveIncomeNetOfTax": "None", "ebit": "219365000", "ebitda": "231942000", "netIncome": "196888000"}, {"fiscalDateEnding": "2021-03-31", "reportedCurrency": "USD", "grossProfit": "425272000", "totalRevenue": "667562000", "costOfRevenue": "242290000", "costofGoodsAndServicesSold": "242290000", "operatingIncome": "206292000", "sellingGeneralAndAdministrative": "15473000", "researchAndDevelopment": "132487000", "operatingExpenses": "218980000", "investmentIncomeNet": "None", "netInterestIncome": "2045000", "interestIncome": "2045000", "interestExpense": "2045000", "nonInterestIncome": "None", "otherNonOperatingIncome": "1575000", "depreciation": "None", "depreciationAndAmortization": "12658000", "incomeBeforeTax": "207867000", "incomeTaxExpense": "27501000", "interestAndDebtExpense": "None", "netIncomeFromContinuingOperations": "180366000", "comprehensiveIncomeNetOfTax": "None", "ebit": "206292000", "ebitda": "218950000", "netIncome": "180366000"}, {"fiscalDateEnding": "2020-12-31", "reportedCurrency": "USD", "grossProfit": "414584000", "totalRevenue": "648482000", "costOfRevenue": "233898000", "costofGoodsAndServicesSold": "233898000", "operatingIncome": "194638000", "sellingGeneralAndAdministrative": "18428000", "researchAndDevelopment": "133847000", "operatingExpenses": "219946000", "investmentIncomeNet": "None", "netInterestIncome": "2490000", "interestIncome": "2490000", "interestExpense": "2490000", "nonInterestIncome": "None", "otherNonOperatingIncome": "5542000", "depreciation": "None", "depreciationAndAmortization": "12615000", "incomeBeforeTax": "200180000", "incomeTaxExpense": "17222000", "interestAndDebtExpense": "None", "netIncomeFromContinuingOperations": "182958000", "comprehensiveIncomeNetOfTax": "None", "ebit": "233817000", "ebitda": "246432000", "netIncome": "182958000"}, {"fiscalDateEnding": "2020-09-30", "reportedCurrency": "USD", "grossProfit": "384962000", "totalRevenue": "605431000", "costOfRevenue": "220469000", "costofGoodsAndServicesSold": "220469000", "operatingIncome": "188395000", "sellingGeneralAndAdministrative": "15146000", "researchAndDevelopment": "128049000", "operatingExpenses": "196567000", "investmentIncomeNet": "None", "netInterestIncome": "4319000", "interestIncome": "4319000", "interestExpense": "4319000", "nonInterestIncome": "None", "otherNonOperatingIncome": "13224000", "depreciation": "None", "depreciationAndAmortization": "10805000", "incomeBeforeTax": "201619000", "incomeTaxExpense": "33244000", "interestAndDebtExpense": "None", "netIncomeFromContinuingOperations": "168375000", "comprehensiveIncomeNetOfTax": "None", "ebit": "188395000", "ebitda": "199200000", "netIncome": "168375000"}, {"fiscalDateEnding": "2020-06-30", "reportedCurrency": "USD", "grossProfit": "344089000", "totalRevenue": "540570000", "costOfRevenue": "196481000", "costofGoodsAndServicesSold": "196481000", "operatingIncome": "166989000", "sellingGeneralAndAdministrative": "14319000", "researchAndDevelopment": "111544000", "operatingExpenses": "177100000", "investmentIncomeNet": "None", "netInterestIncome": "8668000", "interestIncome": "8668000", "interestExpense": "8668000", "nonInterestIncome": "None", "otherNonOperatingIncome": "None", "depreciation": "None", "depreciationAndAmortization": "10962000", "incomeBeforeTax": "175245000", "incomeTaxExpense": "30452000", "interestAndDebtExpense": "None", "netIncomeFromContinuingOperations": "144793000", "comprehensiveIncomeNetOfTax": "None", "ebit": "166989000", "ebitda": "177951000", "netIncome": "144793000"}, {"fiscalDateEnding": "2020-03-31", "reportedCurrency": "USD", "grossProfit": "338251000", "totalRevenue": "523029000", "costOfRevenue": "184778000", "costofGoodsAndServicesSold": "184778000", "operatingIncome": "149662000", "sellingGeneralAndAdministrative": "18349000", "researchAndDevelopment": "113154000", "operatingExpenses": "188589000", "investmentIncomeNet": "None", "netInterestIncome": "11662000", "interestIncome": "11662000", "interestExpense": "11662000", "nonInterestIncome": "None", "otherNonOperatingIncome": "12157000", "depreciation": "None", "depreciationAndAmortization": "10208000", "incomeBeforeTax": "161819000", "incomeTaxExpense": "23388000", "interestAndDebtExpense": "None", "netIncomeFromContinuingOperations": "138431000", "comprehensiveIncomeNetOfTax": "None", "ebit": "149662000", "ebitda": "159870000", "netIncome": "138431000"}, {"fiscalDateEnding": "2019-12-31", "reportedCurrency": "USD", "grossProfit": "356303000", "totalRevenue": "552546000", "costOfRevenue": "196243000", "costofGoodsAndServicesSold": "196243000", "operatingIncome": "175989000", "sellingGeneralAndAdministrative": "15716000", "researchAndDevelopment": "110063000", "operatingExpenses": "180314000", "investmentIncomeNet": "None", "netInterestIncome": "12693000", "interestIncome": "12693000", "interestExpense": "12693000", "nonInterestIncome": "None", "otherNonOperatingIncome": "None", "depreciation": "None", "depreciationAndAmortization": "7901000", "incomeBeforeTax": "187172000", "incomeTaxExpense": "-73520000", "interestAndDebtExpense": "None", "netIncomeFromContinuingOperations": "260692000", "comprehensiveIncomeNetOfTax": "None", "ebit": "175989000", "ebitda": "183890000", "netIncome": "260692000"}, {"fiscalDateEnding": "2019-09-30", "reportedCurrency": "USD", "grossProfit": "417274000", "totalRevenue": "654415000", "costOfRevenue": "237141000", "costofGoodsAndServicesSold": "237141000", "operatingIncome": "228606000", "sellingGeneralAndAdministrative": "14657000", "researchAndDevelopment": "118732000", "operatingExpenses": "188668000", "investmentIncomeNet": "None", "netInterestIncome": "13446000", "interestIncome": "13446000", "interestExpense": "None", "nonInterestIncome": "None", "otherNonOperatingIncome": "19169000", "depreciation": "None", "depreciationAndAmortization": "8191000", "incomeBeforeTax": "247775000", "incomeTaxExpense": "38880000", "interestAndDebtExpense": "None", "netIncomeFromContinuingOperations": "208895000", "comprehensiveIncomeNetOfTax": "None", "ebit": "228606000", "ebitda": "236797000", "netIncome": "208895000"}, {"fiscalDateEnding": "2019-06-30", "reportedCurrency": "USD", "grossProfit": "390191000", "totalRevenue": "608321000", "costOfRevenue": "218130000", "costofGoodsAndServicesSold": "218130000", "operatingIncome": "206837000", "sellingGeneralAndAdministrative": "16019000", "researchAndDevelopment": "114295000", "operatingExpenses": "183354000", "investmentIncomeNet": "None", "netInterestIncome": "13107000", "interestIncome": "13107000", "interestExpense": "0", "nonInterestIncome": "None", "otherNonOperatingIncome": "13811000", "depreciation": "None", "depreciationAndAmortization": "8395000", "incomeBeforeTax": "220648000", "incomeTaxExpense": "31397000", "interestAndDebtExpense": "None", "netIncomeFromContinuingOperations": "189251000", "comprehensiveIncomeNetOfTax": "None", "ebit": "206837000", "ebitda": "215232000", "netIncome": "189251000"}, {"fiscalDateEnding": "2019-03-31", "reportedCurrency": "USD", "grossProfit": "380570000", "totalRevenue": "595424000", "costOfRevenue": "214854000", "costofGoodsAndServicesSold": "214854000", "operatingIncome": "194342000", "sellingGeneralAndAdministrative": "15506000", "researchAndDevelopment": "119669000", "operatingExpenses": "186228000", "investmentIncomeNet": "None", "netInterestIncome": "11898000", "interestIncome": "13048000", "interestExpense": "0", "nonInterestIncome": "None", "otherNonOperatingIncome": "12333000", "depreciation": "None", "depreciationAndAmortization": "8362000", "incomeBeforeTax": "206675000", "incomeTaxExpense": "5646000", "interestAndDebtExpense": "None", "netIncomeFromContinuingOperations": "201029000", "comprehensiveIncomeNetOfTax": "None", "ebit": "194342000", "ebitda": "202704000", "netIncome": "201029000"}, {"fiscalDateEnding": "2018-12-31", "reportedCurrency": "USD", "grossProfit": "374992000", "totalRevenue": "595726000", "costOfRevenue": "220734000", "costofGoodsAndServicesSold": "220734000", "operatingIncome": "193642000", "sellingGeneralAndAdministrative": "12000000", "researchAndDevelopment": "118439000", "operatingExpenses": "181350000", "investmentIncomeNet": "None", "netInterestIncome": "None", "interestIncome": "None", "interestExpense": "661000", "nonInterestIncome": "None", "otherNonOperatingIncome": "None", "depreciation": "None", "depreciationAndAmortization": "9231000", "incomeBeforeTax": "198490000", "incomeTaxExpense": "28168000", "interestAndDebtExpense": "None", "netIncomeFromContinuingOperations": "170322000", "comprehensiveIncomeNetOfTax": "None", "ebit": "199151000", "ebitda": "208382000", "netIncome": "170322000"}, {"fiscalDateEnding": "2018-09-30", "reportedCurrency": "USD", "grossProfit": "361583000", "totalRevenue": "563309000", "costOfRevenue": "201726000", "costofGoodsAndServicesSold": "201726000", "operatingIncome": "180770000", "sellingGeneralAndAdministrative": "15321000", "researchAndDevelopment": "117589000", "operatingExpenses": "180813000", "investmentIncomeNet": "None", "netInterestIncome": "None", "interestIncome": "None", "interestExpense": "673000", "nonInterestIncome": "None", "otherNonOperatingIncome": "9292000", "depreciation": "None", "depreciationAndAmortization": "7112000", "incomeBeforeTax": "189389000", "incomeTaxExpense": "20865000", "interestAndDebtExpense": "None", "netIncomeFromContinuingOperations": "168524000", "comprehensiveIncomeNetOfTax": "None", "ebit": "190062000", "ebitda": "197174000", "netIncome": "168524000"}, {"fiscalDateEnding": "2018-06-30", "reportedCurrency": "USD", "grossProfit": "333883000", "totalRevenue": "519845000", "costOfRevenue": "185962000", "costofGoodsAndServicesSold": "185962000", "operatingIncome": "-239803000", "sellingGeneralAndAdministrative": "18420000", "researchAndDevelopment": "104078000", "operatingExpenses": "573686000", "investmentIncomeNet": "None", "netInterestIncome": "None", "interestIncome": "None", "interestExpense": "680000", "nonInterestIncome": "None", "otherNonOperatingIncome": "-1489000", "depreciation": "None", "depreciationAndAmortization": "5631000", "incomeBeforeTax": "-241972000", "incomeTaxExpense": "-86703000", "interestAndDebtExpense": "None", "netIncomeFromContinuingOperations": "-155269000", "comprehensiveIncomeNetOfTax": "None", "ebit": "-241292000", "ebitda": "-235661000", "netIncome": "-155269000"}, {"fiscalDateEnding": "2018-03-31", "reportedCurrency": "USD", "grossProfit": "302919000", "totalRevenue": "472489000", "costOfRevenue": "169570000", "costofGoodsAndServicesSold": "169570000", "operatingIncome": "138738000", "sellingGeneralAndAdministrative": "19679000", "researchAndDevelopment": "102362000", "operatingExpenses": "164181000", "investmentIncomeNet": "None", "netInterestIncome": "None", "interestIncome": "None", "interestExpense": "687000", "nonInterestIncome": "None", "otherNonOperatingIncome": "4156000", "depreciation": "None", "depreciationAndAmortization": "5697000", "incomeBeforeTax": "142894000", "incomeTaxExpense": "-1644000", "interestAndDebtExpense": "None", "netIncomeFromContinuingOperations": "144538000", "comprehensiveIncomeNetOfTax": "None", "ebit": "143581000", "ebitda": "149278000", "netIncome": "144538000"}, {"fiscalDateEnding": "2017-12-31", "reportedCurrency": "USD", "grossProfit": "307165000", "totalRevenue": "467867000", "costOfRevenue": "160702000", "costofGoodsAndServicesSold": "160702000", "operatingIncome": "139388000", "sellingGeneralAndAdministrative": "21789000", "researchAndDevelopment": "107180000", "operatingExpenses": "167777000", "investmentIncomeNet": "None", "netInterestIncome": "None", "interestIncome": "None", "interestExpense": "741000", "nonInterestIncome": "None", "otherNonOperatingIncome": "None", "depreciation": "None", "depreciationAndAmortization": "5285000", "incomeBeforeTax": "141635000", "incomeTaxExpense": "37802000", "interestAndDebtExpense": "None", "netIncomeFromContinuingOperations": "411888000", "comprehensiveIncomeNetOfTax": "None", "ebit": "142376000", "ebitda": "147661000", "netIncome": "103833000"}, {"fiscalDateEnding": "2017-09-30", "reportedCurrency": "USD", "grossProfit": "280617000", "totalRevenue": "437633000", "costOfRevenue": "157016000", "costofGoodsAndServicesSold": "157016000", "operatingIncome": "140832000", "sellingGeneralAndAdministrative": "19535000", "researchAndDevelopment": "79610000", "operatingExpenses": "139785000", "investmentIncomeNet": "None", "netInterestIncome": "None", "interestIncome": "None", "interestExpense": "701000", "nonInterestIncome": "None", "otherNonOperatingIncome": "1435000", "depreciation": "None", "depreciationAndAmortization": "5322000", "incomeBeforeTax": "142267000", "incomeTaxExpense": "8545000", "interestAndDebtExpense": "None", "netIncomeFromContinuingOperations": "133722000", "comprehensiveIncomeNetOfTax": "None", "ebit": "142968000", "ebitda": "148290000", "netIncome": "133722000"}, {"fiscalDateEnding": "2017-06-30", "reportedCurrency": "USD", "grossProfit": "259777000", "totalRevenue": "405211000", "costOfRevenue": "145434000", "costofGoodsAndServicesSold": "145434000", "operatingIncome": "116634000", "sellingGeneralAndAdministrative": "23319000", "researchAndDevelopment": "81194000", "operatingExpenses": "143143000", "investmentIncomeNet": "None", "netInterestIncome": "None", "interestIncome": "None", "interestExpense": "623000", "nonInterestIncome": "None", "otherNonOperatingIncome": "496000", "depreciation": "None", "depreciationAndAmortization": "5094000", "incomeBeforeTax": "117130000", "incomeTaxExpense": "14445000", "interestAndDebtExpense": "None", "netIncomeFromContinuingOperations": "102685000", "comprehensiveIncomeNetOfTax": "None", "ebit": "117753000", "ebitda": "122847000", "netIncome": "102685000"}, {"fiscalDateEnding": "2017-03-31", "reportedCurrency": "USD", "grossProfit": "214210000", "totalRevenue": "335475000", "costOfRevenue": "121265000", "costofGoodsAndServicesSold": "121265000", "operatingIncome": "73418000", "sellingGeneralAndAdministrative": "22155000", "researchAndDevelopment": "81610000", "operatingExpenses": "140792000", "investmentIncomeNet": "None", "netInterestIncome": "None", "interestIncome": "None", "interestExpense": "715000", "nonInterestIncome": "None", "otherNonOperatingIncome": "310000", "depreciation": "None", "depreciationAndAmortization": "4939000", "incomeBeforeTax": "73728000", "incomeTaxExpense": "-9233000", "interestAndDebtExpense": "None", "netIncomeFromContinuingOperations": "82928000", "comprehensiveIncomeNetOfTax": "None", "ebit": "74443000", "ebitda": "79382000", "netIncome": "82961000"}, {"fiscalDateEnding": "2016-12-31", "reportedCurrency": "USD", "grossProfit": "210155000", "totalRevenue": "327969000", "costOfRevenue": "117814000", "costofGoodsAndServicesSold": "117814000", "operatingIncome": "77495000", "sellingGeneralAndAdministrative": "22941000", "researchAndDevelopment": "71398000", "operatingExpenses": "132660000", "investmentIncomeNet": "None", "netInterestIncome": "None", "interestIncome": "None", "interestExpense": "918000", "nonInterestIncome": "None", "otherNonOperatingIncome": "None", "depreciation": "None", "depreciationAndAmortization": "4942000", "incomeBeforeTax": "77137000", "incomeTaxExpense": "18354000", "interestAndDebtExpense": "None", "netIncomeFromContinuingOperations": "210740000", "comprehensiveIncomeNetOfTax": "None", "ebit": "78055000", "ebitda": "82997000", "netIncome": "58783000"}, {"fiscalDateEnding": "2016-09-30", "reportedCurrency": "USD", "grossProfit": "186420000", "totalRevenue": "290261000", "costOfRevenue": "103841000", "costofGoodsAndServicesSold": "103841000", "operatingIncome": "63021000", "sellingGeneralAndAdministrative": "19535000", "researchAndDevelopment": "70648000", "operatingExpenses": "123399000", "investmentIncomeNet": "None", "netInterestIncome": "None", "interestIncome": "None", "interestExpense": "735000", "nonInterestIncome": "None", "otherNonOperatingIncome": "-96000", "depreciation": "None", "depreciationAndAmortization": "5145000", "incomeBeforeTax": "62925000", "incomeTaxExpense": "11668000", "interestAndDebtExpense": "None", "netIncomeFromContinuingOperations": "51225000", "comprehensiveIncomeNetOfTax": "None", "ebit": "63660000", "ebitda": "68805000", "netIncome": "51257000"}, {"fiscalDateEnding": "2016-06-30", "reportedCurrency": "USD", "grossProfit": "171451000", "totalRevenue": "268741000", "costOfRevenue": "97290000", "costofGoodsAndServicesSold": "97290000", "operatingIncome": "53158000", "sellingGeneralAndAdministrative": "17529000", "researchAndDevelopment": "69020000", "operatingExpenses": "118293000", "investmentIncomeNet": "None", "netInterestIncome": "None", "interestIncome": "None", "interestExpense": "732000", "nonInterestIncome": "None", "otherNonOperatingIncome": "-316000", "depreciation": "None", "depreciationAndAmortization": "4883000", "incomeBeforeTax": "52842000", "incomeTaxExpense": "13938000", "interestAndDebtExpense": "None", "netIncomeFromContinuingOperations": "38904000", "comprehensiveIncomeNetOfTax": "None", "ebit": "53574000", "ebitda": "58457000", "netIncome": "38904000"}, {"fiscalDateEnding": "2016-03-31", "reportedCurrency": "USD", "grossProfit": "155090000", "totalRevenue": "242196000", "costOfRevenue": "87106000", "costofGoodsAndServicesSold": "87106000", "operatingIncome": "49735000", "sellingGeneralAndAdministrative": "15234000", "researchAndDevelopment": "62515000", "operatingExpenses": "105355000", "investmentIncomeNet": "None", "netInterestIncome": "None", "interestIncome": "None", "interestExpense": "751000", "nonInterestIncome": "None", "otherNonOperatingIncome": "-414000", "depreciation": "None", "depreciationAndAmortization": "4779000", "incomeBeforeTax": "49321000", "incomeTaxExpense": "14076000", "interestAndDebtExpense": "None", "netIncomeFromContinuingOperations": "35245000", "comprehensiveIncomeNetOfTax": "None", "ebit": "50072000", "ebitda": "54851000", "netIncome": "35245000"}, {"fiscalDateEnding": "2015-12-31", "reportedCurrency": "USD", "grossProfit": "156168000", "totalRevenue": "245446000", "costOfRevenue": "89278000", "costofGoodsAndServicesSold": "89278000", "operatingIncome": "49397000", "sellingGeneralAndAdministrative": "18050000", "researchAndDevelopment": "57413000", "operatingExpenses": "106771000", "investmentIncomeNet": "None", "netInterestIncome": "None", "interestIncome": "None", "interestExpense": "746000", "nonInterestIncome": "None", "otherNonOperatingIncome": "None", "depreciation": "None", "depreciationAndAmortization": "3947000", "incomeBeforeTax": "48542000", "incomeTaxExpense": "4618000", "interestAndDebtExpense": "None", "netIncomeFromContinuingOperations": "121102000", "comprehensiveIncomeNetOfTax": "None", "ebit": "49288000", "ebitda": "53235000", "netIncome": "43924000"}, {"fiscalDateEnding": "2015-09-30", "reportedCurrency": "USD", "grossProfit": "141748000", "totalRevenue": "217548000", "costOfRevenue": "75800000", "costofGoodsAndServicesSold": "75800000", "operatingIncome": "31297000", "sellingGeneralAndAdministrative": "25195000", "researchAndDevelopment": "58748000", "operatingExpenses": "110451000", "investmentIncomeNet": "None", "netInterestIncome": "None", "interestIncome": "None", "interestExpense": "753000", "nonInterestIncome": "None", "otherNonOperatingIncome": "-740000", "depreciation": "None", "depreciationAndAmortization": "3478000", "incomeBeforeTax": "30557000", "incomeTaxExpense": "1867000", "interestAndDebtExpense": "None", "netIncomeFromContinuingOperations": "28690000", "comprehensiveIncomeNetOfTax": "None", "ebit": "31310000", "ebitda": "34788000", "netIncome": "28690000"}, {"fiscalDateEnding": "2015-06-30", "reportedCurrency": "USD", "grossProfit": "127890000", "totalRevenue": "195552000", "costOfRevenue": "67662000", "costofGoodsAndServicesSold": "67662000", "operatingIncome": "32859000", "sellingGeneralAndAdministrative": "18403000", "researchAndDevelopment": "49947000", "operatingExpenses": "95031000", "investmentIncomeNet": "None", "netInterestIncome": "None", "interestIncome": "None", "interestExpense": "832000", "nonInterestIncome": "None", "otherNonOperatingIncome": "None", "depreciation": "None", "depreciationAndAmortization": "3353000", "incomeBeforeTax": "32444000", "incomeTaxExpense": "8448000", "interestAndDebtExpense": "None", "netIncomeFromContinuingOperations": "0", "comprehensiveIncomeNetOfTax": "None", "ebit": "33276000", "ebitda": "36629000", "netIncome": "23996000"}, {"fiscalDateEnding": "2015-03-31", "reportedCurrency": "USD", "grossProfit": "117754000", "totalRevenue": "179045000", "costOfRevenue": "61291000", "costofGoodsAndServicesSold": "61291000", "operatingIncome": "35755000", "sellingGeneralAndAdministrative": "14072000", "researchAndDevelopment": "43340000", "operatingExpenses": "81999000", "investmentIncomeNet": "None", "netInterestIncome": "None", "interestIncome": "None", "interestExpense": "821000", "nonInterestIncome": "None", "otherNonOperatingIncome": "-1289000", "depreciation": "None", "depreciationAndAmortization": "2893000", "incomeBeforeTax": "34466000", "incomeTaxExpense": "9974000", "interestAndDebtExpense": "None", "netIncomeFromContinuingOperations": "24492000", "comprehensiveIncomeNetOfTax": "None", "ebit": "35287000", "ebitda": "38180000", "netIncome": "24492000"}, {"fiscalDateEnding": "2014-12-31", "reportedCurrency": "USD", "grossProfit": "116440000", "totalRevenue": "173489000", "costOfRevenue": "57049000", "costofGoodsAndServicesSold": "57049000", "operatingIncome": "39002000", "sellingGeneralAndAdministrative": "8078000", "researchAndDevelopment": "44344000", "operatingExpenses": "77438000", "investmentIncomeNet": "None", "netInterestIncome": "None", "interestIncome": "None", "interestExpense": "768000", "nonInterestIncome": "None", "otherNonOperatingIncome": "None", "depreciation": "None", "depreciationAndAmortization": "2655000", "incomeBeforeTax": "38083000", "incomeTaxExpense": "7046000", "interestAndDebtExpense": "None", "netIncomeFromContinuingOperations": "86850000", "comprehensiveIncomeNetOfTax": "None", "ebit": "38851000", "ebitda": "41506000", "netIncome": "31037000"}, {"fiscalDateEnding": "2014-09-30", "reportedCurrency": "USD", "grossProfit": "100957000", "totalRevenue": "155463000", "costOfRevenue": "54506000", "costofGoodsAndServicesSold": "54506000", "operatingIncome": "33874000", "sellingGeneralAndAdministrative": "9896000", "researchAndDevelopment": "36231000", "operatingExpenses": "67083000", "investmentIncomeNet": "None", "netInterestIncome": "None", "interestIncome": "None", "interestExpense": "764000", "nonInterestIncome": "None", "otherNonOperatingIncome": "-1588000", "depreciation": "None", "depreciationAndAmortization": "2653000", "incomeBeforeTax": "32286000", "incomeTaxExpense": "10420000", "interestAndDebtExpense": "None", "netIncomeFromContinuingOperations": "21866000", "comprehensiveIncomeNetOfTax": "None", "ebit": "33050000", "ebitda": "35703000", "netIncome": "21866000"}, {"fiscalDateEnding": "2014-06-30", "reportedCurrency": "USD", "grossProfit": "93380000", "totalRevenue": "137947000", "costOfRevenue": "44567000", "costofGoodsAndServicesSold": "44567000", "operatingIncome": "30655000", "sellingGeneralAndAdministrative": "7126000", "researchAndDevelopment": "34888000", "operatingExpenses": "62725000", "investmentIncomeNet": "None", "netInterestIncome": "None", "interestIncome": "None", "interestExpense": "2204000", "nonInterestIncome": "None", "otherNonOperatingIncome": "1387000", "depreciation": "None", "depreciationAndAmortization": "2428000", "incomeBeforeTax": "31692000", "incomeTaxExpense": "10074000", "interestAndDebtExpense": "None", "netIncomeFromContinuingOperations": "21618000", "comprehensiveIncomeNetOfTax": "None", "ebit": "33896000", "ebitda": "36324000", "netIncome": "21618000"}, {"fiscalDateEnding": "2014-03-31", "reportedCurrency": "USD", "grossProfit": "81314000", "totalRevenue": "117207000", "costOfRevenue": "35893000", "costofGoodsAndServicesSold": "35893000", "operatingIncome": "21982000", "sellingGeneralAndAdministrative": "7231000", "researchAndDevelopment": "33446000", "operatingExpenses": "59332000", "investmentIncomeNet": "None", "netInterestIncome": "None", "interestIncome": "None", "interestExpense": "2543000", "nonInterestIncome": "None", "otherNonOperatingIncome": "None", "depreciation": "None", "depreciationAndAmortization": "2285000", "incomeBeforeTax": "19447000", "incomeTaxExpense": "7118000", "interestAndDebtExpense": "None", "netIncomeFromContinuingOperations": "0", "comprehensiveIncomeNetOfTax": "None", "ebit": "21990000", "ebitda": "24275000", "netIncome": "12329000"}, {"fiscalDateEnding": "2013-12-31", "reportedCurrency": "USD", "grossProfit": "77473000", "totalRevenue": "114766000", "costOfRevenue": "37293000", "costofGoodsAndServicesSold": "37293000", "operatingIncome": "22505000", "sellingGeneralAndAdministrative": "6204000", "researchAndDevelopment": "31352000", "operatingExpenses": "54968000", "investmentIncomeNet": "None", "netInterestIncome": "None", "interestIncome": "None", "interestExpense": "1799000", "nonInterestIncome": "None", "otherNonOperatingIncome": "None", "depreciation": "None", "depreciationAndAmortization": "2539000", "incomeBeforeTax": "20075000", "incomeTaxExpense": "6333000", "interestAndDebtExpense": "None", "netIncomeFromContinuingOperations": "0", "comprehensiveIncomeNetOfTax": "None", "ebit": "21874000", "ebitda": "24413000", "netIncome": "13742000"}, {"fiscalDateEnding": "2013-09-30", "reportedCurrency": "USD", "grossProfit": "65036000", "totalRevenue": "101625000", "costOfRevenue": "36589000", "costofGoodsAndServicesSold": "36589000", "operatingIncome": "18636000", "sellingGeneralAndAdministrative": "5242000", "researchAndDevelopment": "26635000", "operatingExpenses": "46400000", "investmentIncomeNet": "None", "netInterestIncome": "None", "interestIncome": "None", "interestExpense": "1797000", "nonInterestIncome": "None", "otherNonOperatingIncome": "None", "depreciation": "None", "depreciationAndAmortization": "1021000", "incomeBeforeTax": "16816000", "incomeTaxExpense": "4960000", "interestAndDebtExpense": "None", "netIncomeFromContinuingOperations": "0", "comprehensiveIncomeNetOfTax": "None", "ebit": "18613000", "ebitda": "19634000", "netIncome": "11856000"}, {"fiscalDateEnding": "2013-06-30", "reportedCurrency": "USD", "grossProfit": "53901000", "totalRevenue": "83485000", "costOfRevenue": "29584000", "costofGoodsAndServicesSold": "29584000", "operatingIncome": "16264000", "sellingGeneralAndAdministrative": "3506000", "researchAndDevelopment": "21086000", "operatingExpenses": "37637000", "investmentIncomeNet": "None", "netInterestIncome": "None", "interestIncome": "None", "interestExpense": "1772000", "nonInterestIncome": "None", "otherNonOperatingIncome": "None", "depreciation": "None", "depreciationAndAmortization": "767000", "incomeBeforeTax": "14491000", "incomeTaxExpense": "4240000", "interestAndDebtExpense": "None", "netIncomeFromContinuingOperations": "0", "comprehensiveIncomeNetOfTax": "None", "ebit": "16263000", "ebitda": "17030000", "netIncome": "10251000"}, {"fiscalDateEnding": "2013-03-31", "reportedCurrency": "USD", "grossProfit": "42128000", "totalRevenue": "61348000", "costOfRevenue": "19220000", "costofGoodsAndServicesSold": "19220000", "operatingIncome": "8743000", "sellingGeneralAndAdministrative": "3736000", "researchAndDevelopment": "19514000", "operatingExpenses": "33385000", "investmentIncomeNet": "None", "netInterestIncome": "None", "interestIncome": "None", "interestExpense": "1751000", "nonInterestIncome": "None", "otherNonOperatingIncome": "None", "depreciation": "None", "depreciationAndAmortization": "717000", "incomeBeforeTax": "6893000", "incomeTaxExpense": "282000", "interestAndDebtExpense": "None", "netIncomeFromContinuingOperations": "0", "comprehensiveIncomeNetOfTax": "None", "ebit": "8644000", "ebitda": "9361000", "netIncome": "6611000"}, {"fiscalDateEnding": "2012-12-31", "reportedCurrency": "None", "grossProfit": "41351000", "totalRevenue": "57341000", "costOfRevenue": "15990000", "costofGoodsAndServicesSold": "15990000", "operatingIncome": "11039000", "sellingGeneralAndAdministrative": "2931000", "researchAndDevelopment": "18548000", "operatingExpenses": "30311999", "investmentIncomeNet": "None", "netInterestIncome": "None", "interestIncome": "None", "interestExpense": "None", "nonInterestIncome": "None", "otherNonOperatingIncome": "None", "depreciation": "None", "depreciationAndAmortization": "555000", "incomeBeforeTax": "9320000", "incomeTaxExpense": "3040000", "interestAndDebtExpense": "None", "netIncomeFromContinuingOperations": "None", "comprehensiveIncomeNetOfTax": "None", "ebit": "11039000", "ebitda": "11594000", "netIncome": "2922000"}]}