{"symbol": "NEM", "annualReports": [{"fiscalDateEnding": "2024-12-31", "reportedCurrency": "USD", "grossProfit": "6424000000", "totalRevenue": "18557000000", "costOfRevenue": "12133000000", "costofGoodsAndServicesSold": "12133000000", "operatingIncome": "5748000000", "sellingGeneralAndAdministrative": "442000000", "researchAndDevelopment": "197000000", "operatingExpenses": "676000000", "investmentIncomeNet": "None", "netInterestIncome": "-223000000", "interestIncome": "152000000", "interestExpense": "385000000", "nonInterestIncome": "None", "otherNonOperatingIncome": "None", "depreciation": "None", "depreciationAndAmortization": "2904000000", "incomeBeforeTax": "4577000000", "incomeTaxExpense": "1397000000", "interestAndDebtExpense": "None", "netIncomeFromContinuingOperations": "3313000000", "comprehensiveIncomeNetOfTax": "None", "ebit": "4962000000", "ebitda": "7866000000", "netIncome": "3348000000"}, {"fiscalDateEnding": "2023-12-31", "reportedCurrency": "USD", "grossProfit": "3005000000", "totalRevenue": "11812000000", "costOfRevenue": "8807000000", "costofGoodsAndServicesSold": "8807000000", "operatingIncome": "708000000", "sellingGeneralAndAdministrative": "299000000", "researchAndDevelopment": "200000000", "operatingExpenses": "2297000000", "investmentIncomeNet": "None", "netInterestIncome": "-72000000", "interestIncome": "143000000", "interestExpense": "243000000", "nonInterestIncome": "None", "otherNonOperatingIncome": "None", "depreciation": "None", "depreciationAndAmortization": "2108000000", "incomeBeforeTax": "-2031000000", "incomeTaxExpense": "526000000", "interestAndDebtExpense": "None", "netIncomeFromContinuingOperations": "-803000000", "comprehensiveIncomeNetOfTax": "None", "ebit": "-1788000000", "ebitda": "320000000", "netIncome": "-2494000000"}, {"fiscalDateEnding": "2022-12-31", "reportedCurrency": "USD", "grossProfit": "3262000000", "totalRevenue": "11915000000", "costOfRevenue": "8653000000", "costofGoodsAndServicesSold": "8653000000", "operatingIncome": "1461000000", "sellingGeneralAndAdministrative": "276000000", "researchAndDevelopment": "229000000", "operatingExpenses": "1657000000", "investmentIncomeNet": "None", "netInterestIncome": "-149000000", "interestIncome": "78000000", "interestExpense": "227000000", "nonInterestIncome": "None", "otherNonOperatingIncome": "80000000", "depreciation": "None", "depreciationAndAmortization": "3106000000", "incomeBeforeTax": "-51000000", "incomeTaxExpense": "455000000", "interestAndDebtExpense": "None", "netIncomeFromContinuingOperations": "-399000000", "comprehensiveIncomeNetOfTax": "None", "ebit": "176000000", "ebitda": "3282000000", "netIncome": "-506000000"}, {"fiscalDateEnding": "2021-12-31", "reportedCurrency": "USD", "grossProfit": "4464000000", "totalRevenue": "12222000000", "costOfRevenue": "7758000000", "costofGoodsAndServicesSold": "7758000000", "operatingIncome": "1741000000", "sellingGeneralAndAdministrative": "259000000", "researchAndDevelopment": "154000000", "operatingExpenses": "2476000000", "investmentIncomeNet": "None", "netInterestIncome": "-256000000", "interestIncome": "368000000", "interestExpense": "274000000", "nonInterestIncome": "None", "otherNonOperatingIncome": "291000000", "depreciation": "None", "depreciationAndAmortization": "4169000000", "incomeBeforeTax": "1108000000", "incomeTaxExpense": "1098000000", "interestAndDebtExpense": "None", "netIncomeFromContinuingOperations": "176000000", "comprehensiveIncomeNetOfTax": "None", "ebit": "1374000000", "ebitda": "5543000000", "netIncome": "10000000"}, {"fiscalDateEnding": "2020-12-31", "reportedCurrency": "USD", "grossProfit": "4183000000", "totalRevenue": "11497000000", "costOfRevenue": "7314000000", "costofGoodsAndServicesSold": "7314000000", "operatingIncome": "2823000000", "sellingGeneralAndAdministrative": "269000000", "researchAndDevelopment": "122000000", "operatingExpenses": "1122000000", "investmentIncomeNet": "None", "netInterestIncome": "-284000000", "interestIncome": "24000000", "interestExpense": "308000000", "nonInterestIncome": "None", "otherNonOperatingIncome": "834000000", "depreciation": "None", "depreciationAndAmortization": "2666000000", "incomeBeforeTax": "3143000000", "incomeTaxExpense": "704000000", "interestAndDebtExpense": "None", "netIncomeFromContinuingOperations": "2628000000", "comprehensiveIncomeNetOfTax": "None", "ebit": "3434000000", "ebitda": "6100000000", "netIncome": "2829000000"}, {"fiscalDateEnding": "2019-12-31", "reportedCurrency": "USD", "grossProfit": "2585000000", "totalRevenue": "9740000000", "costOfRevenue": "7155000000", "costofGoodsAndServicesSold": "7155000000", "operatingIncome": "3999000000", "sellingGeneralAndAdministrative": "313000000", "researchAndDevelopment": "150000000", "operatingExpenses": "1008000000", "investmentIncomeNet": "None", "netInterestIncome": "-244000000", "interestIncome": "57000000", "interestExpense": "301000000", "nonInterestIncome": "None", "otherNonOperatingIncome": "2511000000", "depreciation": "None", "depreciationAndAmortization": "2240000000", "incomeBeforeTax": "3693000000", "incomeTaxExpense": "832000000", "interestAndDebtExpense": "None", "netIncomeFromContinuingOperations": "2956000000", "comprehensiveIncomeNetOfTax": "None", "ebit": "4005000000", "ebitda": "6245000000", "netIncome": "2805000000"}, {"fiscalDateEnding": "2018-12-31", "reportedCurrency": "USD", "grossProfit": "1945000000", "totalRevenue": "7253000000", "costOfRevenue": "5308000000", "costofGoodsAndServicesSold": "5308000000", "operatingIncome": "1188000000", "sellingGeneralAndAdministrative": "244000000", "researchAndDevelopment": "153000000", "operatingExpenses": "757000000", "investmentIncomeNet": "None", "netInterestIncome": "-151000000", "interestIncome": "159000000", "interestExpense": "207000000", "nonInterestIncome": "None", "otherNonOperatingIncome": "None", "depreciation": "None", "depreciationAndAmortization": "1378000000", "incomeBeforeTax": "738000000", "incomeTaxExpense": "386000000", "interestAndDebtExpense": "None", "netIncomeFromContinuingOperations": "319000000", "comprehensiveIncomeNetOfTax": "None", "ebit": "935000000", "ebitda": "2313000000", "netIncome": "341000000"}, {"fiscalDateEnding": "2017-12-31", "reportedCurrency": "USD", "grossProfit": "2056000000", "totalRevenue": "7379000000", "costOfRevenue": "5323000000", "costofGoodsAndServicesSold": "5323000000", "operatingIncome": "1325000000", "sellingGeneralAndAdministrative": "237000000", "researchAndDevelopment": "143000000", "operatingExpenses": "751000000", "investmentIncomeNet": "None", "netInterestIncome": "-213000000", "interestIncome": "28000000", "interestExpense": "241000000", "nonInterestIncome": "None", "otherNonOperatingIncome": "-203000000", "depreciation": "None", "depreciationAndAmortization": "1453000000", "incomeBeforeTax": "1072000000", "incomeTaxExpense": "1127000000", "interestAndDebtExpense": "None", "netIncomeFromContinuingOperations": "-49000000", "comprehensiveIncomeNetOfTax": "None", "ebit": "1143000000", "ebitda": "2596000000", "netIncome": "-114000000"}, {"fiscalDateEnding": "2016-12-31", "reportedCurrency": "USD", "grossProfit": "1719000000", "totalRevenue": "6711000000", "costOfRevenue": "4992000000", "costofGoodsAndServicesSold": "4992000000", "operatingIncome": "1023000000", "sellingGeneralAndAdministrative": "233000000", "researchAndDevelopment": "134000000", "operatingExpenses": "694000000", "investmentIncomeNet": "None", "netInterestIncome": "-273000000", "interestIncome": "271000000", "interestExpense": "273000000", "nonInterestIncome": "None", "otherNonOperatingIncome": "-217000000", "depreciation": "None", "depreciationAndAmortization": "1399000000", "incomeBeforeTax": "-214000000", "incomeTaxExpense": "563000000", "interestAndDebtExpense": "None", "netIncomeFromContinuingOperations": "-790000000", "comprehensiveIncomeNetOfTax": "None", "ebit": "26000000", "ebitda": "1425000000", "netIncome": "-627000000"}, {"fiscalDateEnding": "2015-12-31", "reportedCurrency": "USD", "grossProfit": "2178000000", "totalRevenue": "7729000000", "costOfRevenue": "5551000000", "costofGoodsAndServicesSold": "5551000000", "operatingIncome": "1301000000", "sellingGeneralAndAdministrative": "183000000", "researchAndDevelopment": "133000000", "operatingExpenses": "738000000", "investmentIncomeNet": "None", "netInterestIncome": "None", "interestIncome": "266000000", "interestExpense": "325000000", "nonInterestIncome": "None", "otherNonOperatingIncome": "-242000000", "depreciation": "None", "depreciationAndAmortization": "1239000000", "incomeBeforeTax": "966000000", "incomeTaxExpense": "644000000", "interestAndDebtExpense": "None", "netIncomeFromContinuingOperations": "277000000", "comprehensiveIncomeNetOfTax": "None", "ebit": "455000000", "ebitda": "1694000000", "netIncome": "220000000"}, {"fiscalDateEnding": "2014-12-31", "reportedCurrency": "USD", "grossProfit": "1606000000", "totalRevenue": "7292000000", "costOfRevenue": "5686000000", "costofGoodsAndServicesSold": "5686000000", "operatingIncome": "421000000", "sellingGeneralAndAdministrative": "186000000", "researchAndDevelopment": "161000000", "operatingExpenses": "665000000", "investmentIncomeNet": "None", "netInterestIncome": "None", "interestIncome": "None", "interestExpense": "361000000", "nonInterestIncome": "None", "otherNonOperatingIncome": "153000000", "depreciation": "None", "depreciationAndAmortization": "1229000000", "incomeBeforeTax": "506000000", "incomeTaxExpense": "133000000", "interestAndDebtExpense": "None", "netIncomeFromContinuingOperations": "369000000", "comprehensiveIncomeNetOfTax": "None", "ebit": "893000000", "ebitda": "2122000000", "netIncome": "508000000"}, {"fiscalDateEnding": "2013-12-31", "reportedCurrency": "USD", "grossProfit": "1774000000", "totalRevenue": "8322000000", "costOfRevenue": "6548000000", "costofGoodsAndServicesSold": "6548000000", "operatingIncome": "863000000", "sellingGeneralAndAdministrative": "203000000", "researchAndDevelopment": "222000000", "operatingExpenses": "753000000", "investmentIncomeNet": "None", "netInterestIncome": "None", "interestIncome": "None", "interestExpense": "303000000", "nonInterestIncome": "None", "otherNonOperatingIncome": "41000000", "depreciation": "None", "depreciationAndAmortization": "1362000000", "incomeBeforeTax": "-3585000000", "incomeTaxExpense": "-813000000", "interestAndDebtExpense": "None", "netIncomeFromContinuingOperations": "-2777000000", "comprehensiveIncomeNetOfTax": "None", "ebit": "-4139000000", "ebitda": "-2777000000", "netIncome": "-2462000000"}, {"fiscalDateEnding": "2012-12-31", "reportedCurrency": "USD", "grossProfit": "4598000000", "totalRevenue": "9868000000", "costOfRevenue": "5270000000", "costofGoodsAndServicesSold": "5270000000", "operatingIncome": "3350000000", "sellingGeneralAndAdministrative": "212000000", "researchAndDevelopment": "348000000", "operatingExpenses": "1248000000", "investmentIncomeNet": "None", "netInterestIncome": "None", "interestIncome": "None", "interestExpense": "249000000", "nonInterestIncome": "None", "otherNonOperatingIncome": "-22000000", "depreciation": "None", "depreciationAndAmortization": "1032000000", "incomeBeforeTax": "3114000000", "incomeTaxExpense": "869000000", "interestAndDebtExpense": "None", "netIncomeFromContinuingOperations": "2194000000", "comprehensiveIncomeNetOfTax": "None", "ebit": "3363000000", "ebitda": "4395000000", "netIncome": "1809000000"}, {"fiscalDateEnding": "2011-12-31", "reportedCurrency": "USD", "grossProfit": "6118000000", "totalRevenue": "10358000000", "costOfRevenue": "4240000000", "costofGoodsAndServicesSold": "4240000000", "operatingIncome": "4126000000", "sellingGeneralAndAdministrative": "318000000", "researchAndDevelopment": "373000000", "operatingExpenses": "1992000000", "investmentIncomeNet": "None", "netInterestIncome": "None", "interestIncome": "None", "interestExpense": "244000000", "nonInterestIncome": "None", "otherNonOperatingIncome": "-221000000", "depreciation": "None", "depreciationAndAmortization": "1036000000", "incomeBeforeTax": "1810000000", "incomeTaxExpense": "713000000", "interestAndDebtExpense": "None", "netIncomeFromContinuingOperations": "1108000000", "comprehensiveIncomeNetOfTax": "None", "ebit": "4126000000", "ebitda": "5162000000", "netIncome": "366000000"}, {"fiscalDateEnding": "2010-12-31", "reportedCurrency": "USD", "grossProfit": "6056000000", "totalRevenue": "9540000000", "costOfRevenue": "3484000000", "costofGoodsAndServicesSold": "3484000000", "operatingIncome": "4238000000", "sellingGeneralAndAdministrative": "178000000", "researchAndDevelopment": "216000000", "operatingExpenses": "1818000000", "investmentIncomeNet": "None", "netInterestIncome": "None", "interestIncome": "None", "interestExpense": "279000000", "nonInterestIncome": "None", "otherNonOperatingIncome": "-167000000", "depreciation": "None", "depreciationAndAmortization": "945000000", "incomeBeforeTax": "3997000000", "incomeTaxExpense": "856000000", "interestAndDebtExpense": "None", "netIncomeFromContinuingOperations": "3144000000", "comprehensiveIncomeNetOfTax": "None", "ebit": "4276000000", "ebitda": "5221000000", "netIncome": "2277000000"}, {"fiscalDateEnding": "2009-12-31", "reportedCurrency": "USD", "grossProfit": "4469000000", "totalRevenue": "7705000000", "costOfRevenue": "3236000000", "costofGoodsAndServicesSold": "3236000000", "operatingIncome": "2952000000", "sellingGeneralAndAdministrative": "193000000", "researchAndDevelopment": "135000000", "operatingExpenses": "1517000000", "investmentIncomeNet": "None", "netInterestIncome": "None", "interestIncome": "None", "interestExpense": "120000000", "nonInterestIncome": "None", "otherNonOperatingIncome": "-48000000", "depreciation": "None", "depreciationAndAmortization": "806000000", "incomeBeforeTax": "2913000000", "incomeTaxExpense": "788000000", "interestAndDebtExpense": "None", "netIncomeFromContinuingOperations": "2109000000", "comprehensiveIncomeNetOfTax": "None", "ebit": "3074000000", "ebitda": "3880000000", "netIncome": "1297000000"}, {"fiscalDateEnding": "2008-12-31", "reportedCurrency": "USD", "grossProfit": "2841000000", "totalRevenue": "6199000000", "costOfRevenue": "3358000000", "costofGoodsAndServicesSold": "3358000000", "operatingIncome": "1392000000", "sellingGeneralAndAdministrative": "176000000", "researchAndDevelopment": "166000000", "operatingExpenses": "1449000000", "investmentIncomeNet": "None", "netInterestIncome": "None", "interestIncome": "None", "interestExpense": "102000000", "nonInterestIncome": "None", "otherNonOperatingIncome": "None", "depreciation": "None", "depreciationAndAmortization": "747000000", "incomeBeforeTax": "1276000000", "incomeTaxExpense": "113000000", "interestAndDebtExpense": "None", "netIncomeFromContinuingOperations": "None", "comprehensiveIncomeNetOfTax": "None", "ebit": "1420000000", "ebitda": "2167000000", "netIncome": "853000000"}, {"fiscalDateEnding": "2007-12-31", "reportedCurrency": "USD", "grossProfit": "2548000000", "totalRevenue": "5526000000", "costOfRevenue": "2978000000", "costofGoodsAndServicesSold": "2978000000", "operatingIncome": "1323000000", "sellingGeneralAndAdministrative": "143000000", "researchAndDevelopment": "62000000", "operatingExpenses": "1225000000", "investmentIncomeNet": "None", "netInterestIncome": "None", "interestIncome": "None", "interestExpense": "105000000", "nonInterestIncome": "None", "otherNonOperatingIncome": "None", "depreciation": "None", "depreciationAndAmortization": "695000000", "incomeBeforeTax": "-763000000", "incomeTaxExpense": "200000000", "interestAndDebtExpense": "None", "netIncomeFromContinuingOperations": "None", "comprehensiveIncomeNetOfTax": "None", "ebit": "-181000000", "ebitda": "514000000", "netIncome": "-1886000000"}, {"fiscalDateEnding": "2006-12-31", "reportedCurrency": "USD", "grossProfit": "2302000000", "totalRevenue": "4987000000", "costOfRevenue": "2685000000", "costofGoodsAndServicesSold": "2685000000", "operatingIncome": "1423000000", "sellingGeneralAndAdministrative": "149000000", "researchAndDevelopment": "94000000", "operatingExpenses": "879000000", "investmentIncomeNet": "None", "netInterestIncome": "None", "interestIncome": "None", "interestExpense": "97000000", "nonInterestIncome": "None", "otherNonOperatingIncome": "None", "depreciation": "None", "depreciationAndAmortization": "636000000", "incomeBeforeTax": "1625000000", "incomeTaxExpense": "424000000", "interestAndDebtExpense": "None", "netIncomeFromContinuingOperations": "None", "comprehensiveIncomeNetOfTax": "None", "ebit": "1297000000", "ebitda": "1933000000", "netIncome": "791000000"}, {"fiscalDateEnding": "2005-12-31", "reportedCurrency": "USD", "grossProfit": "1828000000", "totalRevenue": "4406000000", "costOfRevenue": "2578000000", "costofGoodsAndServicesSold": "2578000000", "operatingIncome": "977000000", "sellingGeneralAndAdministrative": "134000000", "researchAndDevelopment": "73000000", "operatingExpenses": "851000000", "investmentIncomeNet": "None", "netInterestIncome": "None", "interestIncome": "None", "interestExpense": "98000000", "nonInterestIncome": "None", "otherNonOperatingIncome": "None", "depreciation": "None", "depreciationAndAmortization": "615000000", "incomeBeforeTax": "1064000000", "incomeTaxExpense": "314000000", "interestAndDebtExpense": "None", "netIncomeFromContinuingOperations": "None", "comprehensiveIncomeNetOfTax": "None", "ebit": "1163000000", "ebitda": "1778000000", "netIncome": "322000000"}], "quarterlyReports": [{"fiscalDateEnding": "2024-12-31", "reportedCurrency": "USD", "grossProfit": "2558000000", "totalRevenue": "5724000000", "costOfRevenue": "3166000000", "costofGoodsAndServicesSold": "3166000000", "operatingIncome": "2339000000", "sellingGeneralAndAdministrative": "128000000", "researchAndDevelopment": "48000000", "operatingExpenses": "219000000", "investmentIncomeNet": "None", "netInterestIncome": "-55000000", "interestIncome": "38000000", "interestExpense": "93000000", "nonInterestIncome": "None", "otherNonOperatingIncome": "None", "depreciation": "None", "depreciationAndAmortization": "693000000", "incomeBeforeTax": "2054000000", "incomeTaxExpense": "702000000", "interestAndDebtExpense": "None", "netIncomeFromContinuingOperations": "1421000000", "comprehensiveIncomeNetOfTax": "None", "ebit": "2111000000", "ebitda": "2804000000", "netIncome": "1403000000"}, {"fiscalDateEnding": "2024-09-30", "reportedCurrency": "USD", "grossProfit": "1453000000", "totalRevenue": "4600000000", "costOfRevenue": "3147000000", "costofGoodsAndServicesSold": "3147000000", "operatingIncome": "1285000000", "sellingGeneralAndAdministrative": "113000000", "researchAndDevelopment": "47000000", "operatingExpenses": "168000000", "investmentIncomeNet": "None", "netInterestIncome": "-49000000", "interestIncome": "37000000", "interestExpense": "86000000", "nonInterestIncome": "None", "otherNonOperatingIncome": "None", "depreciation": "None", "depreciationAndAmortization": "763000000", "incomeBeforeTax": "1059000000", "incomeTaxExpense": "244000000", "interestAndDebtExpense": "None", "netIncomeFromContinuingOperations": "875000000", "comprehensiveIncomeNetOfTax": "None", "ebit": "1145000000", "ebitda": "1908000000", "netIncome": "922000000"}, {"fiscalDateEnding": "2024-06-30", "reportedCurrency": "USD", "grossProfit": "1402000000", "totalRevenue": "4311000000", "costOfRevenue": "2909000000", "costofGoodsAndServicesSold": "2909000000", "operatingIncome": "1233000000", "sellingGeneralAndAdministrative": "100000000", "researchAndDevelopment": "49000000", "operatingExpenses": "169000000", "investmentIncomeNet": "None", "netInterestIncome": "-65000000", "interestIncome": "38000000", "interestExpense": "103000000", "nonInterestIncome": "None", "otherNonOperatingIncome": "None", "depreciation": "None", "depreciationAndAmortization": "696000000", "incomeBeforeTax": "1036000000", "incomeTaxExpense": "191000000", "interestAndDebtExpense": "None", "netIncomeFromContinuingOperations": "842000000", "comprehensiveIncomeNetOfTax": "None", "ebit": "1139000000", "ebitda": "1835000000", "netIncome": "853000000"}, {"fiscalDateEnding": "2024-03-31", "reportedCurrency": "USD", "grossProfit": "1090000000", "totalRevenue": "4001000000", "costOfRevenue": "2911000000", "costofGoodsAndServicesSold": "2911000000", "operatingIncome": "931000000", "sellingGeneralAndAdministrative": "101000000", "researchAndDevelopment": "53000000", "operatingExpenses": "159000000", "investmentIncomeNet": "None", "netInterestIncome": "-54000000", "interestIncome": "39000000", "interestExpense": "93000000", "nonInterestIncome": "None", "otherNonOperatingIncome": "None", "depreciation": "None", "depreciationAndAmortization": "752000000", "incomeBeforeTax": "428000000", "incomeTaxExpense": "260000000", "interestAndDebtExpense": "None", "netIncomeFromContinuingOperations": "175000000", "comprehensiveIncomeNetOfTax": "None", "ebit": "521000000", "ebitda": "1273000000", "netIncome": "170000000"}, {"fiscalDateEnding": "2023-12-31", "reportedCurrency": "USD", "grossProfit": "973000000", "totalRevenue": "3957000000", "costOfRevenue": "2984000000", "costofGoodsAndServicesSold": "2984000000", "operatingIncome": "-487000000", "sellingGeneralAndAdministrative": "84000000", "researchAndDevelopment": "68000000", "operatingExpenses": "1460000000", "investmentIncomeNet": "None", "netInterestIncome": "-41000000", "interestIncome": "40000000", "interestExpense": "81000000", "nonInterestIncome": "None", "otherNonOperatingIncome": "None", "depreciation": "None", "depreciationAndAmortization": "681000000", "incomeBeforeTax": "-3102000000", "incomeTaxExpense": "77000000", "interestAndDebtExpense": "None", "netIncomeFromContinuingOperations": "-3160000000", "comprehensiveIncomeNetOfTax": "None", "ebit": "-3021000000", "ebitda": "-2340000000", "netIncome": "-3158000000"}, {"fiscalDateEnding": "2023-09-30", "reportedCurrency": "USD", "grossProfit": "642000000", "totalRevenue": "2493000000", "costOfRevenue": "1851000000", "costofGoodsAndServicesSold": "1851000000", "operatingIncome": "275000000", "sellingGeneralAndAdministrative": "70000000", "researchAndDevelopment": "53000000", "operatingExpenses": "367000000", "investmentIncomeNet": "None", "netInterestIncome": "-13000000", "interestIncome": "35000000", "interestExpense": "48000000", "nonInterestIncome": "None", "otherNonOperatingIncome": "None", "depreciation": "None", "depreciationAndAmortization": "480000000", "incomeBeforeTax": "232000000", "incomeTaxExpense": "73000000", "interestAndDebtExpense": "None", "netIncomeFromContinuingOperations": "162000000", "comprehensiveIncomeNetOfTax": "None", "ebit": "280000000", "ebitda": "760000000", "netIncome": "158000000"}, {"fiscalDateEnding": "2023-06-30", "reportedCurrency": "USD", "grossProfit": "654000000", "totalRevenue": "2683000000", "costOfRevenue": "2029000000", "costofGoodsAndServicesSold": "2029000000", "operatingIncome": "407000000", "sellingGeneralAndAdministrative": "71000000", "researchAndDevelopment": "44000000", "operatingExpenses": "247000000", "investmentIncomeNet": "None", "netInterestIncome": "-49000000", "interestIncome": "37000000", "interestExpense": "49000000", "nonInterestIncome": "None", "otherNonOperatingIncome": "-1000000", "depreciation": "None", "depreciationAndAmortization": "486000000", "incomeBeforeTax": "300000000", "incomeTaxExpense": "163000000", "interestAndDebtExpense": "None", "netIncomeFromContinuingOperations": "153000000", "comprehensiveIncomeNetOfTax": "None", "ebit": "349000000", "ebitda": "835000000", "netIncome": "155000000"}, {"fiscalDateEnding": "2023-03-31", "reportedCurrency": "USD", "grossProfit": "736000000", "totalRevenue": "2679000000", "costOfRevenue": "1943000000", "costofGoodsAndServicesSold": "1943000000", "operatingIncome": "513000000", "sellingGeneralAndAdministrative": "74000000", "researchAndDevelopment": "35000000", "operatingExpenses": "223000000", "investmentIncomeNet": "None", "netInterestIncome": "-29000000", "interestIncome": "1000000", "interestExpense": "65000000", "nonInterestIncome": "None", "otherNonOperatingIncome": "124000000", "depreciation": "None", "depreciationAndAmortization": "461000000", "incomeBeforeTax": "539000000", "incomeTaxExpense": "213000000", "interestAndDebtExpense": "None", "netIncomeFromContinuingOperations": "351000000", "comprehensiveIncomeNetOfTax": "None", "ebit": "604000000", "ebitda": "1065000000", "netIncome": "351000000"}, {"fiscalDateEnding": "2022-12-31", "reportedCurrency": "USD", "grossProfit": "849000000", "totalRevenue": "3200000000", "costOfRevenue": "2351000000", "costofGoodsAndServicesSold": "2351000000", "operatingIncome": "-74000000", "sellingGeneralAndAdministrative": "66000000", "researchAndDevelopment": "60000000", "operatingExpenses": "946000000", "investmentIncomeNet": "None", "netInterestIncome": "-18000000", "interestIncome": "35000000", "interestExpense": "53000000", "nonInterestIncome": "None", "otherNonOperatingIncome": "127000000", "depreciation": "None", "depreciationAndAmortization": "1329000000", "incomeBeforeTax": "-1383000000", "incomeTaxExpense": "112000000", "interestAndDebtExpense": "None", "netIncomeFromContinuingOperations": "-1469000000", "comprehensiveIncomeNetOfTax": "None", "ebit": "-1330000000", "ebitda": "-1000000", "netIncome": "-1495000000"}, {"fiscalDateEnding": "2022-09-30", "reportedCurrency": "USD", "grossProfit": "581000000", "totalRevenue": "2634000000", "costOfRevenue": "2053000000", "costofGoodsAndServicesSold": "2053000000", "operatingIncome": "338000000", "sellingGeneralAndAdministrative": "73000000", "researchAndDevelopment": "80000000", "operatingExpenses": "275000000", "investmentIncomeNet": "None", "netInterestIncome": "-28000000", "interestIncome": "27000000", "interestExpense": "55000000", "nonInterestIncome": "None", "otherNonOperatingIncome": "81000000", "depreciation": "None", "depreciationAndAmortization": "561000000", "incomeBeforeTax": "296000000", "incomeTaxExpense": "96000000", "interestAndDebtExpense": "None", "netIncomeFromContinuingOperations": "225000000", "comprehensiveIncomeNetOfTax": "None", "ebit": "285000000", "ebitda": "846000000", "netIncome": "213000000"}, {"fiscalDateEnding": "2022-06-30", "reportedCurrency": "USD", "grossProfit": "729000000", "totalRevenue": "3058000000", "costOfRevenue": "2329000000", "costofGoodsAndServicesSold": "2329000000", "operatingIncome": "562000000", "sellingGeneralAndAdministrative": "73000000", "researchAndDevelopment": "45000000", "operatingExpenses": "167000000", "investmentIncomeNet": "None", "netInterestIncome": "-57000000", "interestIncome": "165000000", "interestExpense": "57000000", "nonInterestIncome": "None", "otherNonOperatingIncome": "-58000000", "depreciation": "None", "depreciationAndAmortization": "608000000", "incomeBeforeTax": "408000000", "incomeTaxExpense": "33000000", "interestAndDebtExpense": "None", "netIncomeFromContinuingOperations": "392000000", "comprehensiveIncomeNetOfTax": "None", "ebit": "465000000", "ebitda": "1073000000", "netIncome": "387000000"}, {"fiscalDateEnding": "2022-03-31", "reportedCurrency": "USD", "grossProfit": "1041000000", "totalRevenue": "3023000000", "costOfRevenue": "1982000000", "costofGoodsAndServicesSold": "1982000000", "operatingIncome": "690000000", "sellingGeneralAndAdministrative": "64000000", "researchAndDevelopment": "44000000", "operatingExpenses": "207000000", "investmentIncomeNet": "None", "netInterestIncome": "-62000000", "interestIncome": "57000000", "interestExpense": "62000000", "nonInterestIncome": "None", "otherNonOperatingIncome": "-70000000", "depreciation": "None", "depreciationAndAmortization": "608000000", "incomeBeforeTax": "628000000", "incomeTaxExpense": "214000000", "interestAndDebtExpense": "None", "netIncomeFromContinuingOperations": "453000000", "comprehensiveIncomeNetOfTax": "None", "ebit": "690000000", "ebitda": "1298000000", "netIncome": "448000000"}, {"fiscalDateEnding": "2021-12-31", "reportedCurrency": "USD", "grossProfit": "-1374000000", "totalRevenue": "3390000000", "costOfRevenue": "1540000000", "costofGoodsAndServicesSold": "1540000000", "operatingIncome": "-779000000", "sellingGeneralAndAdministrative": "69000000", "researchAndDevelopment": "46000000", "operatingExpenses": "115000000", "investmentIncomeNet": "None", "netInterestIncome": "-60000000", "interestIncome": "40000000", "interestExpense": "66000000", "nonInterestIncome": "None", "otherNonOperatingIncome": "784000000", "depreciation": "None", "depreciationAndAmortization": "639000", "incomeBeforeTax": "-507000000", "incomeTaxExpense": "-300000000", "interestAndDebtExpense": "None", "netIncomeFromContinuingOperations": "-779000000", "comprehensiveIncomeNetOfTax": "None", "ebit": "-1130000000", "ebitda": "-1129361000", "netIncome": "-764000000"}, {"fiscalDateEnding": "2021-09-30", "reportedCurrency": "USD", "grossProfit": "958000000", "totalRevenue": "2895000000", "costOfRevenue": "1937000000", "costofGoodsAndServicesSold": "1937000000", "operatingIncome": "674000000", "sellingGeneralAndAdministrative": "61000000", "researchAndDevelopment": "40000000", "operatingExpenses": "284000000", "investmentIncomeNet": "None", "netInterestIncome": "-60000000", "interestIncome": "139000000", "interestExpense": "66000000", "nonInterestIncome": "None", "otherNonOperatingIncome": "-603000000", "depreciation": "None", "depreciationAndAmortization": "687000000", "incomeBeforeTax": "-71000000", "incomeTaxExpense": "222000000", "interestAndDebtExpense": "None", "netIncomeFromContinuingOperations": "-254000000", "comprehensiveIncomeNetOfTax": "None", "ebit": "-2000000", "ebitda": "685000000", "netIncome": "3000000"}, {"fiscalDateEnding": "2021-06-30", "reportedCurrency": "USD", "grossProfit": "1223000000", "totalRevenue": "3065000000", "costOfRevenue": "1842000000", "costofGoodsAndServicesSold": "1842000000", "operatingIncome": "1011000000", "sellingGeneralAndAdministrative": "64000000", "researchAndDevelopment": "37000000", "operatingExpenses": "212000000", "investmentIncomeNet": "None", "netInterestIncome": "-65000000", "interestIncome": "3000000", "interestExpense": "68000000", "nonInterestIncome": "None", "otherNonOperatingIncome": "99000000", "depreciation": "None", "depreciationAndAmortization": "618000000", "incomeBeforeTax": "943000000", "incomeTaxExpense": "341000000", "interestAndDebtExpense": "None", "netIncomeFromContinuingOperations": "651000000", "comprehensiveIncomeNetOfTax": "None", "ebit": "1013000000", "ebitda": "1631000000", "netIncome": "650000000"}, {"fiscalDateEnding": "2021-03-31", "reportedCurrency": "USD", "grossProfit": "1072000000", "totalRevenue": "2872000000", "costOfRevenue": "1800000000", "costofGoodsAndServicesSold": "1800000000", "operatingIncome": "895000000", "sellingGeneralAndAdministrative": "65000000", "researchAndDevelopment": "31000000", "operatingExpenses": "177000000", "investmentIncomeNet": "None", "netInterestIncome": "-71000000", "interestIncome": "3000000", "interestExpense": "74000000", "nonInterestIncome": "None", "otherNonOperatingIncome": "11000000", "depreciation": "None", "depreciationAndAmortization": "599000000", "incomeBeforeTax": "743000000", "incomeTaxExpense": "235000000", "interestAndDebtExpense": "None", "netIncomeFromContinuingOperations": "558000000", "comprehensiveIncomeNetOfTax": "None", "ebit": "819000000", "ebitda": "1418000000", "netIncome": "559000000"}, {"fiscalDateEnding": "2020-12-31", "reportedCurrency": "USD", "grossProfit": "1411000000", "totalRevenue": "3381000000", "costOfRevenue": "1970000000", "costofGoodsAndServicesSold": "1970000000", "operatingIncome": "991000000", "sellingGeneralAndAdministrative": "64000000", "researchAndDevelopment": "30000000", "operatingExpenses": "420000000", "investmentIncomeNet": "None", "netInterestIncome": "-70000000", "interestIncome": "3000000", "interestExpense": "73000000", "nonInterestIncome": "None", "otherNonOperatingIncome": "157000000", "depreciation": "None", "depreciationAndAmortization": "615000000", "incomeBeforeTax": "934000000", "incomeTaxExpense": "258000000", "interestAndDebtExpense": "None", "netIncomeFromContinuingOperations": "746000000", "comprehensiveIncomeNetOfTax": "None", "ebit": "1007000000", "ebitda": "1622000000", "netIncome": "824000000"}, {"fiscalDateEnding": "2020-09-30", "reportedCurrency": "USD", "grossProfit": "1309000000", "totalRevenue": "3170000000", "costOfRevenue": "1861000000", "costofGoodsAndServicesSold": "1861000000", "operatingIncome": "1090000000", "sellingGeneralAndAdministrative": "68000000", "researchAndDevelopment": "39000000", "operatingExpenses": "219000000", "investmentIncomeNet": "None", "netInterestIncome": "-71000000", "interestIncome": "36000000", "interestExpense": "75000000", "nonInterestIncome": "None", "otherNonOperatingIncome": "10000000", "depreciation": "None", "depreciationAndAmortization": "592000000", "incomeBeforeTax": "880000000", "incomeTaxExpense": "305000000", "interestAndDebtExpense": "None", "netIncomeFromContinuingOperations": "628000000", "comprehensiveIncomeNetOfTax": "None", "ebit": "955000000", "ebitda": "1547000000", "netIncome": "839000000"}, {"fiscalDateEnding": "2020-06-30", "reportedCurrency": "USD", "grossProfit": "779000000", "totalRevenue": "2365000000", "costOfRevenue": "1586000000", "costofGoodsAndServicesSold": "1586000000", "operatingIncome": "418000000", "sellingGeneralAndAdministrative": "72000000", "researchAndDevelopment": "26000000", "operatingExpenses": "289000000", "investmentIncomeNet": "None", "netInterestIncome": "-72000000", "interestIncome": "6000000", "interestExpense": "78000000", "nonInterestIncome": "None", "otherNonOperatingIncome": "226000000", "depreciation": "None", "depreciationAndAmortization": "528000000", "incomeBeforeTax": "550000000", "incomeTaxExpense": "164000000", "interestAndDebtExpense": "None", "netIncomeFromContinuingOperations": "415000000", "comprehensiveIncomeNetOfTax": "None", "ebit": "508000000", "ebitda": "1036000000", "netIncome": "344000000"}, {"fiscalDateEnding": "2020-03-31", "reportedCurrency": "USD", "grossProfit": "684000000", "totalRevenue": "2581000000", "costOfRevenue": "1897000000", "costofGoodsAndServicesSold": "1897000000", "operatingIncome": "490000000", "sellingGeneralAndAdministrative": "65000000", "researchAndDevelopment": "27000000", "operatingExpenses": "194000000", "investmentIncomeNet": "None", "netInterestIncome": "-71000000", "interestIncome": "11000000", "interestExpense": "82000000", "nonInterestIncome": "None", "otherNonOperatingIncome": "441000000", "depreciation": "None", "depreciationAndAmortization": "565000000", "incomeBeforeTax": "779000000", "incomeTaxExpense": "-23000000", "interestAndDebtExpense": "None", "netIncomeFromContinuingOperations": "839000000", "comprehensiveIncomeNetOfTax": "None", "ebit": "861000000", "ebitda": "1426000000", "netIncome": "822000000"}, {"fiscalDateEnding": "2019-12-31", "reportedCurrency": "USD", "grossProfit": "895000000", "totalRevenue": "2967000000", "costOfRevenue": "2072000000", "costofGoodsAndServicesSold": "2072000000", "operatingIncome": "576000000", "sellingGeneralAndAdministrative": "89000000", "researchAndDevelopment": "48000000", "operatingExpenses": "319000000", "investmentIncomeNet": "None", "netInterestIncome": "-71000000", "interestIncome": "13000000", "interestExpense": "84000000", "nonInterestIncome": "None", "otherNonOperatingIncome": "None", "depreciation": "None", "depreciationAndAmortization": "613000000", "incomeBeforeTax": "620000000", "incomeTaxExpense": "129000000", "interestAndDebtExpense": "None", "netIncomeFromContinuingOperations": "533000000", "comprehensiveIncomeNetOfTax": "None", "ebit": "704000000", "ebitda": "1317000000", "netIncome": "565000000"}, {"fiscalDateEnding": "2019-09-30", "reportedCurrency": "USD", "grossProfit": "773000000", "totalRevenue": "2713000000", "costOfRevenue": "1940000000", "costofGoodsAndServicesSold": "1940000000", "operatingIncome": "496000000", "sellingGeneralAndAdministrative": "84000000", "researchAndDevelopment": "43000000", "operatingExpenses": "277000000", "investmentIncomeNet": "None", "netInterestIncome": "-67000000", "interestIncome": "37000000", "interestExpense": "77000000", "nonInterestIncome": "None", "otherNonOperatingIncome": "None", "depreciation": "None", "depreciationAndAmortization": "548000000", "incomeBeforeTax": "2778000000", "incomeTaxExpense": "558000000", "interestAndDebtExpense": "None", "netIncomeFromContinuingOperations": "2252000000", "comprehensiveIncomeNetOfTax": "None", "ebit": "2855000000", "ebitda": "3403000000", "netIncome": "2178000000"}, {"fiscalDateEnding": "2019-06-30", "reportedCurrency": "USD", "grossProfit": "404000000", "totalRevenue": "2257000000", "costOfRevenue": "1853000000", "costofGoodsAndServicesSold": "1853000000", "operatingIncome": "149000000", "sellingGeneralAndAdministrative": "81000000", "researchAndDevelopment": "32000000", "operatingExpenses": "255000000", "investmentIncomeNet": "None", "netInterestIncome": "-69000000", "interestIncome": "30000000", "interestExpense": "82000000", "nonInterestIncome": "None", "otherNonOperatingIncome": "None", "depreciation": "None", "depreciationAndAmortization": "487000000", "incomeBeforeTax": "20000000", "incomeTaxExpense": "20000000", "interestAndDebtExpense": "None", "netIncomeFromContinuingOperations": "26000000", "comprehensiveIncomeNetOfTax": "None", "ebit": "102000000", "ebitda": "589000000", "netIncome": "-25000000"}, {"fiscalDateEnding": "2019-03-31", "reportedCurrency": "USD", "grossProfit": "513000000", "totalRevenue": "1803000000", "costOfRevenue": "1290000000", "costofGoodsAndServicesSold": "1290000000", "operatingIncome": "356000000", "sellingGeneralAndAdministrative": "59000000", "researchAndDevelopment": "27000000", "operatingExpenses": "157000000", "investmentIncomeNet": "None", "netInterestIncome": "-37000000", "interestIncome": "18000000", "interestExpense": "58000000", "nonInterestIncome": "None", "otherNonOperatingIncome": "-18000000", "depreciation": "None", "depreciationAndAmortization": "312000000", "incomeBeforeTax": "275000000", "incomeTaxExpense": "125000000", "interestAndDebtExpense": "None", "netIncomeFromContinuingOperations": "145000000", "comprehensiveIncomeNetOfTax": "None", "ebit": "333000000", "ebitda": "645000000", "netIncome": "87000000"}, {"fiscalDateEnding": "2018-12-31", "reportedCurrency": "USD", "grossProfit": "608000000", "totalRevenue": "2048000000", "costOfRevenue": "1440000000", "costofGoodsAndServicesSold": "1440000000", "operatingIncome": "377000000", "sellingGeneralAndAdministrative": "63000000", "researchAndDevelopment": "46000000", "operatingExpenses": "231000000", "investmentIncomeNet": "None", "netInterestIncome": "None", "interestIncome": "None", "interestExpense": "54000000", "nonInterestIncome": "None", "otherNonOperatingIncome": "None", "depreciation": "None", "depreciationAndAmortization": "336000000", "incomeBeforeTax": "278000000", "incomeTaxExpense": "260000000", "interestAndDebtExpense": "None", "netIncomeFromContinuingOperations": "10000000", "comprehensiveIncomeNetOfTax": "None", "ebit": "332000000", "ebitda": "668000000", "netIncome": "2000000"}, {"fiscalDateEnding": "2018-09-30", "reportedCurrency": "USD", "grossProfit": "432000000", "totalRevenue": "1726000000", "costOfRevenue": "1294000000", "costofGoodsAndServicesSold": "1294000000", "operatingIncome": "257000000", "sellingGeneralAndAdministrative": "59000000", "researchAndDevelopment": "37000000", "operatingExpenses": "175000000", "investmentIncomeNet": "None", "netInterestIncome": "None", "interestIncome": "None", "interestExpense": "51000000", "nonInterestIncome": "None", "otherNonOperatingIncome": "-23000000", "depreciation": "None", "depreciationAndAmortization": "299000000", "incomeBeforeTax": "-128000000", "incomeTaxExpense": "3000000", "interestAndDebtExpense": "None", "netIncomeFromContinuingOperations": "-140000000", "comprehensiveIncomeNetOfTax": "None", "ebit": "-48000000", "ebitda": "251000000", "netIncome": "-145000000"}, {"fiscalDateEnding": "2018-06-30", "reportedCurrency": "USD", "grossProfit": "418000000", "totalRevenue": "1662000000", "costOfRevenue": "1244000000", "costofGoodsAndServicesSold": "1244000000", "operatingIncome": "228000000", "sellingGeneralAndAdministrative": "63000000", "researchAndDevelopment": "36000000", "operatingExpenses": "190000000", "investmentIncomeNet": "None", "netInterestIncome": "None", "interestIncome": "None", "interestExpense": "49000000", "nonInterestIncome": "None", "otherNonOperatingIncome": "83000000", "depreciation": "None", "depreciationAndAmortization": "279000000", "incomeBeforeTax": "305000000", "incomeTaxExpense": "18000000", "interestAndDebtExpense": "None", "netIncomeFromContinuingOperations": "280000000", "comprehensiveIncomeNetOfTax": "None", "ebit": "244000000", "ebitda": "523000000", "netIncome": "292000000"}, {"fiscalDateEnding": "2018-03-31", "reportedCurrency": "USD", "grossProfit": "487000000", "totalRevenue": "1817000000", "costOfRevenue": "1330000000", "costofGoodsAndServicesSold": "1330000000", "operatingIncome": "326000000", "sellingGeneralAndAdministrative": "59000000", "researchAndDevelopment": "34000000", "operatingExpenses": "161000000", "investmentIncomeNet": "None", "netInterestIncome": "None", "interestIncome": "None", "interestExpense": "53000000", "nonInterestIncome": "None", "otherNonOperatingIncome": "-41000000", "depreciation": "None", "depreciationAndAmortization": "301000000", "incomeBeforeTax": "283000000", "incomeTaxExpense": "105000000", "interestAndDebtExpense": "None", "netIncomeFromContinuingOperations": "169000000", "comprehensiveIncomeNetOfTax": "None", "ebit": "336000000", "ebitda": "637000000", "netIncome": "192000000"}, {"fiscalDateEnding": "2017-12-31", "reportedCurrency": "USD", "grossProfit": "561000000", "totalRevenue": "1935000000", "costOfRevenue": "1374000000", "costofGoodsAndServicesSold": "1374000000", "operatingIncome": "333000000", "sellingGeneralAndAdministrative": "66000000", "researchAndDevelopment": "44000000", "operatingExpenses": "228000000", "investmentIncomeNet": "None", "netInterestIncome": "None", "interestIncome": "None", "interestExpense": "54000000", "nonInterestIncome": "None", "otherNonOperatingIncome": "-44000000", "depreciation": "None", "depreciationAndAmortization": "321000000", "incomeBeforeTax": "287000000", "incomeTaxExpense": "776000000", "interestAndDebtExpense": "None", "netIncomeFromContinuingOperations": "-501000000", "comprehensiveIncomeNetOfTax": "None", "ebit": "341000000", "ebitda": "662000000", "netIncome": "-527000000"}, {"fiscalDateEnding": "2017-09-30", "reportedCurrency": "USD", "grossProfit": "499000000", "totalRevenue": "1879000000", "costOfRevenue": "1380000000", "costofGoodsAndServicesSold": "1380000000", "operatingIncome": "323000000", "sellingGeneralAndAdministrative": "58000000", "researchAndDevelopment": "41000000", "operatingExpenses": "176000000", "investmentIncomeNet": "None", "netInterestIncome": "None", "interestIncome": "None", "interestExpense": "56000000", "nonInterestIncome": "None", "otherNonOperatingIncome": "-45000000", "depreciation": "None", "depreciationAndAmortization": "327000000", "incomeBeforeTax": "276000000", "incomeTaxExpense": "72000000", "interestAndDebtExpense": "None", "netIncomeFromContinuingOperations": "205000000", "comprehensiveIncomeNetOfTax": "None", "ebit": "335000000", "ebitda": "662000000", "netIncome": "206000000"}, {"fiscalDateEnding": "2017-06-30", "reportedCurrency": "USD", "grossProfit": "568000000", "totalRevenue": "1875000000", "costOfRevenue": "1307000000", "costofGoodsAndServicesSold": "1307000000", "operatingIncome": "383000000", "sellingGeneralAndAdministrative": "58000000", "researchAndDevelopment": "32000000", "operatingExpenses": "185000000", "investmentIncomeNet": "None", "netInterestIncome": "None", "interestIncome": "None", "interestExpense": "64000000", "nonInterestIncome": "None", "otherNonOperatingIncome": "-36000000", "depreciation": "None", "depreciationAndAmortization": "308000000", "incomeBeforeTax": "336000000", "incomeTaxExpense": "167000000", "interestAndDebtExpense": "None", "netIncomeFromContinuingOperations": "166000000", "comprehensiveIncomeNetOfTax": "None", "ebit": "381000000", "ebitda": "689000000", "netIncome": "175000000"}, {"fiscalDateEnding": "2017-03-31", "reportedCurrency": "USD", "grossProfit": "433000000", "totalRevenue": "1659000000", "costOfRevenue": "1226000000", "costofGoodsAndServicesSold": "1226000000", "operatingIncome": "286000000", "sellingGeneralAndAdministrative": "55000000", "researchAndDevelopment": "26000000", "operatingExpenses": "147000000", "investmentIncomeNet": "None", "netInterestIncome": "None", "interestIncome": "None", "interestExpense": "67000000", "nonInterestIncome": "None", "otherNonOperatingIncome": "-78000000", "depreciation": "None", "depreciationAndAmortization": "293000000", "incomeBeforeTax": "193000000", "incomeTaxExpense": "110000000", "interestAndDebtExpense": "None", "netIncomeFromContinuingOperations": "81000000", "comprehensiveIncomeNetOfTax": "None", "ebit": "287000000", "ebitda": "580000000", "netIncome": "47000000"}, {"fiscalDateEnding": "2016-12-31", "reportedCurrency": "USD", "grossProfit": "425000000", "totalRevenue": "1789000000", "costOfRevenue": "1364000000", "costofGoodsAndServicesSold": "1364000000", "operatingIncome": "189000000", "sellingGeneralAndAdministrative": "55000000", "researchAndDevelopment": "29000000", "operatingExpenses": "237000000", "investmentIncomeNet": "None", "netInterestIncome": "None", "interestIncome": "None", "interestExpense": "69000000", "nonInterestIncome": "None", "otherNonOperatingIncome": "-89000000", "depreciation": "None", "depreciationAndAmortization": "328000000", "incomeBeforeTax": "-886000000", "incomeTaxExpense": "8000000", "interestAndDebtExpense": "None", "netIncomeFromContinuingOperations": "-1175000000", "comprehensiveIncomeNetOfTax": "None", "ebit": "-749000000", "ebitda": "-421000000", "netIncome": "-344000000"}, {"fiscalDateEnding": "2016-09-30", "reportedCurrency": "USD", "grossProfit": "473000000", "totalRevenue": "1791000000", "costOfRevenue": "1318000000", "costofGoodsAndServicesSold": "1318000000", "operatingIncome": "311000000", "sellingGeneralAndAdministrative": "63000000", "researchAndDevelopment": "34000000", "operatingExpenses": "162000000", "investmentIncomeNet": "None", "netInterestIncome": "None", "interestIncome": "None", "interestExpense": "64000000", "nonInterestIncome": "None", "otherNonOperatingIncome": "-66000000", "depreciation": "None", "depreciationAndAmortization": "256000000", "incomeBeforeTax": "223000000", "incomeTaxExpense": "90000000", "interestAndDebtExpense": "None", "netIncomeFromContinuingOperations": "135000000", "comprehensiveIncomeNetOfTax": "None", "ebit": "503000000", "ebitda": "759000000", "netIncome": "-358000000"}, {"fiscalDateEnding": "2016-06-30", "reportedCurrency": "USD", "grossProfit": "665000000", "totalRevenue": "2038000000", "costOfRevenue": "1373000000", "costofGoodsAndServicesSold": "1373000000", "operatingIncome": "494000000", "sellingGeneralAndAdministrative": "64000000", "researchAndDevelopment": "44000000", "operatingExpenses": "171000000", "investmentIncomeNet": "None", "netInterestIncome": "None", "interestIncome": "None", "interestExpense": "71000000", "nonInterestIncome": "None", "otherNonOperatingIncome": "-76000000", "depreciation": "None", "depreciationAndAmortization": "314000000", "incomeBeforeTax": "404000000", "incomeTaxExpense": "310000000", "interestAndDebtExpense": "None", "netIncomeFromContinuingOperations": "89000000", "comprehensiveIncomeNetOfTax": "None", "ebit": "475000000", "ebitda": "789000000", "netIncome": "23000000"}, {"fiscalDateEnding": "2016-03-31", "reportedCurrency": "USD", "grossProfit": "629000000", "totalRevenue": "2032000000", "costOfRevenue": "1403000000", "costofGoodsAndServicesSold": "1403000000", "operatingIncome": "489000000", "sellingGeneralAndAdministrative": "57000000", "researchAndDevelopment": "28000000", "operatingExpenses": "140000000", "investmentIncomeNet": "None", "netInterestIncome": "None", "interestIncome": "None", "interestExpense": "79000000", "nonInterestIncome": "None", "otherNonOperatingIncome": "14000000", "depreciation": "None", "depreciationAndAmortization": "322000000", "incomeBeforeTax": "490000000", "incomeTaxExpense": "324000000", "interestAndDebtExpense": "None", "netIncomeFromContinuingOperations": "161000000", "comprehensiveIncomeNetOfTax": "None", "ebit": "236000000", "ebitda": "558000000", "netIncome": "52000000"}, {"fiscalDateEnding": "2015-12-31", "reportedCurrency": "USD", "grossProfit": "332000000", "totalRevenue": "1816000000", "costOfRevenue": "1484000000", "costofGoodsAndServicesSold": "1484000000", "operatingIncome": "-46000000", "sellingGeneralAndAdministrative": "45000000", "researchAndDevelopment": "40000000", "operatingExpenses": "318000000", "investmentIncomeNet": "None", "netInterestIncome": "None", "interestIncome": "None", "interestExpense": "77000000", "nonInterestIncome": "None", "otherNonOperatingIncome": "-173000000", "depreciation": "None", "depreciationAndAmortization": "343000000", "incomeBeforeTax": "-192000000", "incomeTaxExpense": "148000000", "interestAndDebtExpense": "None", "netIncomeFromContinuingOperations": "-351000000", "comprehensiveIncomeNetOfTax": "None", "ebit": "-115000000", "ebitda": "228000000", "netIncome": "-254000000"}, {"fiscalDateEnding": "2015-09-30", "reportedCurrency": "USD", "grossProfit": "569000000", "totalRevenue": "2033000000", "costOfRevenue": "1464000000", "costofGoodsAndServicesSold": "1464000000", "operatingIncome": "319000000", "sellingGeneralAndAdministrative": "43000000", "researchAndDevelopment": "32000000", "operatingExpenses": "134000000", "investmentIncomeNet": "None", "netInterestIncome": "None", "interestIncome": "None", "interestExpense": "81000000", "nonInterestIncome": "None", "otherNonOperatingIncome": "41000000", "depreciation": "None", "depreciationAndAmortization": "331000000", "incomeBeforeTax": "437000000", "incomeTaxExpense": "151000000", "interestAndDebtExpense": "None", "netIncomeFromContinuingOperations": "268000000", "comprehensiveIncomeNetOfTax": "None", "ebit": "208000000", "ebitda": "539000000", "netIncome": "219000000"}, {"fiscalDateEnding": "2015-06-30", "reportedCurrency": "USD", "grossProfit": "613000000", "totalRevenue": "1908000000", "costOfRevenue": "1295000000", "costofGoodsAndServicesSold": "1295000000", "operatingIncome": "429000000", "sellingGeneralAndAdministrative": "51000000", "researchAndDevelopment": "33000000", "operatingExpenses": "158000000", "investmentIncomeNet": "None", "netInterestIncome": "None", "interestIncome": "None", "interestExpense": "82000000", "nonInterestIncome": "None", "otherNonOperatingIncome": "-112000000", "depreciation": "None", "depreciationAndAmortization": "276000000", "incomeBeforeTax": "298000000", "incomeTaxExpense": "152000000", "interestAndDebtExpense": "None", "netIncomeFromContinuingOperations": "139000000", "comprehensiveIncomeNetOfTax": "None", "ebit": "380000000", "ebitda": "656000000", "netIncome": "72000000"}, {"fiscalDateEnding": "2015-03-31", "reportedCurrency": "USD", "grossProfit": "664000000", "totalRevenue": "1972000000", "costOfRevenue": "1308000000", "costofGoodsAndServicesSold": "1308000000", "operatingIncome": "512000000", "sellingGeneralAndAdministrative": "44000000", "researchAndDevelopment": "28000000", "operatingExpenses": "128000000", "investmentIncomeNet": "None", "netInterestIncome": "None", "interestIncome": "None", "interestExpense": "85000000", "nonInterestIncome": "None", "otherNonOperatingIncome": "2000000", "depreciation": "None", "depreciationAndAmortization": "289000000", "incomeBeforeTax": "423000000", "incomeTaxExpense": "193000000", "interestAndDebtExpense": "None", "netIncomeFromContinuingOperations": "221000000", "comprehensiveIncomeNetOfTax": "None", "ebit": "508000000", "ebitda": "797000000", "netIncome": "183000000"}, {"fiscalDateEnding": "2014-12-31", "reportedCurrency": "USD", "grossProfit": "581000000", "totalRevenue": "2017000000", "costOfRevenue": "1436000000", "costofGoodsAndServicesSold": "1436000000", "operatingIncome": "324000000", "sellingGeneralAndAdministrative": "48000000", "researchAndDevelopment": "41000000", "operatingExpenses": "227000000", "investmentIncomeNet": "None", "netInterestIncome": "None", "interestIncome": "None", "interestExpense": "85000000", "nonInterestIncome": "None", "otherNonOperatingIncome": "299000000", "depreciation": "None", "depreciationAndAmortization": "307000000", "incomeBeforeTax": "246000000", "incomeTaxExpense": "155000000", "interestAndDebtExpense": "None", "netIncomeFromContinuingOperations": "85000000", "comprehensiveIncomeNetOfTax": "None", "ebit": "331000000", "ebitda": "638000000", "netIncome": "15000000"}, {"fiscalDateEnding": "2014-09-30", "reportedCurrency": "USD", "grossProfit": "243000000", "totalRevenue": "1746000000", "costOfRevenue": "1503000000", "costofGoodsAndServicesSold": "1503000000", "operatingIncome": "71000000", "sellingGeneralAndAdministrative": "45000000", "researchAndDevelopment": "36000000", "operatingExpenses": "172000000", "investmentIncomeNet": "None", "netInterestIncome": "None", "interestIncome": "None", "interestExpense": "89000000", "nonInterestIncome": "None", "otherNonOperatingIncome": "-10000000", "depreciation": "None", "depreciationAndAmortization": "318000000", "incomeBeforeTax": "25000000", "incomeTaxExpense": "-47000000", "interestAndDebtExpense": "None", "netIncomeFromContinuingOperations": "72000000", "comprehensiveIncomeNetOfTax": "None", "ebit": "80000000", "ebitda": "398000000", "netIncome": "213000000"}, {"fiscalDateEnding": "2014-06-30", "reportedCurrency": "USD", "grossProfit": "399000000", "totalRevenue": "1765000000", "costOfRevenue": "1366000000", "costofGoodsAndServicesSold": "1366000000", "operatingIncome": "215000000", "sellingGeneralAndAdministrative": "48000000", "researchAndDevelopment": "42000000", "operatingExpenses": "184000000", "investmentIncomeNet": "None", "netInterestIncome": "None", "interestIncome": "None", "interestExpense": "94000000", "nonInterestIncome": "None", "otherNonOperatingIncome": "-89000000", "depreciation": "None", "depreciationAndAmortization": "306000000", "incomeBeforeTax": "92000000", "incomeTaxExpense": "-53000000", "interestAndDebtExpense": "None", "netIncomeFromContinuingOperations": "147000000", "comprehensiveIncomeNetOfTax": "None", "ebit": "214000000", "ebitda": "520000000", "netIncome": "180000000"}, {"fiscalDateEnding": "2014-03-31", "reportedCurrency": "USD", "grossProfit": "383000000", "totalRevenue": "1764000000", "costOfRevenue": "1381000000", "costofGoodsAndServicesSold": "1381000000", "operatingIncome": "211000000", "sellingGeneralAndAdministrative": "45000000", "researchAndDevelopment": "42000000", "operatingExpenses": "172000000", "investmentIncomeNet": "None", "netInterestIncome": "None", "interestIncome": "None", "interestExpense": "93000000", "nonInterestIncome": "None", "otherNonOperatingIncome": "-47000000", "depreciation": "None", "depreciationAndAmortization": "298000000", "incomeBeforeTax": "143000000", "incomeTaxExpense": "78000000", "interestAndDebtExpense": "None", "netIncomeFromContinuingOperations": "65000000", "comprehensiveIncomeNetOfTax": "None", "ebit": "236000000", "ebitda": "534000000", "netIncome": "100000000"}, {"fiscalDateEnding": "2013-12-31", "reportedCurrency": "USD", "grossProfit": "335000000", "totalRevenue": "2169000000", "costOfRevenue": "1834000000", "costofGoodsAndServicesSold": "1834000000", "operatingIncome": "121000000", "sellingGeneralAndAdministrative": "45000000", "researchAndDevelopment": "57000000", "operatingExpenses": "179000000", "investmentIncomeNet": "None", "netInterestIncome": "None", "interestIncome": "None", "interestExpense": "92000000", "nonInterestIncome": "None", "otherNonOperatingIncome": "-108000000", "depreciation": "None", "depreciationAndAmortization": "381000000", "incomeBeforeTax": "-2080000000", "incomeTaxExpense": "-823000000", "interestAndDebtExpense": "None", "netIncomeFromContinuingOperations": "-1256000000", "comprehensiveIncomeNetOfTax": "None", "ebit": "-4175000000", "ebitda": "-3794000000", "netIncome": "-1166000000"}, {"fiscalDateEnding": "2013-09-30", "reportedCurrency": "USD", "grossProfit": "648000000", "totalRevenue": "1983000000", "costOfRevenue": "1335000000", "costofGoodsAndServicesSold": "1335000000", "operatingIncome": "397000000", "sellingGeneralAndAdministrative": "48000000", "researchAndDevelopment": "67000000", "operatingExpenses": "251000000", "investmentIncomeNet": "None", "netInterestIncome": "None", "interestIncome": "None", "interestExpense": "76000000", "nonInterestIncome": "None", "otherNonOperatingIncome": "215000000", "depreciation": "None", "depreciationAndAmortization": "299000000", "incomeBeforeTax": "580000000", "incomeTaxExpense": "154000000", "interestAndDebtExpense": "None", "netIncomeFromContinuingOperations": "427000000", "comprehensiveIncomeNetOfTax": "None", "ebit": "420000000", "ebitda": "719000000", "netIncome": "398000000"}, {"fiscalDateEnding": "2013-06-30", "reportedCurrency": "USD", "grossProfit": "-75000000", "totalRevenue": "1993000000", "costOfRevenue": "2068000000", "costofGoodsAndServicesSold": "2068000000", "operatingIncome": "-304000000", "sellingGeneralAndAdministrative": "54000000", "researchAndDevelopment": "46000000", "operatingExpenses": "229000000", "investmentIncomeNet": "None", "netInterestIncome": "None", "interestIncome": "None", "interestExpense": "70000000", "nonInterestIncome": "None", "otherNonOperatingIncome": "-23000000", "depreciation": "None", "depreciationAndAmortization": "415000000", "incomeBeforeTax": "-2627000000", "incomeTaxExpense": "-325000000", "interestAndDebtExpense": "None", "netIncomeFromContinuingOperations": "-2305000000", "comprehensiveIncomeNetOfTax": "None", "ebit": "-2720000000", "ebitda": "-2305000000", "netIncome": "-2019000000"}, {"fiscalDateEnding": "2013-03-31", "reportedCurrency": "USD", "grossProfit": "866000000", "totalRevenue": "2177000000", "costOfRevenue": "1311000000", "costofGoodsAndServicesSold": "1311000000", "operatingIncome": "648000000", "sellingGeneralAndAdministrative": "56000000", "researchAndDevelopment": "52000000", "operatingExpenses": "185000000", "investmentIncomeNet": "None", "netInterestIncome": "None", "interestIncome": "None", "interestExpense": "65000000", "nonInterestIncome": "None", "otherNonOperatingIncome": "-43000000", "depreciation": "None", "depreciationAndAmortization": "267000000", "incomeBeforeTax": "542000000", "incomeTaxExpense": "181000000", "interestAndDebtExpense": "None", "netIncomeFromContinuingOperations": "357000000", "comprehensiveIncomeNetOfTax": "None", "ebit": "605000000", "ebitda": "872000000", "netIncome": "314000000"}, {"fiscalDateEnding": "2012-12-31", "reportedCurrency": "USD", "grossProfit": "313000000", "totalRevenue": "2476000000", "costOfRevenue": "2163000000", "costofGoodsAndServicesSold": "2163000000", "operatingIncome": "911000000", "sellingGeneralAndAdministrative": "71000000", "researchAndDevelopment": "21000000", "operatingExpenses": "-598000000", "investmentIncomeNet": "None", "netInterestIncome": "None", "interestIncome": "None", "interestExpense": "59000000", "nonInterestIncome": "None", "otherNonOperatingIncome": "86000000", "depreciation": "None", "depreciationAndAmortization": "281000000", "incomeBeforeTax": "804000000", "incomeTaxExpense": "123000000", "interestAndDebtExpense": "None", "netIncomeFromContinuingOperations": "669000000", "comprehensiveIncomeNetOfTax": "None", "ebit": "863000000", "ebitda": "1144000000", "netIncome": "673000000"}, {"fiscalDateEnding": "2012-09-30", "reportedCurrency": "USD", "grossProfit": "1392000000", "totalRevenue": "2480000000", "costOfRevenue": "1088000000", "costofGoodsAndServicesSold": "1088000000", "operatingIncome": "780000000", "sellingGeneralAndAdministrative": "90000000", "researchAndDevelopment": "92000000", "operatingExpenses": "612000000", "investmentIncomeNet": "None", "netInterestIncome": "None", "interestIncome": "None", "interestExpense": "67000000", "nonInterestIncome": "None", "otherNonOperatingIncome": "-24000000", "depreciation": "None", "depreciationAndAmortization": "272000000", "incomeBeforeTax": "717000000", "incomeTaxExpense": "228000000", "interestAndDebtExpense": "None", "netIncomeFromContinuingOperations": "480000000", "comprehensiveIncomeNetOfTax": "None", "ebit": "784000000", "ebitda": "1056000000", "netIncome": "367000000"}, {"fiscalDateEnding": "2012-06-30", "reportedCurrency": "USD", "grossProfit": "1227000000", "totalRevenue": "2229000000", "costOfRevenue": "1002000000", "costofGoodsAndServicesSold": "1002000000", "operatingIncome": "718000000", "sellingGeneralAndAdministrative": "73000000", "researchAndDevelopment": "82000000", "operatingExpenses": "509000000", "investmentIncomeNet": "None", "netInterestIncome": "None", "interestIncome": "None", "interestExpense": "71000000", "nonInterestIncome": "None", "otherNonOperatingIncome": "-46000000", "depreciation": "None", "depreciationAndAmortization": "248000000", "incomeBeforeTax": "557000000", "incomeTaxExpense": "175000000", "interestAndDebtExpense": "None", "netIncomeFromContinuingOperations": "371000000", "comprehensiveIncomeNetOfTax": "None", "ebit": "628000000", "ebitda": "876000000", "netIncome": "279000000"}, {"fiscalDateEnding": "2012-03-31", "reportedCurrency": "USD", "grossProfit": "1666000000", "totalRevenue": "2683000000", "costOfRevenue": "1017000000", "costofGoodsAndServicesSold": "1017000000", "operatingIncome": "1175000000", "sellingGeneralAndAdministrative": "70000000", "researchAndDevelopment": "102000000", "operatingExpenses": "491000000", "investmentIncomeNet": "None", "netInterestIncome": "None", "interestIncome": "None", "interestExpense": "52000000", "nonInterestIncome": "None", "otherNonOperatingIncome": "-38000000", "depreciation": "None", "depreciationAndAmortization": "231000000", "incomeBeforeTax": "1036000000", "incomeTaxExpense": "343000000", "interestAndDebtExpense": "None", "netIncomeFromContinuingOperations": "674000000", "comprehensiveIncomeNetOfTax": "None", "ebit": "1088000000", "ebitda": "1319000000", "netIncome": "490000000"}, {"fiscalDateEnding": "2011-12-31", "reportedCurrency": "USD", "grossProfit": "1645000000", "totalRevenue": "2765000000", "costOfRevenue": "1120000000", "costofGoodsAndServicesSold": "1120000000", "operatingIncome": "1058000000", "sellingGeneralAndAdministrative": "84000000", "researchAndDevelopment": "80000000", "operatingExpenses": "587000000", "investmentIncomeNet": "None", "netInterestIncome": "None", "interestIncome": "None", "interestExpense": "51000000", "nonInterestIncome": "None", "otherNonOperatingIncome": "-43000000", "depreciation": "None", "depreciationAndAmortization": "260000000", "incomeBeforeTax": "-1046000000", "incomeTaxExpense": "-150000000", "interestAndDebtExpense": "None", "netIncomeFromContinuingOperations": "-895000000", "comprehensiveIncomeNetOfTax": "None", "ebit": "-2519000000", "ebitda": "-2259000000", "netIncome": "-1028000000"}, {"fiscalDateEnding": "2011-09-30", "reportedCurrency": "USD", "grossProfit": "1632000000", "totalRevenue": "2744000000", "costOfRevenue": "1112000000", "costofGoodsAndServicesSold": "1112000000", "operatingIncome": "1178000000", "sellingGeneralAndAdministrative": "50000000", "researchAndDevelopment": "99000000", "operatingExpenses": "454000000", "investmentIncomeNet": "None", "netInterestIncome": "None", "interestIncome": "None", "interestExpense": "65000000", "nonInterestIncome": "None", "otherNonOperatingIncome": "-131000000", "depreciation": "None", "depreciationAndAmortization": "270000000", "incomeBeforeTax": "1036000000", "incomeTaxExpense": "371000000", "interestAndDebtExpense": "None", "netIncomeFromContinuingOperations": "675000000", "comprehensiveIncomeNetOfTax": "None", "ebit": "1101000000", "ebitda": "1371000000", "netIncome": "493000000"}, {"fiscalDateEnding": "2011-06-30", "reportedCurrency": "USD", "grossProfit": "1467000000", "totalRevenue": "2384000000", "costOfRevenue": "917000000", "costofGoodsAndServicesSold": "917000000", "operatingIncome": "905000000", "sellingGeneralAndAdministrative": "114000000", "researchAndDevelopment": "109000000", "operatingExpenses": "562000000", "investmentIncomeNet": "None", "netInterestIncome": "None", "interestIncome": "None", "interestExpense": "63000000", "nonInterestIncome": "None", "otherNonOperatingIncome": "-15000000", "depreciation": "None", "depreciationAndAmortization": "250000000", "incomeBeforeTax": "847000000", "incomeTaxExpense": "187000000", "interestAndDebtExpense": "None", "netIncomeFromContinuingOperations": "660000000", "comprehensiveIncomeNetOfTax": "None", "ebit": "910000000", "ebitda": "1160000000", "netIncome": "387000000"}, {"fiscalDateEnding": "2011-03-31", "reportedCurrency": "USD", "grossProfit": "1525000000", "totalRevenue": "2465000000", "costOfRevenue": "940000000", "costofGoodsAndServicesSold": "940000000", "operatingIncome": "1021000000", "sellingGeneralAndAdministrative": "45000000", "researchAndDevelopment": "68000000", "operatingExpenses": "504000000", "investmentIncomeNet": "None", "netInterestIncome": "None", "interestIncome": "None", "interestExpense": "65000000", "nonInterestIncome": "None", "otherNonOperatingIncome": "-32000000", "depreciation": "None", "depreciationAndAmortization": "256000000", "incomeBeforeTax": "973000000", "incomeTaxExpense": "305000000", "interestAndDebtExpense": "None", "netIncomeFromContinuingOperations": "668000000", "comprehensiveIncomeNetOfTax": "None", "ebit": "1038000000", "ebitda": "1294000000", "netIncome": "514000000"}, {"fiscalDateEnding": "2010-12-31", "reportedCurrency": "USD", "grossProfit": "1863000000", "totalRevenue": "2548000000", "costOfRevenue": "685000000", "costofGoodsAndServicesSold": "685000000", "operatingIncome": "1268000000", "sellingGeneralAndAdministrative": "178000000", "researchAndDevelopment": "67000000", "operatingExpenses": "595000000", "investmentIncomeNet": "None", "netInterestIncome": "None", "interestIncome": "None", "interestExpense": "354000000", "nonInterestIncome": "None", "otherNonOperatingIncome": "-47000000", "depreciation": "None", "depreciationAndAmortization": "248000000", "incomeBeforeTax": "1140000000", "incomeTaxExpense": "100000000", "interestAndDebtExpense": "None", "netIncomeFromContinuingOperations": "1048000000", "comprehensiveIncomeNetOfTax": "None", "ebit": "1306000000", "ebitda": "1554000000", "netIncome": "812000000"}, {"fiscalDateEnding": "2010-09-30", "reportedCurrency": "USD", "grossProfit": "1627000000", "totalRevenue": "2597000000", "costOfRevenue": "970000000", "costofGoodsAndServicesSold": "970000000", "operatingIncome": "1226000000", "sellingGeneralAndAdministrative": "45000000", "researchAndDevelopment": "46000000", "operatingExpenses": "401000000", "investmentIncomeNet": "None", "netInterestIncome": "None", "interestIncome": "None", "interestExpense": "66000000", "nonInterestIncome": "None", "otherNonOperatingIncome": "-64000000", "depreciation": "None", "depreciationAndAmortization": "242000000", "incomeBeforeTax": "1165000000", "incomeTaxExpense": "348000000", "interestAndDebtExpense": "None", "netIncomeFromContinuingOperations": "814000000", "comprehensiveIncomeNetOfTax": "None", "ebit": "1221000000", "ebitda": "1463000000", "netIncome": "537000000"}, {"fiscalDateEnding": "2010-06-30", "reportedCurrency": "USD", "grossProfit": "1242000000", "totalRevenue": "2153000000", "costOfRevenue": "911000000", "costofGoodsAndServicesSold": "911000000", "operatingIncome": "837000000", "sellingGeneralAndAdministrative": "43000000", "researchAndDevelopment": "57000000", "operatingExpenses": "405000000", "investmentIncomeNet": "None", "netInterestIncome": "None", "interestIncome": "None", "interestExpense": "69000000", "nonInterestIncome": "None", "otherNonOperatingIncome": "-27000000", "depreciation": "None", "depreciationAndAmortization": "231000000", "incomeBeforeTax": "812000000", "incomeTaxExpense": "273000000", "interestAndDebtExpense": "None", "netIncomeFromContinuingOperations": "537000000", "comprehensiveIncomeNetOfTax": "None", "ebit": "891000000", "ebitda": "1122000000", "netIncome": "382000000"}, {"fiscalDateEnding": "2010-03-31", "reportedCurrency": "USD", "grossProfit": "1324000000", "totalRevenue": "2242000000", "costOfRevenue": "918000000", "costofGoodsAndServicesSold": "918000000", "operatingIncome": "907000000", "sellingGeneralAndAdministrative": "45000000", "researchAndDevelopment": "46000000", "operatingExpenses": "417000000", "investmentIncomeNet": "None", "netInterestIncome": "None", "interestIncome": "None", "interestExpense": "75000000", "nonInterestIncome": "None", "otherNonOperatingIncome": "-29000000", "depreciation": "None", "depreciationAndAmortization": "224000000", "incomeBeforeTax": "880000000", "incomeTaxExpense": "135000000", "interestAndDebtExpense": "None", "netIncomeFromContinuingOperations": "745000000", "comprehensiveIncomeNetOfTax": "None", "ebit": "961000000", "ebitda": "1185000000", "netIncome": "546000000"}, {"fiscalDateEnding": "2009-12-31", "reportedCurrency": "USD", "grossProfit": "1629000000", "totalRevenue": "2518000000", "costOfRevenue": "889000000", "costofGoodsAndServicesSold": "889000000", "operatingIncome": "1180000000", "sellingGeneralAndAdministrative": "159000000", "researchAndDevelopment": "35000000", "operatingExpenses": "449000000", "investmentIncomeNet": "None", "netInterestIncome": "None", "interestIncome": "None", "interestExpense": "55000000", "nonInterestIncome": "None", "otherNonOperatingIncome": "None", "depreciation": "None", "depreciationAndAmortization": "240000000", "incomeBeforeTax": "1163000000", "incomeTaxExpense": "294000000", "interestAndDebtExpense": "None", "netIncomeFromContinuingOperations": "0", "comprehensiveIncomeNetOfTax": "None", "ebit": "1218000000", "ebitda": "1458000000", "netIncome": "558000000"}, {"fiscalDateEnding": "2009-09-30", "reportedCurrency": "USD", "grossProfit": "1229000000", "totalRevenue": "2049000000", "costOfRevenue": "820000000", "costofGoodsAndServicesSold": "820000000", "operatingIncome": "889000000", "sellingGeneralAndAdministrative": "39000000", "researchAndDevelopment": "27000000", "operatingExpenses": "340000000", "investmentIncomeNet": "None", "netInterestIncome": "None", "interestIncome": "None", "interestExpense": "10000000", "nonInterestIncome": "None", "otherNonOperatingIncome": "9000000", "depreciation": "None", "depreciationAndAmortization": "199000000", "incomeBeforeTax": "904000000", "incomeTaxExpense": "253000000", "interestAndDebtExpense": "None", "netIncomeFromContinuingOperations": "645000000", "comprehensiveIncomeNetOfTax": "None", "ebit": "889000000", "ebitda": "1088000000", "netIncome": "388000000"}, {"fiscalDateEnding": "2009-06-30", "reportedCurrency": "USD", "grossProfit": "855000000", "totalRevenue": "1602000000", "costOfRevenue": "747000000", "costofGoodsAndServicesSold": "747000000", "operatingIncome": "473000000", "sellingGeneralAndAdministrative": "40000000", "researchAndDevelopment": "42000000", "operatingExpenses": "382000000", "investmentIncomeNet": "None", "netInterestIncome": "None", "interestIncome": "None", "interestExpense": "23000000", "nonInterestIncome": "None", "otherNonOperatingIncome": "-17000000", "depreciation": "None", "depreciationAndAmortization": "176000000", "incomeBeforeTax": "459000000", "incomeTaxExpense": "136000000", "interestAndDebtExpense": "None", "netIncomeFromContinuingOperations": "320000000", "comprehensiveIncomeNetOfTax": "None", "ebit": "473000000", "ebitda": "649000000", "netIncome": "306000000"}, {"fiscalDateEnding": "2009-03-31", "reportedCurrency": "USD", "grossProfit": "758000000", "totalRevenue": "1552000000", "costOfRevenue": "794000000", "costofGoodsAndServicesSold": "794000000", "operatingIncome": "410000000", "sellingGeneralAndAdministrative": "39000000", "researchAndDevelopment": "31000000", "operatingExpenses": "348000000", "investmentIncomeNet": "None", "netInterestIncome": "None", "interestIncome": "None", "interestExpense": "32000000", "nonInterestIncome": "None", "otherNonOperatingIncome": "None", "depreciation": "None", "depreciationAndAmortization": "192000000", "incomeBeforeTax": "387000000", "incomeTaxExpense": "105000000", "interestAndDebtExpense": "None", "netIncomeFromContinuingOperations": "0", "comprehensiveIncomeNetOfTax": "None", "ebit": "401000000", "ebitda": "593000000", "netIncome": "189000000"}, {"fiscalDateEnding": "2008-12-31", "reportedCurrency": "USD", "grossProfit": "514000000", "totalRevenue": "1342000000", "costOfRevenue": "828000000", "costofGoodsAndServicesSold": "828000000", "operatingIncome": "-98000000", "sellingGeneralAndAdministrative": "144000000", "researchAndDevelopment": "52000000", "operatingExpenses": "612000000", "investmentIncomeNet": "None", "netInterestIncome": "None", "interestIncome": "None", "interestExpense": "102000000", "nonInterestIncome": "None", "otherNonOperatingIncome": "None", "depreciation": "None", "depreciationAndAmortization": "192000000", "incomeBeforeTax": "-42000000", "incomeTaxExpense": "-88000000", "interestAndDebtExpense": "None", "netIncomeFromContinuingOperations": "0", "comprehensiveIncomeNetOfTax": "None", "ebit": "-365000000", "ebitda": "-173000000", "netIncome": "10000000"}, {"fiscalDateEnding": "2008-09-30", "reportedCurrency": "USD", "grossProfit": "521000000", "totalRevenue": "1392000000", "costOfRevenue": "871000000", "costofGoodsAndServicesSold": "871000000", "operatingIncome": "240000000", "sellingGeneralAndAdministrative": "37000000", "researchAndDevelopment": "45000000", "operatingExpenses": "281000000", "investmentIncomeNet": "None", "netInterestIncome": "None", "interestIncome": "None", "interestExpense": "35000000", "nonInterestIncome": "None", "otherNonOperatingIncome": "None", "depreciation": "None", "depreciationAndAmortization": "189000000", "incomeBeforeTax": "212000000", "incomeTaxExpense": "3000000", "interestAndDebtExpense": "None", "netIncomeFromContinuingOperations": "0", "comprehensiveIncomeNetOfTax": "None", "ebit": "254000000", "ebitda": "443000000", "netIncome": "191000000"}, {"fiscalDateEnding": "2008-06-30", "reportedCurrency": "USD", "grossProfit": "704000000", "totalRevenue": "1522000000", "costOfRevenue": "818000000", "costofGoodsAndServicesSold": "818000000", "operatingIncome": "444000000", "sellingGeneralAndAdministrative": "37000000", "researchAndDevelopment": "39000000", "operatingExpenses": "260000000", "investmentIncomeNet": "None", "netInterestIncome": "None", "interestIncome": "None", "interestExpense": "35000000", "nonInterestIncome": "None", "otherNonOperatingIncome": "None", "depreciation": "None", "depreciationAndAmortization": "184000000", "incomeBeforeTax": "310000000", "incomeTaxExpense": "-37000000", "interestAndDebtExpense": "None", "netIncomeFromContinuingOperations": "0", "comprehensiveIncomeNetOfTax": "None", "ebit": "329000000", "ebitda": "513000000", "netIncome": "271000000"}, {"fiscalDateEnding": "2008-03-31", "reportedCurrency": "USD", "grossProfit": "1152000000", "totalRevenue": "1943000000", "costOfRevenue": "791000000", "costofGoodsAndServicesSold": "791000000", "operatingIncome": "872000000", "sellingGeneralAndAdministrative": "23000000", "researchAndDevelopment": "30000000", "operatingExpenses": "280000000", "investmentIncomeNet": "None", "netInterestIncome": "None", "interestIncome": "None", "interestExpense": "7000000", "nonInterestIncome": "None", "otherNonOperatingIncome": "None", "depreciation": "None", "depreciationAndAmortization": "182000000", "incomeBeforeTax": "796000000", "incomeTaxExpense": "235000000", "interestAndDebtExpense": "None", "netIncomeFromContinuingOperations": "0", "comprehensiveIncomeNetOfTax": "None", "ebit": "801000000", "ebitda": "983000000", "netIncome": "365000000"}, {"fiscalDateEnding": "2007-12-31", "reportedCurrency": "USD", "grossProfit": "780000000", "totalRevenue": "1322000000", "costOfRevenue": "542000000", "costofGoodsAndServicesSold": "542000000", "operatingIncome": "280000000", "sellingGeneralAndAdministrative": "143000000", "researchAndDevelopment": "17000000", "operatingExpenses": "500000000", "investmentIncomeNet": "None", "netInterestIncome": "None", "interestIncome": "None", "interestExpense": "105000000", "nonInterestIncome": "None", "otherNonOperatingIncome": "None", "depreciation": "None", "depreciationAndAmortization": "138000000", "incomeBeforeTax": "-1175000000", "incomeTaxExpense": "95000000", "interestAndDebtExpense": "None", "netIncomeFromContinuingOperations": "0", "comprehensiveIncomeNetOfTax": "None", "ebit": "280000000", "ebitda": "418000000", "netIncome": "-289000000"}, {"fiscalDateEnding": "2007-09-30", "reportedCurrency": "USD", "grossProfit": "861000000", "totalRevenue": "1646000000", "costOfRevenue": "785000000", "costofGoodsAndServicesSold": "785000000", "operatingIncome": "619000000", "sellingGeneralAndAdministrative": "40000000", "researchAndDevelopment": "16000000", "operatingExpenses": "242000000", "investmentIncomeNet": "None", "netInterestIncome": "None", "interestIncome": "None", "interestExpense": "28000000", "nonInterestIncome": "None", "otherNonOperatingIncome": "None", "depreciation": "None", "depreciationAndAmortization": "176000000", "incomeBeforeTax": "607000000", "incomeTaxExpense": "84000000", "interestAndDebtExpense": "None", "netIncomeFromContinuingOperations": "0", "comprehensiveIncomeNetOfTax": "None", "ebit": "635000000", "ebitda": "811000000", "netIncome": "397000000"}, {"fiscalDateEnding": "2007-06-30", "reportedCurrency": "USD", "grossProfit": "495000000", "totalRevenue": "1302000000", "costOfRevenue": "807000000", "costofGoodsAndServicesSold": "807000000", "operatingIncome": "253000000", "sellingGeneralAndAdministrative": "36000000", "researchAndDevelopment": "13000000", "operatingExpenses": "242000000", "investmentIncomeNet": "None", "netInterestIncome": "None", "interestIncome": "None", "interestExpense": "25000000", "nonInterestIncome": "None", "otherNonOperatingIncome": "None", "depreciation": "None", "depreciationAndAmortization": "189000000", "incomeBeforeTax": "-331000000", "incomeTaxExpense": "-23000000", "interestAndDebtExpense": "None", "netIncomeFromContinuingOperations": "0", "comprehensiveIncomeNetOfTax": "None", "ebit": "280000000", "ebitda": "469000000", "netIncome": "-2062000000"}, {"fiscalDateEnding": "2007-03-31", "reportedCurrency": "USD", "grossProfit": "412000000", "totalRevenue": "1256000000", "costOfRevenue": "844000000", "costofGoodsAndServicesSold": "844000000", "operatingIncome": "143000000", "sellingGeneralAndAdministrative": "37000000", "researchAndDevelopment": "18000000", "operatingExpenses": "269000000", "investmentIncomeNet": "None", "netInterestIncome": "None", "interestIncome": "None", "interestExpense": "24000000", "nonInterestIncome": "None", "otherNonOperatingIncome": "None", "depreciation": "None", "depreciationAndAmortization": "192000000", "incomeBeforeTax": "186000000", "incomeTaxExpense": "62000000", "interestAndDebtExpense": "None", "netIncomeFromContinuingOperations": "0", "comprehensiveIncomeNetOfTax": "None", "ebit": "204000000", "ebitda": "396000000", "netIncome": "68000000"}, {"fiscalDateEnding": "2006-12-31", "reportedCurrency": "USD", "grossProfit": "674000000", "totalRevenue": "1460000000", "costOfRevenue": "786000000", "costofGoodsAndServicesSold": "786000000", "operatingIncome": "474000000", "sellingGeneralAndAdministrative": "149000000", "researchAndDevelopment": "26000000", "operatingExpenses": "200000000", "investmentIncomeNet": "None", "netInterestIncome": "None", "interestIncome": "None", "interestExpense": "97000000", "nonInterestIncome": "None", "otherNonOperatingIncome": "None", "depreciation": "None", "depreciationAndAmortization": "192000000", "incomeBeforeTax": "360000000", "incomeTaxExpense": "62000000", "interestAndDebtExpense": "None", "netIncomeFromContinuingOperations": "0", "comprehensiveIncomeNetOfTax": "None", "ebit": "474000000", "ebitda": "666000000", "netIncome": "223000000"}, {"fiscalDateEnding": "2006-09-30", "reportedCurrency": "USD", "grossProfit": "470000000", "totalRevenue": "1102000000", "costOfRevenue": "632000000", "costofGoodsAndServicesSold": "632000000", "operatingIncome": "232000000", "sellingGeneralAndAdministrative": "29000000", "researchAndDevelopment": "19000000", "operatingExpenses": "238000000", "investmentIncomeNet": "None", "netInterestIncome": "None", "interestIncome": "None", "interestExpense": "28000000", "nonInterestIncome": "None", "otherNonOperatingIncome": "None", "depreciation": "None", "depreciationAndAmortization": "149000000", "incomeBeforeTax": "521000000", "incomeTaxExpense": "206000000", "interestAndDebtExpense": "None", "netIncomeFromContinuingOperations": "0", "comprehensiveIncomeNetOfTax": "None", "ebit": "270000000", "ebitda": "419000000", "netIncome": "198000000"}, {"fiscalDateEnding": "2006-06-30", "reportedCurrency": "USD", "grossProfit": "629000000", "totalRevenue": "1310000000", "costOfRevenue": "681000000", "costofGoodsAndServicesSold": "681000000", "operatingIncome": "411000000", "sellingGeneralAndAdministrative": "37000000", "researchAndDevelopment": "28000000", "operatingExpenses": "218000000", "investmentIncomeNet": "None", "netInterestIncome": "None", "interestIncome": "None", "interestExpense": "23000000", "nonInterestIncome": "None", "otherNonOperatingIncome": "None", "depreciation": "None", "depreciationAndAmortization": "153000000", "incomeBeforeTax": "409000000", "incomeTaxExpense": "120000000", "interestAndDebtExpense": "None", "netIncomeFromContinuingOperations": "0", "comprehensiveIncomeNetOfTax": "None", "ebit": "407000000", "ebitda": "560000000", "netIncome": "161000000"}, {"fiscalDateEnding": "2006-03-31", "reportedCurrency": "USD", "grossProfit": "549000000", "totalRevenue": "1148000000", "costOfRevenue": "599000000", "costofGoodsAndServicesSold": "599000000", "operatingIncome": "349000000", "sellingGeneralAndAdministrative": "37000000", "researchAndDevelopment": "21000000", "operatingExpenses": "200000000", "investmentIncomeNet": "None", "netInterestIncome": "None", "interestIncome": "None", "interestExpense": "20000000", "nonInterestIncome": "None", "otherNonOperatingIncome": "None", "depreciation": "None", "depreciationAndAmortization": "142000000", "incomeBeforeTax": "350000000", "incomeTaxExpense": "38000000", "interestAndDebtExpense": "None", "netIncomeFromContinuingOperations": "0", "comprehensiveIncomeNetOfTax": "None", "ebit": "328000000", "ebitda": "470000000", "netIncome": "209000000"}, {"fiscalDateEnding": "2005-12-31", "reportedCurrency": "USD", "grossProfit": "521000000", "totalRevenue": "1283000000", "costOfRevenue": "762000000", "costofGoodsAndServicesSold": "762000000", "operatingIncome": "297000000", "sellingGeneralAndAdministrative": "134000000", "researchAndDevelopment": "23000000", "operatingExpenses": "224000000", "investmentIncomeNet": "None", "netInterestIncome": "None", "interestIncome": "None", "interestExpense": "98000000", "nonInterestIncome": "None", "otherNonOperatingIncome": "None", "depreciation": "None", "depreciationAndAmortization": "183000000", "incomeBeforeTax": "343000000", "incomeTaxExpense": "128000000", "interestAndDebtExpense": "None", "netIncomeFromContinuingOperations": "0", "comprehensiveIncomeNetOfTax": "None", "ebit": "297000000", "ebitda": "480000000", "netIncome": "62000000"}, {"fiscalDateEnding": "2005-09-30", "reportedCurrency": "USD", "grossProfit": "521000000", "totalRevenue": "1164000000", "costOfRevenue": "643000000", "costofGoodsAndServicesSold": "643000000", "operatingIncome": "311000000", "sellingGeneralAndAdministrative": "32000000", "researchAndDevelopment": "18000000", "operatingExpenses": "210000000", "investmentIncomeNet": "None", "netInterestIncome": "None", "interestIncome": "None", "interestExpense": "24000000", "nonInterestIncome": "None", "otherNonOperatingIncome": "None", "depreciation": "None", "depreciationAndAmortization": "156000000", "incomeBeforeTax": "333000000", "incomeTaxExpense": "94000000", "interestAndDebtExpense": "None", "netIncomeFromContinuingOperations": "0", "comprehensiveIncomeNetOfTax": "None", "ebit": "317000000", "ebitda": "473000000", "netIncome": "126000000"}, {"fiscalDateEnding": "2005-06-30", "reportedCurrency": "USD", "grossProfit": "408000000", "totalRevenue": "1006000000", "costOfRevenue": "598000000", "costofGoodsAndServicesSold": "598000000", "operatingIncome": "204000000", "sellingGeneralAndAdministrative": "32000000", "researchAndDevelopment": "14000000", "operatingExpenses": "204000000", "investmentIncomeNet": "None", "netInterestIncome": "None", "interestIncome": "None", "interestExpense": "31000000", "nonInterestIncome": "None", "otherNonOperatingIncome": "None", "depreciation": "None", "depreciationAndAmortization": "142000000", "incomeBeforeTax": "200000000", "incomeTaxExpense": "41000000", "interestAndDebtExpense": "None", "netIncomeFromContinuingOperations": "0", "comprehensiveIncomeNetOfTax": "None", "ebit": "223000000", "ebitda": "365000000", "netIncome": "50000000"}, {"fiscalDateEnding": "2005-03-31", "reportedCurrency": "USD", "grossProfit": "384000000", "totalRevenue": "961000000", "costOfRevenue": "577000000", "costofGoodsAndServicesSold": "577000000", "operatingIncome": "167000000", "sellingGeneralAndAdministrative": "31000000", "researchAndDevelopment": "18000000", "operatingExpenses": "217000000", "investmentIncomeNet": "None", "netInterestIncome": "None", "interestIncome": "None", "interestExpense": "21000000", "nonInterestIncome": "None", "otherNonOperatingIncome": "None", "depreciation": "None", "depreciationAndAmortization": "134000000", "incomeBeforeTax": "190000000", "incomeTaxExpense": "51000000", "interestAndDebtExpense": "None", "netIncomeFromContinuingOperations": "0", "comprehensiveIncomeNetOfTax": "None", "ebit": "157000000", "ebitda": "291000000", "netIncome": "84000000"}, {"fiscalDateEnding": "2004-12-31", "reportedCurrency": "USD", "grossProfit": "449208000", "totalRevenue": "1230042000", "costOfRevenue": "780834000", "costofGoodsAndServicesSold": "780834000", "operatingIncome": "378924000", "sellingGeneralAndAdministrative": "115848000", "researchAndDevelopment": "53416000", "operatingExpenses": "70284000", "investmentIncomeNet": "None", "netInterestIncome": "None", "interestIncome": "None", "interestExpense": "97610000", "nonInterestIncome": "None", "otherNonOperatingIncome": "None", "depreciation": "None", "depreciationAndAmortization": "169050000", "incomeBeforeTax": "588925000", "incomeTaxExpense": "65844000", "interestAndDebtExpense": "None", "netIncomeFromContinuingOperations": "0", "comprehensiveIncomeNetOfTax": "None", "ebit": "383252000", "ebitda": "552302000", "netIncome": "190423000"}]}