{"symbol": "DHI", "annualReports": [{"fiscalDateEnding": "2024-09-30", "reportedCurrency": "USD", "grossProfit": "9535400000", "totalRevenue": "36801400000", "costOfRevenue": "27266000000", "costofGoodsAndServicesSold": "27266000000", "operatingIncome": "5935900000", "sellingGeneralAndAdministrative": "3599500000", "researchAndDevelopment": "None", "operatingExpenses": "3599500000", "investmentIncomeNet": "None", "netInterestIncome": "None", "interestIncome": "None", "interestExpense": "135000000", "nonInterestIncome": "None", "otherNonOperatingIncome": "None", "depreciation": "None", "depreciationAndAmortization": "87100000", "incomeBeforeTax": "6284700000", "incomeTaxExpense": "1478700000", "interestAndDebtExpense": "None", "netIncomeFromContinuingOperations": "4806000000", "comprehensiveIncomeNetOfTax": "None", "ebit": "6284700000", "ebitda": "6371800000", "netIncome": "4756400000"}, {"fiscalDateEnding": "2023-09-30", "reportedCurrency": "USD", "grossProfit": "9350400000", "totalRevenue": "35460400000", "costOfRevenue": "26110000000", "costofGoodsAndServicesSold": "26110000000", "operatingIncome": "6419700000", "sellingGeneralAndAdministrative": "3184100000", "researchAndDevelopment": "None", "operatingExpenses": "3248800000", "investmentIncomeNet": "None", "netInterestIncome": "None", "interestIncome": "None", "interestExpense": "154500000", "nonInterestIncome": "None", "otherNonOperatingIncome": "None", "depreciation": "None", "depreciationAndAmortization": "91600000", "incomeBeforeTax": "6314700000", "incomeTaxExpense": "1519500000", "interestAndDebtExpense": "None", "netIncomeFromContinuingOperations": "4795200000", "comprehensiveIncomeNetOfTax": "None", "ebit": "6101600000", "ebitda": "6193200000", "netIncome": "4745700000"}, {"fiscalDateEnding": "2022-09-30", "reportedCurrency": "USD", "grossProfit": "10504100000", "totalRevenue": "33480000000", "costOfRevenue": "22975900000", "costofGoodsAndServicesSold": "22975900000", "operatingIncome": "7570400000", "sellingGeneralAndAdministrative": "2892000000", "researchAndDevelopment": "None", "operatingExpenses": "2933700000", "investmentIncomeNet": "None", "netInterestIncome": "None", "interestIncome": "None", "interestExpense": "21200000", "nonInterestIncome": "None", "otherNonOperatingIncome": "59300000", "depreciation": "None", "depreciationAndAmortization": "81400000", "incomeBeforeTax": "7629700000", "incomeTaxExpense": "1734100000", "interestAndDebtExpense": "None", "netIncomeFromContinuingOperations": "5895600000", "comprehensiveIncomeNetOfTax": "None", "ebit": "7570400000", "ebitda": "7651800000", "netIncome": "5857500000"}, {"fiscalDateEnding": "2021-09-30", "reportedCurrency": "USD", "grossProfit": "7875000000", "totalRevenue": "27774200000", "costOfRevenue": "19899200000", "costofGoodsAndServicesSold": "19899200000", "operatingIncome": "5322900000", "sellingGeneralAndAdministrative": "2520100000", "researchAndDevelopment": "None", "operatingExpenses": "2556200000", "investmentIncomeNet": "None", "netInterestIncome": "None", "interestIncome": "None", "interestExpense": "152200000", "nonInterestIncome": "None", "otherNonOperatingIncome": "37500000", "depreciation": "None", "depreciationAndAmortization": "73900000", "incomeBeforeTax": "5356300000", "incomeTaxExpense": "1165100000", "interestAndDebtExpense": "None", "netIncomeFromContinuingOperations": "4191200000", "comprehensiveIncomeNetOfTax": "None", "ebit": "5322900000", "ebitda": "5396800000", "netIncome": "4175800000"}, {"fiscalDateEnding": "2020-09-30", "reportedCurrency": "USD", "grossProfit": "4937900000", "totalRevenue": "20311100000", "costOfRevenue": "15373200000", "costofGoodsAndServicesSold": "15373200000", "operatingIncome": "2830600000", "sellingGeneralAndAdministrative": "2047800000", "researchAndDevelopment": "None", "operatingExpenses": "2047800000", "investmentIncomeNet": "None", "netInterestIncome": "None", "interestIncome": "None", "interestExpense": "153300000", "nonInterestIncome": "None", "otherNonOperatingIncome": "None", "depreciation": "None", "depreciationAndAmortization": "80400000", "incomeBeforeTax": "2983000000", "incomeTaxExpense": "602500000", "interestAndDebtExpense": "None", "netIncomeFromContinuingOperations": "2380500000", "comprehensiveIncomeNetOfTax": "None", "ebit": "2830600000", "ebitda": "2911000000", "netIncome": "2373700000"}, {"fiscalDateEnding": "2019-09-30", "reportedCurrency": "USD", "grossProfit": "3872000000", "totalRevenue": "17592900000", "costOfRevenue": "13720900000", "costofGoodsAndServicesSold": "13720900000", "operatingIncome": "1985600000", "sellingGeneralAndAdministrative": "1785500000", "researchAndDevelopment": "None", "operatingExpenses": "1832500000", "investmentIncomeNet": "None", "netInterestIncome": "None", "interestIncome": "None", "interestExpense": "140200000", "nonInterestIncome": "None", "otherNonOperatingIncome": "None", "depreciation": "None", "depreciationAndAmortization": "72000000", "incomeBeforeTax": "2125300000", "incomeTaxExpense": "506700000", "interestAndDebtExpense": "None", "netIncomeFromContinuingOperations": "1618600000", "comprehensiveIncomeNetOfTax": "None", "ebit": "1985600000", "ebitda": "2057600000", "netIncome": "1618500000"}, {"fiscalDateEnding": "2018-09-30", "reportedCurrency": "USD", "grossProfit": "3669900000", "totalRevenue": "16068000000", "costOfRevenue": "12398100000", "costofGoodsAndServicesSold": "12398100000", "operatingIncome": "1993100000", "sellingGeneralAndAdministrative": "1676800000", "researchAndDevelopment": "0", "operatingExpenses": "1676800000", "investmentIncomeNet": "None", "netInterestIncome": "None", "interestIncome": "None", "interestExpense": "9300000", "nonInterestIncome": "None", "otherNonOperatingIncome": "66900000", "depreciation": "None", "depreciationAndAmortization": "62400000", "incomeBeforeTax": "2060000000", "incomeTaxExpense": "597700000", "interestAndDebtExpense": "None", "netIncomeFromContinuingOperations": "1460300000", "comprehensiveIncomeNetOfTax": "None", "ebit": "1993100000", "ebitda": "2055500000", "netIncome": "1460300000"}, {"fiscalDateEnding": "2017-09-30", "reportedCurrency": "USD", "grossProfit": "3048200000", "totalRevenue": "14091000000", "costOfRevenue": "11042800000", "costofGoodsAndServicesSold": "11042800000", "operatingIncome": "1576600000", "sellingGeneralAndAdministrative": "1471600000", "researchAndDevelopment": "0", "operatingExpenses": "1471600000", "investmentIncomeNet": "None", "netInterestIncome": "14500000", "interestIncome": "14500000", "interestExpense": "14500000", "nonInterestIncome": "None", "otherNonOperatingIncome": "11000000", "depreciation": "None", "depreciationAndAmortization": "54700000", "incomeBeforeTax": "1602100000", "incomeTaxExpense": "563700000", "interestAndDebtExpense": "None", "netIncomeFromContinuingOperations": "1038400000", "comprehensiveIncomeNetOfTax": "None", "ebit": "1576600000", "ebitda": "1631300000", "netIncome": "1038400000"}, {"fiscalDateEnding": "2016-09-30", "reportedCurrency": "USD", "grossProfit": "2654800000", "totalRevenue": "12157400000", "costOfRevenue": "9502600000", "costofGoodsAndServicesSold": "9502600000", "operatingIncome": "1334500000", "sellingGeneralAndAdministrative": "1320300000", "researchAndDevelopment": "0", "operatingExpenses": "1320300000", "investmentIncomeNet": "None", "netInterestIncome": "13500000", "interestIncome": "13500000", "interestExpense": "13500000", "nonInterestIncome": "None", "otherNonOperatingIncome": "12700000", "depreciation": "None", "depreciationAndAmortization": "61000000", "incomeBeforeTax": "1353500000", "incomeTaxExpense": "467200000", "interestAndDebtExpense": "None", "netIncomeFromContinuingOperations": "886300000", "comprehensiveIncomeNetOfTax": "None", "ebit": "1334500000", "ebitda": "1395500000", "netIncome": "886300000"}, {"fiscalDateEnding": "2015-09-30", "reportedCurrency": "USD", "grossProfit": "2288300000", "totalRevenue": "10824000000", "costOfRevenue": "8535700000", "costofGoodsAndServicesSold": "8535700000", "operatingIncome": "1102300000", "sellingGeneralAndAdministrative": "1186000000", "researchAndDevelopment": "0", "operatingExpenses": "1186000000", "investmentIncomeNet": "None", "netInterestIncome": "None", "interestIncome": "None", "interestExpense": "0", "nonInterestIncome": "None", "otherNonOperatingIncome": "18400000", "depreciation": "None", "depreciationAndAmortization": "54100000", "incomeBeforeTax": "1123400000", "incomeTaxExpense": "372700000", "interestAndDebtExpense": "None", "netIncomeFromContinuingOperations": "750700000", "comprehensiveIncomeNetOfTax": "None", "ebit": "1102300000", "ebitda": "1156400000", "netIncome": "750700000"}, {"fiscalDateEnding": "2014-09-30", "reportedCurrency": "USD", "grossProfit": "1756300000", "totalRevenue": "8024900000", "costOfRevenue": "6268600000", "costofGoodsAndServicesSold": "6268600000", "operatingIncome": "790900000", "sellingGeneralAndAdministrative": "965400000", "researchAndDevelopment": "0", "operatingExpenses": "965400000", "investmentIncomeNet": "None", "netInterestIncome": "None", "interestIncome": "None", "interestExpense": "0", "nonInterestIncome": "None", "otherNonOperatingIncome": "13100000", "depreciation": "None", "depreciationAndAmortization": "38400000", "incomeBeforeTax": "814200000", "incomeTaxExpense": "280700000", "interestAndDebtExpense": "None", "netIncomeFromContinuingOperations": "533500000", "comprehensiveIncomeNetOfTax": "None", "ebit": "814200000", "ebitda": "852600000", "netIncome": "533500000"}, {"fiscalDateEnding": "2013-09-30", "reportedCurrency": "USD", "grossProfit": "1405800000", "totalRevenue": "6259300000", "costOfRevenue": "4853500000", "costofGoodsAndServicesSold": "4853500000", "operatingIncome": "639500000", "sellingGeneralAndAdministrative": "766300000", "researchAndDevelopment": "0", "operatingExpenses": "766300000", "investmentIncomeNet": "None", "netInterestIncome": "None", "interestIncome": "None", "interestExpense": "5100000", "nonInterestIncome": "None", "otherNonOperatingIncome": "14900000", "depreciation": "None", "depreciationAndAmortization": "22700000", "incomeBeforeTax": "657800000", "incomeTaxExpense": "195100000", "interestAndDebtExpense": "None", "netIncomeFromContinuingOperations": "462700000", "comprehensiveIncomeNetOfTax": "None", "ebit": "662900000", "ebitda": "685600000", "netIncome": "462700000"}, {"fiscalDateEnding": "2012-09-30", "reportedCurrency": "USD", "grossProfit": "861600000", "totalRevenue": "4354000000", "costOfRevenue": "3492400000", "costofGoodsAndServicesSold": "3492400000", "operatingIncome": "247500000", "sellingGeneralAndAdministrative": "614100000", "researchAndDevelopment": "0", "operatingExpenses": "602000000", "investmentIncomeNet": "None", "netInterestIncome": "None", "interestIncome": "None", "interestExpense": "26900000", "nonInterestIncome": "None", "otherNonOperatingIncome": "12200000", "depreciation": "None", "depreciationAndAmortization": "18800000", "incomeBeforeTax": "242900000", "incomeTaxExpense": "-713400000", "interestAndDebtExpense": "None", "netIncomeFromContinuingOperations": "956300000", "comprehensiveIncomeNetOfTax": "None", "ebit": "269800000", "ebitda": "288600000", "netIncome": "956300000"}, {"fiscalDateEnding": "2011-09-30", "reportedCurrency": "USD", "grossProfit": "613500000", "totalRevenue": "3636800000", "costOfRevenue": "3023300000", "costofGoodsAndServicesSold": "3023300000", "operatingIncome": "54400000", "sellingGeneralAndAdministrative": "556300000", "researchAndDevelopment": "0", "operatingExpenses": "559100000", "investmentIncomeNet": "None", "netInterestIncome": "None", "interestIncome": "None", "interestExpense": "51900000", "nonInterestIncome": "None", "otherNonOperatingIncome": "-2800000", "depreciation": "None", "depreciationAndAmortization": "19900000", "incomeBeforeTax": "12100000", "incomeTaxExpense": "-59700000", "interestAndDebtExpense": "None", "netIncomeFromContinuingOperations": "-15400000", "comprehensiveIncomeNetOfTax": "None", "ebit": "64000000", "ebitda": "83900000", "netIncome": "71800000"}, {"fiscalDateEnding": "2010-09-30", "reportedCurrency": "USD", "grossProfit": "772600000", "totalRevenue": "4400200000", "costOfRevenue": "3627600000", "costofGoodsAndServicesSold": "3627600000", "operatingIncome": "173400000", "sellingGeneralAndAdministrative": "599200000", "researchAndDevelopment": "0", "operatingExpenses": "599200000", "investmentIncomeNet": "None", "netInterestIncome": "None", "interestIncome": "None", "interestExpense": "88200000", "nonInterestIncome": "None", "otherNonOperatingIncome": "4300000", "depreciation": "None", "depreciationAndAmortization": "17200000", "incomeBeforeTax": "99500000", "incomeTaxExpense": "-145600000", "interestAndDebtExpense": "None", "netIncomeFromContinuingOperations": "245100000", "comprehensiveIncomeNetOfTax": "None", "ebit": "187700000", "ebitda": "204900000", "netIncome": "245100000"}, {"fiscalDateEnding": "2009-09-30", "reportedCurrency": "USD", "grossProfit": "118900000", "totalRevenue": "3657600000", "costOfRevenue": "3538700000", "costofGoodsAndServicesSold": "3538700000", "operatingIncome": "-482200000", "sellingGeneralAndAdministrative": "601100000", "researchAndDevelopment": "None", "operatingExpenses": "601100000", "investmentIncomeNet": "None", "netInterestIncome": "None", "interestIncome": "None", "interestExpense": "97200000", "nonInterestIncome": "None", "otherNonOperatingIncome": "None", "depreciation": "None", "depreciationAndAmortization": "25700000", "incomeBeforeTax": "-552300000", "incomeTaxExpense": "-7000000", "interestAndDebtExpense": "None", "netIncomeFromContinuingOperations": "None", "comprehensiveIncomeNetOfTax": "None", "ebit": "-455100000", "ebitda": "-429400000", "netIncome": "-545300000"}, {"fiscalDateEnding": "2008-09-30", "reportedCurrency": "USD", "grossProfit": "-1635700000", "totalRevenue": "6646100000", "costOfRevenue": "8281800000", "costofGoodsAndServicesSold": "8281800000", "operatingIncome": "-2527600000", "sellingGeneralAndAdministrative": "891900000", "researchAndDevelopment": "None", "operatingExpenses": "891900000", "investmentIncomeNet": "None", "netInterestIncome": "None", "interestIncome": "None", "interestExpense": "39000000", "nonInterestIncome": "None", "otherNonOperatingIncome": "None", "depreciation": "None", "depreciationAndAmortization": "60400000", "incomeBeforeTax": "-2631800000", "incomeTaxExpense": "1800000", "interestAndDebtExpense": "None", "netIncomeFromContinuingOperations": "None", "comprehensiveIncomeNetOfTax": "None", "ebit": "-2596300000", "ebitda": "-2535900000", "netIncome": "-2633600000"}, {"fiscalDateEnding": "2007-09-30", "reportedCurrency": "USD", "grossProfit": "811400000", "totalRevenue": "11296500000", "costOfRevenue": "10485100000", "costofGoodsAndServicesSold": "10485100000", "operatingIncome": "-483900000", "sellingGeneralAndAdministrative": "1295300000", "researchAndDevelopment": "None", "operatingExpenses": "1295300000", "investmentIncomeNet": "None", "netInterestIncome": "None", "interestIncome": "None", "interestExpense": "23600000", "nonInterestIncome": "None", "otherNonOperatingIncome": "None", "depreciation": "None", "depreciationAndAmortization": "71000000", "incomeBeforeTax": "-951200000", "incomeTaxExpense": "-238700000", "interestAndDebtExpense": "None", "netIncomeFromContinuingOperations": "None", "comprehensiveIncomeNetOfTax": "None", "ebit": "-934200000", "ebitda": "-863200000", "netIncome": "-712500000"}, {"fiscalDateEnding": "2006-09-30", "reportedCurrency": "USD", "grossProfit": "3633000000", "totalRevenue": "15051300000", "costOfRevenue": "11418300000", "costofGoodsAndServicesSold": "11418300000", "operatingIncome": "1974200000", "sellingGeneralAndAdministrative": "1658800000", "researchAndDevelopment": "None", "operatingExpenses": "1658800000", "investmentIncomeNet": "None", "netInterestIncome": "None", "interestIncome": "None", "interestExpense": "17900000", "nonInterestIncome": "None", "otherNonOperatingIncome": "None", "depreciation": "None", "depreciationAndAmortization": "61700000", "incomeBeforeTax": "1987100000", "incomeTaxExpense": "753800000", "interestAndDebtExpense": "None", "netIncomeFromContinuingOperations": "None", "comprehensiveIncomeNetOfTax": "None", "ebit": "2036900000", "ebitda": "2098600000", "netIncome": "1233300000"}, {"fiscalDateEnding": "2005-09-30", "reportedCurrency": "USD", "grossProfit": "3723400000", "totalRevenue": "13863700000", "costOfRevenue": "10140300000", "costofGoodsAndServicesSold": "10140300000", "operatingIncome": "2349200000", "sellingGeneralAndAdministrative": "1374200000", "researchAndDevelopment": "None", "operatingExpenses": "1374200000", "investmentIncomeNet": "None", "netInterestIncome": "None", "interestIncome": "None", "interestExpense": "4400000", "nonInterestIncome": "None", "otherNonOperatingIncome": "None", "depreciation": "None", "depreciationAndAmortization": "57100000", "incomeBeforeTax": "2378600000", "incomeTaxExpense": "908100000", "interestAndDebtExpense": "None", "netIncomeFromContinuingOperations": "None", "comprehensiveIncomeNetOfTax": "None", "ebit": "2395500000", "ebitda": "2452600000", "netIncome": "1470500000"}], "quarterlyReports": [{"fiscalDateEnding": "2024-12-31", "reportedCurrency": "USD", "grossProfit": "1910200000", "totalRevenue": "7613000000", "costOfRevenue": "5702800000", "costofGoodsAndServicesSold": "5702800000", "operatingIncome": "1032100000", "sellingGeneralAndAdministrative": "878100000", "researchAndDevelopment": "None", "operatingExpenses": "878100000", "investmentIncomeNet": "None", "netInterestIncome": "None", "interestIncome": "None", "interestExpense": "30300000", "nonInterestIncome": "None", "otherNonOperatingIncome": "None", "depreciation": "None", "depreciationAndAmortization": "24100000", "incomeBeforeTax": "1109900000", "incomeTaxExpense": "258000000", "interestAndDebtExpense": "None", "netIncomeFromContinuingOperations": "851900000", "comprehensiveIncomeNetOfTax": "None", "ebit": "1032100000", "ebitda": "1056200000", "netIncome": "844900000"}, {"fiscalDateEnding": "2024-09-30", "reportedCurrency": "USD", "grossProfit": "2554300000", "totalRevenue": "10002600000", "costOfRevenue": "7448300000", "costofGoodsAndServicesSold": "7448300000", "operatingIncome": "1594100000", "sellingGeneralAndAdministrative": "960300000", "researchAndDevelopment": "None", "operatingExpenses": "960200000", "investmentIncomeNet": "None", "netInterestIncome": "None", "interestIncome": "None", "interestExpense": "38900000", "nonInterestIncome": "None", "otherNonOperatingIncome": "None", "depreciation": "None", "depreciationAndAmortization": "23600000", "incomeBeforeTax": "1709700000", "incomeTaxExpense": "409900000", "interestAndDebtExpense": "None", "netIncomeFromContinuingOperations": "1299800000", "comprehensiveIncomeNetOfTax": "None", "ebit": "1594000000", "ebitda": "1617600000", "netIncome": "1283400000"}, {"fiscalDateEnding": "2024-06-30", "reportedCurrency": "USD", "grossProfit": "2642000000", "totalRevenue": "9965700000", "costOfRevenue": "7323700000", "costofGoodsAndServicesSold": "7323700000", "operatingIncome": "1762700000", "sellingGeneralAndAdministrative": "923600000", "researchAndDevelopment": "None", "operatingExpenses": "879300000", "investmentIncomeNet": "None", "netInterestIncome": "None", "interestIncome": "None", "interestExpense": "35300000", "nonInterestIncome": "None", "otherNonOperatingIncome": "None", "depreciation": "None", "depreciationAndAmortization": "22400000", "incomeBeforeTax": "1799000000", "incomeTaxExpense": "432200000", "interestAndDebtExpense": "None", "netIncomeFromContinuingOperations": "1366800000", "comprehensiveIncomeNetOfTax": "None", "ebit": "1762700000", "ebitda": "1785100000", "netIncome": "1353600000"}, {"fiscalDateEnding": "2024-03-31", "reportedCurrency": "USD", "grossProfit": "2332900000", "totalRevenue": "9107200000", "costOfRevenue": "6774300000", "costofGoodsAndServicesSold": "6774300000", "operatingIncome": "1489500000", "sellingGeneralAndAdministrative": "880600000", "researchAndDevelopment": "None", "operatingExpenses": "843400000", "investmentIncomeNet": "None", "netInterestIncome": "None", "interestIncome": "None", "interestExpense": "32799999", "nonInterestIncome": "None", "otherNonOperatingIncome": "None", "depreciation": "None", "depreciationAndAmortization": "21100000", "incomeBeforeTax": "1528500000", "incomeTaxExpense": "344800000", "interestAndDebtExpense": "None", "netIncomeFromContinuingOperations": "1183700000", "comprehensiveIncomeNetOfTax": "None", "ebit": "1489500000", "ebitda": "1510600000", "netIncome": "1172100000"}, {"fiscalDateEnding": "2023-12-31", "reportedCurrency": "USD", "grossProfit": "2006200000", "totalRevenue": "7726000000", "costOfRevenue": "5719800000", "costofGoodsAndServicesSold": "5719800000", "operatingIncome": "1267200000", "sellingGeneralAndAdministrative": "835000000", "researchAndDevelopment": "None", "operatingExpenses": "835000000", "investmentIncomeNet": "None", "netInterestIncome": "None", "interestIncome": "None", "interestExpense": "28000000", "nonInterestIncome": "None", "otherNonOperatingIncome": "None", "depreciation": "None", "depreciationAndAmortization": "20000000", "incomeBeforeTax": "1247500000", "incomeTaxExpense": "291800000", "interestAndDebtExpense": "None", "netIncomeFromContinuingOperations": "955700000", "comprehensiveIncomeNetOfTax": "None", "ebit": "1171200000", "ebitda": "1191200000", "netIncome": "947400000"}, {"fiscalDateEnding": "2023-09-30", "reportedCurrency": "USD", "grossProfit": "2823300000", "totalRevenue": "10504000000", "costOfRevenue": "7680700000", "costofGoodsAndServicesSold": "7680700000", "operatingIncome": "2053100000", "sellingGeneralAndAdministrative": "821500000", "researchAndDevelopment": "None", "operatingExpenses": "886200000", "investmentIncomeNet": "None", "netInterestIncome": "None", "interestIncome": "None", "interestExpense": "50700000", "nonInterestIncome": "None", "otherNonOperatingIncome": "None", "depreciation": "None", "depreciationAndAmortization": "21400000", "incomeBeforeTax": "2018300000", "incomeTaxExpense": "492700000", "interestAndDebtExpense": "None", "netIncomeFromContinuingOperations": "1525600000", "comprehensiveIncomeNetOfTax": "None", "ebit": "1937100000", "ebitda": "1958500000", "netIncome": "1509700000"}, {"fiscalDateEnding": "2023-06-30", "reportedCurrency": "USD", "grossProfit": "2583800000", "totalRevenue": "9725600000", "costOfRevenue": "7141800000", "costofGoodsAndServicesSold": "7141800000", "operatingIncome": "1731700000", "sellingGeneralAndAdministrative": "852100000", "researchAndDevelopment": "None", "operatingExpenses": "852100000", "investmentIncomeNet": "None", "netInterestIncome": "None", "interestIncome": "None", "interestExpense": "41300000", "nonInterestIncome": "None", "otherNonOperatingIncome": "52200000", "depreciation": "None", "depreciationAndAmortization": "23700000", "incomeBeforeTax": "1783900000", "incomeTaxExpense": "432200000", "interestAndDebtExpense": "None", "netIncomeFromContinuingOperations": "1351700000", "comprehensiveIncomeNetOfTax": "None", "ebit": "1731700000", "ebitda": "1755400000", "netIncome": "1335100000"}, {"fiscalDateEnding": "2023-03-31", "reportedCurrency": "USD", "grossProfit": "1976700000", "totalRevenue": "7972900000", "costOfRevenue": "5996200000", "costofGoodsAndServicesSold": "5996200000", "operatingIncome": "1203100000", "sellingGeneralAndAdministrative": "773600000", "researchAndDevelopment": "None", "operatingExpenses": "773600000", "investmentIncomeNet": "None", "netInterestIncome": "None", "interestIncome": "None", "interestExpense": "34800000", "nonInterestIncome": "None", "otherNonOperatingIncome": "42200000", "depreciation": "None", "depreciationAndAmortization": "26700000", "incomeBeforeTax": "1245300000", "incomeTaxExpense": "295700000", "interestAndDebtExpense": "None", "netIncomeFromContinuingOperations": "949600000", "comprehensiveIncomeNetOfTax": "None", "ebit": "1203100000", "ebitda": "1229800000", "netIncome": "942200000"}, {"fiscalDateEnding": "2022-12-31", "reportedCurrency": "USD", "grossProfit": "1966500000", "totalRevenue": "7257800000", "costOfRevenue": "5291300000", "costofGoodsAndServicesSold": "5291300000", "operatingIncome": "1229500000", "sellingGeneralAndAdministrative": "737000000", "researchAndDevelopment": "None", "operatingExpenses": "737000000", "investmentIncomeNet": "None", "netInterestIncome": "None", "interestIncome": "None", "interestExpense": "28100000", "nonInterestIncome": "None", "otherNonOperatingIncome": "37700000", "depreciation": "None", "depreciationAndAmortization": "19800000", "incomeBeforeTax": "1267200000", "incomeTaxExpense": "298900000", "interestAndDebtExpense": "None", "netIncomeFromContinuingOperations": "968300000", "comprehensiveIncomeNetOfTax": "None", "ebit": "1229500000", "ebitda": "1249300000", "netIncome": "958700000"}, {"fiscalDateEnding": "2022-09-30", "reportedCurrency": "USD", "grossProfit": "2878500000", "totalRevenue": "9639400000", "costOfRevenue": "6760900000", "costofGoodsAndServicesSold": "6760900000", "operatingIncome": "2046500000", "sellingGeneralAndAdministrative": "790300000", "researchAndDevelopment": "None", "operatingExpenses": "832000000", "investmentIncomeNet": "None", "netInterestIncome": "None", "interestIncome": "None", "interestExpense": "4200000", "nonInterestIncome": "None", "otherNonOperatingIncome": "19400000", "depreciation": "None", "depreciationAndAmortization": "21200000", "incomeBeforeTax": "2065900000", "incomeTaxExpense": "417600000", "interestAndDebtExpense": "None", "netIncomeFromContinuingOperations": "1648300000", "comprehensiveIncomeNetOfTax": "None", "ebit": "2046500000", "ebitda": "2067700000", "netIncome": "1631900000"}, {"fiscalDateEnding": "2022-06-30", "reportedCurrency": "USD", "grossProfit": "2908800000", "totalRevenue": "8788100000", "costOfRevenue": "5879300000", "costofGoodsAndServicesSold": "5879300000", "operatingIncome": "2168200000", "sellingGeneralAndAdministrative": "740600000", "researchAndDevelopment": "None", "operatingExpenses": "740600000", "investmentIncomeNet": "None", "netInterestIncome": "None", "interestIncome": "None", "interestExpense": "3600000", "nonInterestIncome": "None", "otherNonOperatingIncome": "15100000", "depreciation": "None", "depreciationAndAmortization": "20900000", "incomeBeforeTax": "2183300000", "incomeTaxExpense": "524000000", "interestAndDebtExpense": "None", "netIncomeFromContinuingOperations": "1659300000", "comprehensiveIncomeNetOfTax": "None", "ebit": "2168200000", "ebitda": "2189100000", "netIncome": "1647800000"}, {"fiscalDateEnding": "2022-03-31", "reportedCurrency": "USD", "grossProfit": "2569100000", "totalRevenue": "7999000000", "costOfRevenue": "5429900000", "costofGoodsAndServicesSold": "5429900000", "operatingIncome": "1854100000", "sellingGeneralAndAdministrative": "695100000", "researchAndDevelopment": "None", "operatingExpenses": "695100000", "investmentIncomeNet": "None", "netInterestIncome": "None", "interestIncome": "None", "interestExpense": "23200000", "nonInterestIncome": "None", "otherNonOperatingIncome": "9300000", "depreciation": "None", "depreciationAndAmortization": "19900000", "incomeBeforeTax": "1883300000", "incomeTaxExpense": "441000000", "interestAndDebtExpense": "None", "netIncomeFromContinuingOperations": "1442300000", "comprehensiveIncomeNetOfTax": "None", "ebit": "1854100000", "ebitda": "1874000000", "netIncome": "1436300000"}, {"fiscalDateEnding": "2021-12-31", "reportedCurrency": "USD", "grossProfit": "2147700000", "totalRevenue": "7053400000", "costOfRevenue": "4905700000", "costofGoodsAndServicesSold": "4905700000", "operatingIncome": "1493100000", "sellingGeneralAndAdministrative": "665900000", "researchAndDevelopment": "None", "operatingExpenses": "665900000", "investmentIncomeNet": "None", "netInterestIncome": "None", "interestIncome": "None", "interestExpense": "4200000", "nonInterestIncome": "None", "otherNonOperatingIncome": "15500000", "depreciation": "None", "depreciationAndAmortization": "19400000", "incomeBeforeTax": "1497300000", "incomeTaxExpense": "351500000", "interestAndDebtExpense": "None", "netIncomeFromContinuingOperations": "1145800000", "comprehensiveIncomeNetOfTax": "None", "ebit": "1481800000", "ebitda": "1501200000", "netIncome": "1141600000"}, {"fiscalDateEnding": "2021-09-30", "reportedCurrency": "USD", "grossProfit": "2406100000", "totalRevenue": "8109300000", "costOfRevenue": "5703200000", "costofGoodsAndServicesSold": "5703200000", "operatingIncome": "1713100000", "sellingGeneralAndAdministrative": "693000000", "researchAndDevelopment": "None", "operatingExpenses": "693000000", "investmentIncomeNet": "None", "netInterestIncome": "None", "interestIncome": "None", "interestExpense": "4000000", "nonInterestIncome": "None", "otherNonOperatingIncome": "13500000", "depreciation": "None", "depreciationAndAmortization": "17200000", "incomeBeforeTax": "1726600000", "incomeTaxExpense": "381000000", "interestAndDebtExpense": "None", "netIncomeFromContinuingOperations": "1345600000", "comprehensiveIncomeNetOfTax": "None", "ebit": "1713100000", "ebitda": "1730300000", "netIncome": "1339000000"}, {"fiscalDateEnding": "2021-06-30", "reportedCurrency": "USD", "grossProfit": "2072000000", "totalRevenue": "7284600000", "costOfRevenue": "5212600000", "costofGoodsAndServicesSold": "5212600000", "operatingIncome": "1416300000", "sellingGeneralAndAdministrative": "655700000", "researchAndDevelopment": "None", "operatingExpenses": "655700000", "investmentIncomeNet": "None", "netInterestIncome": "None", "interestIncome": "None", "interestExpense": "4700000", "nonInterestIncome": "None", "otherNonOperatingIncome": "-700000", "depreciation": "None", "depreciationAndAmortization": "17400000", "incomeBeforeTax": "1415600000", "incomeTaxExpense": "299100000", "interestAndDebtExpense": "None", "netIncomeFromContinuingOperations": "1116500000", "comprehensiveIncomeNetOfTax": "None", "ebit": "1415600000", "ebitda": "1433000000", "netIncome": "1115500000"}, {"fiscalDateEnding": "2021-03-31", "reportedCurrency": "USD", "grossProfit": "1796000000", "totalRevenue": "6446900000", "costOfRevenue": "4650900000", "costofGoodsAndServicesSold": "4650900000", "operatingIncome": "1174500000", "sellingGeneralAndAdministrative": "621500000", "researchAndDevelopment": "None", "operatingExpenses": "621500000", "investmentIncomeNet": "None", "netInterestIncome": "None", "interestIncome": "None", "interestExpense": "3800000", "nonInterestIncome": "None", "otherNonOperatingIncome": "5400000", "depreciation": "None", "depreciationAndAmortization": "18900000", "incomeBeforeTax": "1179900000", "incomeTaxExpense": "246000000", "interestAndDebtExpense": "None", "netIncomeFromContinuingOperations": "933900000", "comprehensiveIncomeNetOfTax": "None", "ebit": "1174500000", "ebitda": "1193400000", "netIncome": "929500000"}, {"fiscalDateEnding": "2020-12-31", "reportedCurrency": "USD", "grossProfit": "1600900000", "totalRevenue": "5933400000", "costOfRevenue": "4332500000", "costofGoodsAndServicesSold": "4332500000", "operatingIncome": "1015000000", "sellingGeneralAndAdministrative": "15000000", "researchAndDevelopment": "None", "operatingExpenses": "585900000", "investmentIncomeNet": "None", "netInterestIncome": "None", "interestIncome": "None", "interestExpense": "4500000", "nonInterestIncome": "None", "otherNonOperatingIncome": "19300000", "depreciation": "None", "depreciationAndAmortization": "20400000", "incomeBeforeTax": "1034300000", "incomeTaxExpense": "239100000", "interestAndDebtExpense": "None", "netIncomeFromContinuingOperations": "795200000", "comprehensiveIncomeNetOfTax": "None", "ebit": "1034300000", "ebitda": "1054700000", "netIncome": "791800000"}, {"fiscalDateEnding": "2020-09-30", "reportedCurrency": "USD", "grossProfit": "1646800000", "totalRevenue": "6400400000", "costOfRevenue": "4753600000", "costofGoodsAndServicesSold": "4753600000", "operatingIncome": "1049100000", "sellingGeneralAndAdministrative": "922600000", "researchAndDevelopment": "None", "operatingExpenses": "597700000", "investmentIncomeNet": "None", "netInterestIncome": "None", "interestIncome": "None", "interestExpense": "4400000", "nonInterestIncome": "None", "otherNonOperatingIncome": "None", "depreciation": "None", "depreciationAndAmortization": "23000000", "incomeBeforeTax": "1056100000", "incomeTaxExpense": "224900000", "interestAndDebtExpense": "None", "netIncomeFromContinuingOperations": "831200000", "comprehensiveIncomeNetOfTax": "None", "ebit": "1049100000", "ebitda": "1072100000", "netIncome": "829000000"}, {"fiscalDateEnding": "2020-06-30", "reportedCurrency": "USD", "grossProfit": "1305300000", "totalRevenue": "5390000000", "costOfRevenue": "4084700000", "costofGoodsAndServicesSold": "4084700000", "operatingIncome": "777800000", "sellingGeneralAndAdministrative": "527500000", "researchAndDevelopment": "None", "operatingExpenses": "527500000", "investmentIncomeNet": "None", "netInterestIncome": "None", "interestIncome": "None", "interestExpense": "4300000", "nonInterestIncome": "None", "otherNonOperatingIncome": "4600000", "depreciation": "None", "depreciationAndAmortization": "18600000", "incomeBeforeTax": "782400000", "incomeTaxExpense": "149500000", "interestAndDebtExpense": "None", "netIncomeFromContinuingOperations": "632900000", "comprehensiveIncomeNetOfTax": "None", "ebit": "777800000", "ebitda": "796400000", "netIncome": "630700000"}, {"fiscalDateEnding": "2020-03-31", "reportedCurrency": "USD", "grossProfit": "1049200000", "totalRevenue": "4500000000", "costOfRevenue": "3450800000", "costofGoodsAndServicesSold": "3450800000", "operatingIncome": "582400000", "sellingGeneralAndAdministrative": "466800000", "researchAndDevelopment": "None", "operatingExpenses": "466800000", "investmentIncomeNet": "None", "netInterestIncome": "None", "interestIncome": "None", "interestExpense": "5000000", "nonInterestIncome": "None", "otherNonOperatingIncome": "38900000", "depreciation": "None", "depreciationAndAmortization": "19800000", "incomeBeforeTax": "621300000", "incomeTaxExpense": "137300000", "interestAndDebtExpense": "None", "netIncomeFromContinuingOperations": "484000000", "comprehensiveIncomeNetOfTax": "None", "ebit": "582400000", "ebitda": "602200000", "netIncome": "482700000"}, {"fiscalDateEnding": "2019-12-31", "reportedCurrency": "USD", "grossProfit": "936500000", "totalRevenue": "4020700000", "costOfRevenue": "3084200000", "costofGoodsAndServicesSold": "3084200000", "operatingIncome": "480700000", "sellingGeneralAndAdministrative": "455800000", "researchAndDevelopment": "None", "operatingExpenses": "455800000", "investmentIncomeNet": "None", "netInterestIncome": "None", "interestIncome": "None", "interestExpense": "4700000", "nonInterestIncome": "None", "otherNonOperatingIncome": "42600000", "depreciation": "None", "depreciationAndAmortization": "19000000", "incomeBeforeTax": "523300000", "incomeTaxExpense": "90800000", "interestAndDebtExpense": "None", "netIncomeFromContinuingOperations": "432500000", "comprehensiveIncomeNetOfTax": "None", "ebit": "480700000", "ebitda": "499700000", "netIncome": "431300000"}, {"fiscalDateEnding": "2019-09-30", "reportedCurrency": "USD", "grossProfit": "1157300000", "totalRevenue": "5038900000", "costOfRevenue": "3881600000", "costofGoodsAndServicesSold": "3881600000", "operatingIncome": "651900000", "sellingGeneralAndAdministrative": "505500000", "researchAndDevelopment": "None", "operatingExpenses": "505500000", "investmentIncomeNet": "None", "netInterestIncome": "None", "interestIncome": "None", "interestExpense": "4800000", "nonInterestIncome": "None", "otherNonOperatingIncome": "None", "depreciation": "None", "depreciationAndAmortization": "19600000", "incomeBeforeTax": "660100000", "incomeTaxExpense": "156200000", "interestAndDebtExpense": "None", "netIncomeFromContinuingOperations": "503900000", "comprehensiveIncomeNetOfTax": "None", "ebit": "651900000", "ebitda": "671500000", "netIncome": "505300000"}, {"fiscalDateEnding": "2019-06-30", "reportedCurrency": "USD", "grossProfit": "1074700000", "totalRevenue": "4906300000", "costOfRevenue": "3831600000", "costofGoodsAndServicesSold": "3831600000", "operatingIncome": "594700000", "sellingGeneralAndAdministrative": "480000000", "researchAndDevelopment": "None", "operatingExpenses": "480000000", "investmentIncomeNet": "None", "netInterestIncome": "None", "interestIncome": "None", "interestExpense": "4500000", "nonInterestIncome": "None", "otherNonOperatingIncome": "32000000", "depreciation": "None", "depreciationAndAmortization": "18300000", "incomeBeforeTax": "626700000", "incomeTaxExpense": "153100000", "interestAndDebtExpense": "None", "netIncomeFromContinuingOperations": "473600000", "comprehensiveIncomeNetOfTax": "None", "ebit": "594700000", "ebitda": "613000000", "netIncome": "474800000"}, {"fiscalDateEnding": "2019-03-31", "reportedCurrency": "USD", "grossProfit": "872000000", "totalRevenue": "4128700000", "costOfRevenue": "3256700000", "costofGoodsAndServicesSold": "3256700000", "operatingIncome": "427800000", "sellingGeneralAndAdministrative": "444200000", "researchAndDevelopment": "None", "operatingExpenses": "444200000", "investmentIncomeNet": "None", "netInterestIncome": "None", "interestIncome": "None", "interestExpense": "3000000", "nonInterestIncome": "None", "otherNonOperatingIncome": "35000000", "depreciation": "None", "depreciationAndAmortization": "17200000", "incomeBeforeTax": "462800000", "incomeTaxExpense": "108400000", "interestAndDebtExpense": "None", "netIncomeFromContinuingOperations": "354400000", "comprehensiveIncomeNetOfTax": "None", "ebit": "427800000", "ebitda": "445000000", "netIncome": "351300000"}, {"fiscalDateEnding": "2018-12-31", "reportedCurrency": "USD", "grossProfit": "767900000", "totalRevenue": "3519000000", "costOfRevenue": "2751100000", "costofGoodsAndServicesSold": "2751100000", "operatingIncome": "365100000", "sellingGeneralAndAdministrative": "402800000", "researchAndDevelopment": "0", "operatingExpenses": "402800000", "investmentIncomeNet": "None", "netInterestIncome": "None", "interestIncome": "None", "interestExpense": "31700000", "nonInterestIncome": "None", "otherNonOperatingIncome": "10600000", "depreciation": "None", "depreciationAndAmortization": "16900000", "incomeBeforeTax": "375700000", "incomeTaxExpense": "89000000", "interestAndDebtExpense": "None", "netIncomeFromContinuingOperations": "286700000", "comprehensiveIncomeNetOfTax": "None", "ebit": "365100000", "ebitda": "382000000", "netIncome": "287200000"}, {"fiscalDateEnding": "2018-09-30", "reportedCurrency": "USD", "grossProfit": "1046100000", "totalRevenue": "4505200000", "costOfRevenue": "3459100000", "costofGoodsAndServicesSold": "3459100000", "operatingIncome": "589100000", "sellingGeneralAndAdministrative": "456900000", "researchAndDevelopment": "0", "operatingExpenses": "456900000", "investmentIncomeNet": "None", "netInterestIncome": "None", "interestIncome": "None", "interestExpense": "31600000", "nonInterestIncome": "None", "otherNonOperatingIncome": "18500000", "depreciation": "None", "depreciationAndAmortization": "15800000", "incomeBeforeTax": "607700000", "incomeTaxExpense": "138800000", "interestAndDebtExpense": "None", "netIncomeFromContinuingOperations": "467000000", "comprehensiveIncomeNetOfTax": "None", "ebit": "589100000", "ebitda": "604900000", "netIncome": "466100000"}, {"fiscalDateEnding": "2018-06-30", "reportedCurrency": "USD", "grossProfit": "1038100000", "totalRevenue": "4435300000", "costOfRevenue": "3397200000", "costofGoodsAndServicesSold": "3397200000", "operatingIncome": "603200000", "sellingGeneralAndAdministrative": "434900000", "researchAndDevelopment": "0", "operatingExpenses": "434900000", "investmentIncomeNet": "None", "netInterestIncome": "None", "interestIncome": "None", "interestExpense": "31000000", "nonInterestIncome": "None", "otherNonOperatingIncome": "13000000", "depreciation": "None", "depreciationAndAmortization": "13500000", "incomeBeforeTax": "616200000", "incomeTaxExpense": "162500000", "interestAndDebtExpense": "None", "netIncomeFromContinuingOperations": "453700000", "comprehensiveIncomeNetOfTax": "None", "ebit": "603200000", "ebitda": "616700000", "netIncome": "453800000"}, {"fiscalDateEnding": "2018-03-31", "reportedCurrency": "USD", "grossProfit": "833100000", "totalRevenue": "3794700000", "costOfRevenue": "2961600000", "costofGoodsAndServicesSold": "2961600000", "operatingIncome": "432200000", "sellingGeneralAndAdministrative": "400900000", "researchAndDevelopment": "0", "operatingExpenses": "400900000", "investmentIncomeNet": "None", "netInterestIncome": "None", "interestIncome": "None", "interestExpense": "31800000", "nonInterestIncome": "None", "otherNonOperatingIncome": "12600000", "depreciation": "None", "depreciationAndAmortization": "16900000", "incomeBeforeTax": "444800000", "incomeTaxExpense": "94000000", "interestAndDebtExpense": "None", "netIncomeFromContinuingOperations": "350800000", "comprehensiveIncomeNetOfTax": "None", "ebit": "432200000", "ebitda": "449100000", "netIncome": "351000000"}, {"fiscalDateEnding": "2017-12-31", "reportedCurrency": "USD", "grossProfit": "752600000", "totalRevenue": "3332700000", "costOfRevenue": "2580100000", "costofGoodsAndServicesSold": "2580100000", "operatingIncome": "368400000", "sellingGeneralAndAdministrative": "384200000", "researchAndDevelopment": "0", "operatingExpenses": "384200000", "investmentIncomeNet": "None", "netInterestIncome": "None", "interestIncome": "None", "interestExpense": "31000000", "nonInterestIncome": "None", "otherNonOperatingIncome": "22800000", "depreciation": "None", "depreciationAndAmortization": "16200000", "incomeBeforeTax": "391200000", "incomeTaxExpense": "202400000", "interestAndDebtExpense": "None", "netIncomeFromContinuingOperations": "188800000", "comprehensiveIncomeNetOfTax": "None", "ebit": "368400000", "ebitda": "384600000", "netIncome": "189300000"}, {"fiscalDateEnding": "2017-09-30", "reportedCurrency": "USD", "grossProfit": "895100000", "totalRevenue": "4159100000", "costOfRevenue": "3264000000", "costofGoodsAndServicesSold": "3264000000", "operatingIncome": "479100000", "sellingGeneralAndAdministrative": "416100000", "researchAndDevelopment": "0", "operatingExpenses": "416100000", "investmentIncomeNet": "None", "netInterestIncome": "None", "interestIncome": "None", "interestExpense": "14500000", "nonInterestIncome": "None", "otherNonOperatingIncome": "3200000", "depreciation": "None", "depreciationAndAmortization": "14300000", "incomeBeforeTax": "485500000", "incomeTaxExpense": "172300000", "interestAndDebtExpense": "None", "netIncomeFromContinuingOperations": "313300000", "comprehensiveIncomeNetOfTax": "None", "ebit": "479100000", "ebitda": "493400000", "netIncome": "313200000"}, {"fiscalDateEnding": "2017-06-30", "reportedCurrency": "USD", "grossProfit": "815300000", "totalRevenue": "3776400000", "costOfRevenue": "2961100000", "costofGoodsAndServicesSold": "2961100000", "operatingIncome": "440800000", "sellingGeneralAndAdministrative": "374500000", "researchAndDevelopment": "0", "operatingExpenses": "374500000", "investmentIncomeNet": "None", "netInterestIncome": "None", "interestIncome": "None", "interestExpense": "2400000", "nonInterestIncome": "None", "otherNonOperatingIncome": "1300000", "depreciation": "None", "depreciationAndAmortization": "13100000", "incomeBeforeTax": "444500000", "incomeTaxExpense": "155500000", "interestAndDebtExpense": "None", "netIncomeFromContinuingOperations": "289000000", "comprehensiveIncomeNetOfTax": "None", "ebit": "440800000", "ebitda": "453900000", "netIncome": "289000000"}, {"fiscalDateEnding": "2017-03-31", "reportedCurrency": "USD", "grossProfit": "701400000", "totalRevenue": "3251300000", "costOfRevenue": "2549900000", "costofGoodsAndServicesSold": "2549900000", "operatingIncome": "346200000", "sellingGeneralAndAdministrative": "355200000", "researchAndDevelopment": "0", "operatingExpenses": "355200000", "investmentIncomeNet": "None", "netInterestIncome": "None", "interestIncome": "None", "interestExpense": "33500000", "nonInterestIncome": "None", "otherNonOperatingIncome": "2400000", "depreciation": "None", "depreciationAndAmortization": "12900000", "incomeBeforeTax": "353900000", "incomeTaxExpense": "124700000", "interestAndDebtExpense": "None", "netIncomeFromContinuingOperations": "229200000", "comprehensiveIncomeNetOfTax": "None", "ebit": "346200000", "ebitda": "359100000", "netIncome": "229200000"}, {"fiscalDateEnding": "2016-12-31", "reportedCurrency": "USD", "grossProfit": "636300000", "totalRevenue": "2904200000", "costOfRevenue": "2267900000", "costofGoodsAndServicesSold": "2267900000", "operatingIncome": "310400000", "sellingGeneralAndAdministrative": "325900000", "researchAndDevelopment": "0", "operatingExpenses": "325900000", "investmentIncomeNet": "None", "netInterestIncome": "None", "interestIncome": "None", "interestExpense": "3600000", "nonInterestIncome": "None", "otherNonOperatingIncome": "4100000", "depreciation": "None", "depreciationAndAmortization": "14400000", "incomeBeforeTax": "318100000", "incomeTaxExpense": "111200000", "interestAndDebtExpense": "None", "netIncomeFromContinuingOperations": "206900000", "comprehensiveIncomeNetOfTax": "None", "ebit": "310400000", "ebitda": "324800000", "netIncome": "206900000"}, {"fiscalDateEnding": "2016-09-30", "reportedCurrency": "USD", "grossProfit": "822900000", "totalRevenue": "3741300000", "costOfRevenue": "2918400000", "costofGoodsAndServicesSold": "2918400000", "operatingIncome": "438100000", "sellingGeneralAndAdministrative": "384800000", "researchAndDevelopment": "0", "operatingExpenses": "384900000", "investmentIncomeNet": "None", "netInterestIncome": "None", "interestIncome": "None", "interestExpense": "13500000", "nonInterestIncome": "None", "otherNonOperatingIncome": "-4100000", "depreciation": "None", "depreciationAndAmortization": "19600000", "incomeBeforeTax": "433000000", "incomeTaxExpense": "149400000", "interestAndDebtExpense": "None", "netIncomeFromContinuingOperations": "283700000", "comprehensiveIncomeNetOfTax": "None", "ebit": "438100000", "ebitda": "457700000", "netIncome": "283600000"}, {"fiscalDateEnding": "2016-06-30", "reportedCurrency": "USD", "grossProfit": "708900000", "totalRevenue": "3231900000", "costOfRevenue": "2523000000", "costofGoodsAndServicesSold": "2523000000", "operatingIncome": "372100000", "sellingGeneralAndAdministrative": "336800000", "researchAndDevelopment": "0", "operatingExpenses": "336800000", "investmentIncomeNet": "None", "netInterestIncome": "None", "interestIncome": "None", "interestExpense": "35400000", "nonInterestIncome": "None", "otherNonOperatingIncome": "3800000", "depreciation": "None", "depreciationAndAmortization": "13800000", "incomeBeforeTax": "378600000", "incomeTaxExpense": "128800000", "interestAndDebtExpense": "None", "netIncomeFromContinuingOperations": "249800000", "comprehensiveIncomeNetOfTax": "None", "ebit": "372100000", "ebitda": "385900000", "netIncome": "249800000"}, {"fiscalDateEnding": "2016-03-31", "reportedCurrency": "USD", "grossProfit": "598600000", "totalRevenue": "2767900000", "costOfRevenue": "2169300000", "costofGoodsAndServicesSold": "2169300000", "operatingIncome": "289400000", "sellingGeneralAndAdministrative": "309200000", "researchAndDevelopment": "0", "operatingExpenses": "309200000", "investmentIncomeNet": "None", "netInterestIncome": "None", "interestIncome": "None", "interestExpense": "40400000", "nonInterestIncome": "None", "otherNonOperatingIncome": "9600000", "depreciation": "None", "depreciationAndAmortization": "14000000", "incomeBeforeTax": "300500000", "incomeTaxExpense": "105400000", "interestAndDebtExpense": "None", "netIncomeFromContinuingOperations": "195100000", "comprehensiveIncomeNetOfTax": "None", "ebit": "289400000", "ebitda": "303400000", "netIncome": "195100000"}, {"fiscalDateEnding": "2015-12-31", "reportedCurrency": "USD", "grossProfit": "524200000", "totalRevenue": "2416400000", "costOfRevenue": "1892200000", "costofGoodsAndServicesSold": "1892200000", "operatingIncome": "234800000", "sellingGeneralAndAdministrative": "289400000", "researchAndDevelopment": "0", "operatingExpenses": "289400000", "investmentIncomeNet": "None", "netInterestIncome": "None", "interestIncome": "None", "interestExpense": "42200000", "nonInterestIncome": "None", "otherNonOperatingIncome": "3400000", "depreciation": "None", "depreciationAndAmortization": "13600000", "incomeBeforeTax": "241300000", "incomeTaxExpense": "83600000", "interestAndDebtExpense": "None", "netIncomeFromContinuingOperations": "157700000", "comprehensiveIncomeNetOfTax": "None", "ebit": "234800000", "ebitda": "248400000", "netIncome": "157700000"}, {"fiscalDateEnding": "2015-09-30", "reportedCurrency": "USD", "grossProfit": "663700000", "totalRevenue": "3172500000", "costOfRevenue": "2508800000", "costofGoodsAndServicesSold": "2508800000", "operatingIncome": "340400000", "sellingGeneralAndAdministrative": "323200000", "researchAndDevelopment": "0", "operatingExpenses": "323200000", "investmentIncomeNet": "None", "netInterestIncome": "None", "interestIncome": "None", "interestExpense": "43000000", "nonInterestIncome": "None", "otherNonOperatingIncome": "4500000", "depreciation": "None", "depreciationAndAmortization": "14400000", "incomeBeforeTax": "338800000", "incomeTaxExpense": "99900000", "interestAndDebtExpense": "None", "netIncomeFromContinuingOperations": "238900000", "comprehensiveIncomeNetOfTax": "None", "ebit": "381000000", "ebitda": "395400000", "netIncome": "238900000"}, {"fiscalDateEnding": "2015-06-30", "reportedCurrency": "USD", "grossProfit": "630400000", "totalRevenue": "2950800000", "costOfRevenue": "2320400000", "costofGoodsAndServicesSold": "2320400000", "operatingIncome": "326600000", "sellingGeneralAndAdministrative": "303800000", "researchAndDevelopment": "0", "operatingExpenses": "303800000", "investmentIncomeNet": "None", "netInterestIncome": "None", "interestIncome": "None", "interestExpense": "43200000", "nonInterestIncome": "None", "otherNonOperatingIncome": "3900000", "depreciation": "None", "depreciationAndAmortization": "14300000", "incomeBeforeTax": "333800000", "incomeTaxExpense": "112400000", "interestAndDebtExpense": "None", "netIncomeFromContinuingOperations": "221400000", "comprehensiveIncomeNetOfTax": "None", "ebit": "326600000", "ebitda": "340900000", "netIncome": "221400000"}, {"fiscalDateEnding": "2015-03-31", "reportedCurrency": "USD", "grossProfit": "506000000", "totalRevenue": "2398000000", "costOfRevenue": "1892000000", "costofGoodsAndServicesSold": "1892000000", "operatingIncome": "222900000", "sellingGeneralAndAdministrative": "283100000", "researchAndDevelopment": "0", "operatingExpenses": "283100000", "investmentIncomeNet": "None", "netInterestIncome": "None", "interestIncome": "None", "interestExpense": "42600000", "nonInterestIncome": "None", "otherNonOperatingIncome": "4500000", "depreciation": "None", "depreciationAndAmortization": "13100000", "incomeBeforeTax": "230100000", "incomeTaxExpense": "82200000", "interestAndDebtExpense": "None", "netIncomeFromContinuingOperations": "147900000", "comprehensiveIncomeNetOfTax": "None", "ebit": "222900000", "ebitda": "236000000", "netIncome": "147900000"}, {"fiscalDateEnding": "2014-12-31", "reportedCurrency": "USD", "grossProfit": "488200000", "totalRevenue": "2302600000", "costOfRevenue": "1814400000", "costofGoodsAndServicesSold": "1814400000", "operatingIncome": "212400000", "sellingGeneralAndAdministrative": "275800000", "researchAndDevelopment": "0", "operatingExpenses": "275800000", "investmentIncomeNet": "None", "netInterestIncome": "None", "interestIncome": "None", "interestExpense": "40400000", "nonInterestIncome": "None", "otherNonOperatingIncome": "5500000", "depreciation": "None", "depreciationAndAmortization": "12300000", "incomeBeforeTax": "220700000", "incomeTaxExpense": "78200000", "interestAndDebtExpense": "None", "netIncomeFromContinuingOperations": "142500000", "comprehensiveIncomeNetOfTax": "None", "ebit": "212400000", "ebitda": "224700000", "netIncome": "142500000"}, {"fiscalDateEnding": "2014-09-30", "reportedCurrency": "USD", "grossProfit": "522700000", "totalRevenue": "2472300000", "costOfRevenue": "1949600000", "costofGoodsAndServicesSold": "1949600000", "operatingIncome": "244200000", "sellingGeneralAndAdministrative": "278500000", "researchAndDevelopment": "0", "operatingExpenses": "278500000", "investmentIncomeNet": "None", "netInterestIncome": "None", "interestIncome": "None", "interestExpense": "41800000", "nonInterestIncome": "None", "otherNonOperatingIncome": "3900000", "depreciation": "None", "depreciationAndAmortization": "11800000", "incomeBeforeTax": "250800000", "incomeTaxExpense": "84500000", "interestAndDebtExpense": "None", "netIncomeFromContinuingOperations": "166200000", "comprehensiveIncomeNetOfTax": "None", "ebit": "268200000", "ebitda": "280000000", "netIncome": "166300000"}, {"fiscalDateEnding": "2014-06-30", "reportedCurrency": "USD", "grossProfit": "421500000", "totalRevenue": "2147000000", "costOfRevenue": "1725500000", "costofGoodsAndServicesSold": "1725500000", "operatingIncome": "165800000", "sellingGeneralAndAdministrative": "255700000", "researchAndDevelopment": "0", "operatingExpenses": "255700000", "investmentIncomeNet": "None", "netInterestIncome": "None", "interestIncome": "None", "interestExpense": "45200000", "nonInterestIncome": "None", "otherNonOperatingIncome": "3100000", "depreciation": "None", "depreciationAndAmortization": "9900000", "incomeBeforeTax": "171800000", "incomeTaxExpense": "58700000", "interestAndDebtExpense": "None", "netIncomeFromContinuingOperations": "113100000", "comprehensiveIncomeNetOfTax": "None", "ebit": "165800000", "ebitda": "175700000", "netIncome": "113100000"}, {"fiscalDateEnding": "2014-03-31", "reportedCurrency": "USD", "grossProfit": "415200000", "totalRevenue": "1735000000", "costOfRevenue": "1319800000", "costofGoodsAndServicesSold": "1319800000", "operatingIncome": "197100000", "sellingGeneralAndAdministrative": "218100000", "researchAndDevelopment": "0", "operatingExpenses": "218100000", "investmentIncomeNet": "None", "netInterestIncome": "None", "interestIncome": "None", "interestExpense": "49500000", "nonInterestIncome": "None", "otherNonOperatingIncome": "2800000", "depreciation": "None", "depreciationAndAmortization": "8900000", "incomeBeforeTax": "201900000", "incomeTaxExpense": "70900000", "interestAndDebtExpense": "None", "netIncomeFromContinuingOperations": "131000000", "comprehensiveIncomeNetOfTax": "None", "ebit": "197100000", "ebitda": "206000000", "netIncome": "131000000"}, {"fiscalDateEnding": "2013-12-31", "reportedCurrency": "USD", "grossProfit": "397000000", "totalRevenue": "1670600000", "costOfRevenue": "1273600000", "costofGoodsAndServicesSold": "1273600000", "operatingIncome": "183800000", "sellingGeneralAndAdministrative": "213200000", "researchAndDevelopment": "0", "operatingExpenses": "213200000", "investmentIncomeNet": "None", "netInterestIncome": "None", "interestIncome": "None", "interestExpense": "49300000", "nonInterestIncome": "None", "otherNonOperatingIncome": "3300000", "depreciation": "None", "depreciationAndAmortization": "7800000", "incomeBeforeTax": "189700000", "incomeTaxExpense": "66500000", "interestAndDebtExpense": "None", "netIncomeFromContinuingOperations": "123200000", "comprehensiveIncomeNetOfTax": "None", "ebit": "183800000", "ebitda": "191600000", "netIncome": "123200000"}, {"fiscalDateEnding": "2013-09-30", "reportedCurrency": "USD", "grossProfit": "413400000", "totalRevenue": "1859800000", "costOfRevenue": "1446400000", "costofGoodsAndServicesSold": "1446400000", "operatingIncome": "195300000", "sellingGeneralAndAdministrative": "218100000", "researchAndDevelopment": "0", "operatingExpenses": "218100000", "investmentIncomeNet": "None", "netInterestIncome": "None", "interestIncome": "None", "interestExpense": "2100000", "nonInterestIncome": "None", "otherNonOperatingIncome": "4600000", "depreciation": "None", "depreciationAndAmortization": "6700000", "incomeBeforeTax": "202800000", "incomeTaxExpense": "63300000", "interestAndDebtExpense": "None", "netIncomeFromContinuingOperations": "139400000", "comprehensiveIncomeNetOfTax": "None", "ebit": "225200000", "ebitda": "231900000", "netIncome": "139500000"}, {"fiscalDateEnding": "2013-06-30", "reportedCurrency": "USD", "grossProfit": "397400000", "totalRevenue": "1692800000", "costOfRevenue": "1295400000", "costofGoodsAndServicesSold": "1295400000", "operatingIncome": "198600000", "sellingGeneralAndAdministrative": "198800000", "researchAndDevelopment": "0", "operatingExpenses": "198800000", "investmentIncomeNet": "None", "netInterestIncome": "None", "interestIncome": "None", "interestExpense": "2700000", "nonInterestIncome": "None", "otherNonOperatingIncome": "3800000", "depreciation": "None", "depreciationAndAmortization": "5900000", "incomeBeforeTax": "205100000", "incomeTaxExpense": "59100000", "interestAndDebtExpense": "None", "netIncomeFromContinuingOperations": "146000000", "comprehensiveIncomeNetOfTax": "None", "ebit": "205100000", "ebitda": "211000000", "netIncome": "146000000"}, {"fiscalDateEnding": "2013-03-31", "reportedCurrency": "USD", "grossProfit": "322400000", "totalRevenue": "1431600000", "costOfRevenue": "1109200000", "costofGoodsAndServicesSold": "1109200000", "operatingIncome": "139300000", "sellingGeneralAndAdministrative": "183100000", "researchAndDevelopment": "0", "operatingExpenses": "183100000", "investmentIncomeNet": "None", "netInterestIncome": "None", "interestIncome": "None", "interestExpense": "3000000", "nonInterestIncome": "None", "otherNonOperatingIncome": "3200000", "depreciation": "None", "depreciationAndAmortization": "5300000", "incomeBeforeTax": "142100000", "incomeTaxExpense": "31100000", "interestAndDebtExpense": "None", "netIncomeFromContinuingOperations": "111000000", "comprehensiveIncomeNetOfTax": "None", "ebit": "144000000", "ebitda": "149300000", "netIncome": "111000000"}, {"fiscalDateEnding": "2012-12-31", "reportedCurrency": "USD", "grossProfit": "272800000", "totalRevenue": "1275100000", "costOfRevenue": "1002300000", "costofGoodsAndServicesSold": "1002300000", "operatingIncome": "106300000", "sellingGeneralAndAdministrative": "166500000", "researchAndDevelopment": "0", "operatingExpenses": "166500000", "investmentIncomeNet": "None", "netInterestIncome": "None", "interestIncome": "None", "interestExpense": "4200000", "nonInterestIncome": "None", "otherNonOperatingIncome": "3300000", "depreciation": "None", "depreciationAndAmortization": "4800000", "incomeBeforeTax": "107900000", "incomeTaxExpense": "41600000", "interestAndDebtExpense": "None", "netIncomeFromContinuingOperations": "66300000", "comprehensiveIncomeNetOfTax": "None", "ebit": "111100000", "ebitda": "115900000", "netIncome": "66300000"}, {"fiscalDateEnding": "2012-09-30", "reportedCurrency": "USD", "grossProfit": "269900000", "totalRevenue": "1336200000", "costOfRevenue": "1066300000", "costofGoodsAndServicesSold": "1066300000", "operatingIncome": "98500000", "sellingGeneralAndAdministrative": "171300000", "researchAndDevelopment": "0", "operatingExpenses": "167500000", "investmentIncomeNet": "None", "netInterestIncome": "None", "interestIncome": "None", "interestExpense": "5800000", "nonInterestIncome": "None", "otherNonOperatingIncome": "None", "depreciation": "None", "depreciationAndAmortization": "4400000", "incomeBeforeTax": "99200000", "incomeTaxExpense": "-900000", "interestAndDebtExpense": "None", "netIncomeFromContinuingOperations": "0", "comprehensiveIncomeNetOfTax": "None", "ebit": "105000000", "ebitda": "109400000", "netIncome": "100100000"}, {"fiscalDateEnding": "2012-06-30", "reportedCurrency": "USD", "grossProfit": "232100000", "totalRevenue": "1150000000", "costOfRevenue": "917900000", "costofGoodsAndServicesSold": "917900000", "operatingIncome": "74200000", "sellingGeneralAndAdministrative": "157900000", "researchAndDevelopment": "0", "operatingExpenses": "157900000", "investmentIncomeNet": "None", "netInterestIncome": "None", "interestIncome": "None", "interestExpense": "6800000", "nonInterestIncome": "None", "otherNonOperatingIncome": "2600000", "depreciation": "None", "depreciationAndAmortization": "4600000", "incomeBeforeTax": "72200000", "incomeTaxExpense": "-715600000", "interestAndDebtExpense": "None", "netIncomeFromContinuingOperations": "754000000", "comprehensiveIncomeNetOfTax": "None", "ebit": "78400000", "ebitda": "83000000", "netIncome": "787800000"}, {"fiscalDateEnding": "2012-03-31", "reportedCurrency": "USD", "grossProfit": "190000000", "totalRevenue": "961200000", "costOfRevenue": "771200000", "costofGoodsAndServicesSold": "771200000", "operatingIncome": "17300000", "sellingGeneralAndAdministrative": "172700000", "researchAndDevelopment": "0", "operatingExpenses": "172700000", "investmentIncomeNet": "None", "netInterestIncome": "None", "interestIncome": "None", "interestExpense": "6300000", "nonInterestIncome": "None", "otherNonOperatingIncome": "None", "depreciation": "None", "depreciationAndAmortization": "4800000", "incomeBeforeTax": "42300000", "incomeTaxExpense": "1700000", "interestAndDebtExpense": "None", "netIncomeFromContinuingOperations": "0", "comprehensiveIncomeNetOfTax": "None", "ebit": "48600000", "ebitda": "53400000", "netIncome": "40600000"}, {"fiscalDateEnding": "2011-12-31", "reportedCurrency": "USD", "grossProfit": "169600000", "totalRevenue": "906600000", "costOfRevenue": "737000000", "costofGoodsAndServicesSold": "737000000", "operatingIncome": "31700000", "sellingGeneralAndAdministrative": "137900000", "researchAndDevelopment": "0", "operatingExpenses": "135600000", "investmentIncomeNet": "None", "netInterestIncome": "None", "interestIncome": "None", "interestExpense": "7800000", "nonInterestIncome": "None", "otherNonOperatingIncome": "2300000", "depreciation": "None", "depreciationAndAmortization": "5000000", "incomeBeforeTax": "29200000", "incomeTaxExpense": "1500000", "interestAndDebtExpense": "None", "netIncomeFromContinuingOperations": "6700000", "comprehensiveIncomeNetOfTax": "None", "ebit": "37000000", "ebitda": "42000000", "netIncome": "27700000"}, {"fiscalDateEnding": "2011-09-30", "reportedCurrency": "USD", "grossProfit": "184200000", "totalRevenue": "1098300000", "costOfRevenue": "914100000", "costofGoodsAndServicesSold": "914100000", "operatingIncome": "48000000", "sellingGeneralAndAdministrative": "144100000", "researchAndDevelopment": "0", "operatingExpenses": "143100000", "investmentIncomeNet": "None", "netInterestIncome": "None", "interestIncome": "None", "interestExpense": "10100000", "nonInterestIncome": "None", "otherNonOperatingIncome": "1000000", "depreciation": "None", "depreciationAndAmortization": "5000000", "incomeBeforeTax": "33800000", "incomeTaxExpense": "-1900000", "interestAndDebtExpense": "None", "netIncomeFromContinuingOperations": "-10000000", "comprehensiveIncomeNetOfTax": "None", "ebit": "44100000", "ebitda": "49100000", "netIncome": "35700000"}, {"fiscalDateEnding": "2011-06-30", "reportedCurrency": "USD", "grossProfit": "175100000", "totalRevenue": "999200000", "costOfRevenue": "824100000", "costofGoodsAndServicesSold": "824100000", "operatingIncome": "35600000", "sellingGeneralAndAdministrative": "133000000", "researchAndDevelopment": "0", "operatingExpenses": "133000000", "investmentIncomeNet": "None", "netInterestIncome": "None", "interestIncome": "None", "interestExpense": "10400000", "nonInterestIncome": "None", "otherNonOperatingIncome": "-5300000", "depreciation": "None", "depreciationAndAmortization": "5000000", "incomeBeforeTax": "28900000", "incomeTaxExpense": "200000", "interestAndDebtExpense": "None", "netIncomeFromContinuingOperations": "5200000", "comprehensiveIncomeNetOfTax": "None", "ebit": "39300000", "ebitda": "44300000", "netIncome": "28700000"}, {"fiscalDateEnding": "2011-03-31", "reportedCurrency": "USD", "grossProfit": "122800000", "totalRevenue": "751100000", "costOfRevenue": "628300000", "costofGoodsAndServicesSold": "628300000", "operatingIncome": "-18600000", "sellingGeneralAndAdministrative": "141400000", "researchAndDevelopment": "0", "operatingExpenses": "141400000", "investmentIncomeNet": "None", "netInterestIncome": "None", "interestIncome": "None", "interestExpense": "14800000", "nonInterestIncome": "None", "otherNonOperatingIncome": "700000", "depreciation": "None", "depreciationAndAmortization": "5000000", "incomeBeforeTax": "-30800000", "incomeTaxExpense": "-58600000", "interestAndDebtExpense": "None", "netIncomeFromContinuingOperations": "9800000", "comprehensiveIncomeNetOfTax": "None", "ebit": "-16000000", "ebitda": "-11000000", "netIncome": "27800000"}, {"fiscalDateEnding": "2010-12-31", "reportedCurrency": "USD", "grossProfit": "110200000", "totalRevenue": "767000000", "costOfRevenue": "656800000", "costofGoodsAndServicesSold": "656800000", "operatingIncome": "-6500000", "sellingGeneralAndAdministrative": "137900000", "researchAndDevelopment": "0", "operatingExpenses": "137100000", "investmentIncomeNet": "None", "netInterestIncome": "None", "interestIncome": "None", "interestExpense": "16500000", "nonInterestIncome": "None", "otherNonOperatingIncome": "800000", "depreciation": "None", "depreciationAndAmortization": "4900000", "incomeBeforeTax": "-19900000", "incomeTaxExpense": "500000", "interestAndDebtExpense": "None", "netIncomeFromContinuingOperations": "-20400000", "comprehensiveIncomeNetOfTax": "None", "ebit": "-3400000", "ebitda": "1500000", "netIncome": "-20400000"}, {"fiscalDateEnding": "2010-09-30", "reportedCurrency": "USD", "grossProfit": "150500000", "totalRevenue": "948500000", "costOfRevenue": "798000000", "costofGoodsAndServicesSold": "798000000", "operatingIncome": "8800000", "sellingGeneralAndAdministrative": "141700000", "researchAndDevelopment": "0", "operatingExpenses": "141700000", "investmentIncomeNet": "None", "netInterestIncome": "None", "interestIncome": "None", "interestExpense": "17500000", "nonInterestIncome": "None", "otherNonOperatingIncome": "None", "depreciation": "None", "depreciationAndAmortization": "4500000", "incomeBeforeTax": "-1700000", "incomeTaxExpense": "7100000", "interestAndDebtExpense": "None", "netIncomeFromContinuingOperations": "0", "comprehensiveIncomeNetOfTax": "None", "ebit": "15800000", "ebitda": "20300000", "netIncome": "-8800000"}, {"fiscalDateEnding": "2010-06-30", "reportedCurrency": "USD", "grossProfit": "234600000", "totalRevenue": "1406100000", "costOfRevenue": "1171500000", "costofGoodsAndServicesSold": "1171500000", "operatingIncome": "70200000", "sellingGeneralAndAdministrative": "164400000", "researchAndDevelopment": "0", "operatingExpenses": "164400000", "investmentIncomeNet": "None", "netInterestIncome": "None", "interestIncome": "None", "interestExpense": "20300000", "nonInterestIncome": "None", "otherNonOperatingIncome": "-6600000", "depreciation": "None", "depreciationAndAmortization": "4000000", "incomeBeforeTax": "46300000", "incomeTaxExpense": "-4200000", "interestAndDebtExpense": "None", "netIncomeFromContinuingOperations": "50500000", "comprehensiveIncomeNetOfTax": "None", "ebit": "66900000", "ebitda": "70900000", "netIncome": "50500000"}, {"fiscalDateEnding": "2010-03-31", "reportedCurrency": "USD", "grossProfit": "175900000", "totalRevenue": "913500000", "costOfRevenue": "737600000", "costofGoodsAndServicesSold": "737600000", "operatingIncome": "29800000", "sellingGeneralAndAdministrative": "146100000", "researchAndDevelopment": "0", "operatingExpenses": "146100000", "investmentIncomeNet": "None", "netInterestIncome": "None", "interestIncome": "None", "interestExpense": "22900000", "nonInterestIncome": "None", "otherNonOperatingIncome": "None", "depreciation": "None", "depreciationAndAmortization": "-3100000", "incomeBeforeTax": "12100000", "incomeTaxExpense": "700000", "interestAndDebtExpense": "None", "netIncomeFromContinuingOperations": "0", "comprehensiveIncomeNetOfTax": "None", "ebit": "34800000", "ebitda": "31700000", "netIncome": "11400000"}, {"fiscalDateEnding": "2009-12-31", "reportedCurrency": "USD", "grossProfit": "211600000", "totalRevenue": "1132200000", "costOfRevenue": "920600000", "costofGoodsAndServicesSold": "920600000", "operatingIncome": "64500000", "sellingGeneralAndAdministrative": "147100000", "researchAndDevelopment": "0", "operatingExpenses": "147100000", "investmentIncomeNet": "None", "netInterestIncome": "None", "interestIncome": "None", "interestExpense": "27400000", "nonInterestIncome": "None", "otherNonOperatingIncome": "None", "depreciation": "None", "depreciationAndAmortization": "11800000", "incomeBeforeTax": "42800000", "incomeTaxExpense": "-149200000", "interestAndDebtExpense": "None", "netIncomeFromContinuingOperations": "0", "comprehensiveIncomeNetOfTax": "None", "ebit": "63300000", "ebitda": "75100000", "netIncome": "192000000"}, {"fiscalDateEnding": "2009-09-30", "reportedCurrency": "USD", "grossProfit": "-50600000", "totalRevenue": "1028800000", "costOfRevenue": "1079400000", "costofGoodsAndServicesSold": "1079400000", "operatingIncome": "-205000000", "sellingGeneralAndAdministrative": "154400000", "researchAndDevelopment": "0", "operatingExpenses": "154400000", "investmentIncomeNet": "None", "netInterestIncome": "None", "interestIncome": "None", "interestExpense": "27100000", "nonInterestIncome": "None", "otherNonOperatingIncome": "None", "depreciation": "None", "depreciationAndAmortization": "5000000", "incomeBeforeTax": "-226100000", "incomeTaxExpense": "5800000", "interestAndDebtExpense": "None", "netIncomeFromContinuingOperations": "0", "comprehensiveIncomeNetOfTax": "None", "ebit": "-199000000", "ebitda": "-194000000", "netIncome": "-231900000"}, {"fiscalDateEnding": "2009-06-30", "reportedCurrency": "USD", "grossProfit": "10400000", "totalRevenue": "932900000", "costOfRevenue": "922500000", "costofGoodsAndServicesSold": "922500000", "operatingIncome": "-142000000", "sellingGeneralAndAdministrative": "152400000", "researchAndDevelopment": "0", "operatingExpenses": "152400000", "investmentIncomeNet": "None", "netInterestIncome": "None", "interestIncome": "None", "interestExpense": "20500000", "nonInterestIncome": "None", "otherNonOperatingIncome": "None", "depreciation": "None", "depreciationAndAmortization": "2400000", "incomeBeforeTax": "-161900000", "incomeTaxExpense": "-19600000", "interestAndDebtExpense": "None", "netIncomeFromContinuingOperations": "0", "comprehensiveIncomeNetOfTax": "None", "ebit": "-139700000", "ebitda": "-137300000", "netIncome": "-142300000"}, {"fiscalDateEnding": "2009-03-31", "reportedCurrency": "USD", "grossProfit": "57700000", "totalRevenue": "778000000", "costOfRevenue": "720300000", "costofGoodsAndServicesSold": "720300000", "operatingIncome": "-82000000", "sellingGeneralAndAdministrative": "144100000", "researchAndDevelopment": "0", "operatingExpenses": "139700000", "investmentIncomeNet": "None", "netInterestIncome": "None", "interestIncome": "None", "interestExpense": "23400000", "nonInterestIncome": "None", "otherNonOperatingIncome": "None", "depreciation": "None", "depreciationAndAmortization": "10100000", "incomeBeforeTax": "-103000000", "incomeTaxExpense": "5600000", "interestAndDebtExpense": "None", "netIncomeFromContinuingOperations": "0", "comprehensiveIncomeNetOfTax": "None", "ebit": "-85200000", "ebitda": "-75100000", "netIncome": "-108600000"}, {"fiscalDateEnding": "2008-12-31", "reportedCurrency": "USD", "grossProfit": "101400000", "totalRevenue": "918000000", "costOfRevenue": "816600000", "costofGoodsAndServicesSold": "816600000", "operatingIncome": "-48800000", "sellingGeneralAndAdministrative": "150200000", "researchAndDevelopment": "0", "operatingExpenses": "150200000", "investmentIncomeNet": "None", "netInterestIncome": "None", "interestIncome": "None", "interestExpense": "700000", "nonInterestIncome": "None", "otherNonOperatingIncome": "None", "depreciation": "None", "depreciationAndAmortization": "8200000", "incomeBeforeTax": "-61300000", "incomeTaxExpense": "1300000", "interestAndDebtExpense": "None", "netIncomeFromContinuingOperations": "0", "comprehensiveIncomeNetOfTax": "None", "ebit": "-33000000", "ebitda": "-24800000", "netIncome": "-62600000"}, {"fiscalDateEnding": "2008-09-30", "reportedCurrency": "USD", "grossProfit": "-874300000", "totalRevenue": "1782400000", "costOfRevenue": "2656700000", "costofGoodsAndServicesSold": "2656700000", "operatingIncome": "-1073700000", "sellingGeneralAndAdministrative": "199400000", "researchAndDevelopment": "15698000", "operatingExpenses": "199400000", "investmentIncomeNet": "None", "netInterestIncome": "None", "interestIncome": "None", "interestExpense": "38449000", "nonInterestIncome": "None", "otherNonOperatingIncome": "None", "depreciation": "None", "depreciationAndAmortization": "13000000", "incomeBeforeTax": "-1165200000", "incomeTaxExpense": "-365400000", "interestAndDebtExpense": "None", "netIncomeFromContinuingOperations": "0", "comprehensiveIncomeNetOfTax": "None", "ebit": "-1073700000", "ebitda": "-1060700000", "netIncome": "-799800000"}, {"fiscalDateEnding": "2008-06-30", "reportedCurrency": "USD", "grossProfit": "-152100000", "totalRevenue": "1464200000", "costOfRevenue": "1616300000", "costofGoodsAndServicesSold": "1616300000", "operatingIncome": "-369900000", "sellingGeneralAndAdministrative": "217800000", "researchAndDevelopment": "0", "operatingExpenses": "217800000", "investmentIncomeNet": "None", "netInterestIncome": "None", "interestIncome": "None", "interestExpense": "11700000", "nonInterestIncome": "None", "otherNonOperatingIncome": "None", "depreciation": "None", "depreciationAndAmortization": "14800000", "incomeBeforeTax": "-379100000", "incomeTaxExpense": "20200000", "interestAndDebtExpense": "None", "netIncomeFromContinuingOperations": "0", "comprehensiveIncomeNetOfTax": "None", "ebit": "-372100000", "ebitda": "-357300000", "netIncome": "-399300000"}, {"fiscalDateEnding": "2008-03-31", "reportedCurrency": "USD", "grossProfit": "-645900000", "totalRevenue": "1656900000", "costOfRevenue": "2302800000", "costofGoodsAndServicesSold": "2302800000", "operatingIncome": "-877000000", "sellingGeneralAndAdministrative": "231100000", "researchAndDevelopment": "0", "operatingExpenses": "231100000", "investmentIncomeNet": "None", "netInterestIncome": "None", "interestIncome": "None", "interestExpense": "800000", "nonInterestIncome": "None", "otherNonOperatingIncome": "None", "depreciation": "None", "depreciationAndAmortization": "16100000", "incomeBeforeTax": "-884600000", "incomeTaxExpense": "421000000", "interestAndDebtExpense": "None", "netIncomeFromContinuingOperations": "0", "comprehensiveIncomeNetOfTax": "None", "ebit": "-872600000", "ebitda": "-856500000", "netIncome": "-1305600000"}, {"fiscalDateEnding": "2007-12-31", "reportedCurrency": "USD", "grossProfit": "36600000", "totalRevenue": "1742600000", "costOfRevenue": "1706000000", "costofGoodsAndServicesSold": "1706000000", "operatingIncome": "-207000000", "sellingGeneralAndAdministrative": "243600000", "researchAndDevelopment": "0", "operatingExpenses": "243600000", "investmentIncomeNet": "None", "netInterestIncome": "None", "interestIncome": "None", "interestExpense": "1300000", "nonInterestIncome": "None", "otherNonOperatingIncome": "None", "depreciation": "None", "depreciationAndAmortization": "16500000", "incomeBeforeTax": "-202900000", "incomeTaxExpense": "-74100000", "interestAndDebtExpense": "None", "netIncomeFromContinuingOperations": "0", "comprehensiveIncomeNetOfTax": "None", "ebit": "-207000000", "ebitda": "-190500000", "netIncome": "-128800000"}, {"fiscalDateEnding": "2007-09-30", "reportedCurrency": "USD", "grossProfit": "265900000", "totalRevenue": "3172400000", "costOfRevenue": "2906500000", "costofGoodsAndServicesSold": "2906500000", "operatingIncome": "-51200000", "sellingGeneralAndAdministrative": "317100000", "researchAndDevelopment": "16431000", "operatingExpenses": "317100000", "investmentIncomeNet": "None", "netInterestIncome": "None", "interestIncome": "None", "interestExpense": "38517000", "nonInterestIncome": "None", "otherNonOperatingIncome": "None", "depreciation": "None", "depreciationAndAmortization": "17800000", "incomeBeforeTax": "-100200000", "incomeTaxExpense": "-50000000", "interestAndDebtExpense": "None", "netIncomeFromContinuingOperations": "0", "comprehensiveIncomeNetOfTax": "None", "ebit": "-51200000", "ebitda": "-33400000", "netIncome": "-50200000"}, {"fiscalDateEnding": "2007-06-30", "reportedCurrency": "USD", "grossProfit": "-378300000", "totalRevenue": "2598100000", "costOfRevenue": "2976400000", "costofGoodsAndServicesSold": "2976400000", "operatingIncome": "-681800000", "sellingGeneralAndAdministrative": "303500000", "researchAndDevelopment": "0", "operatingExpenses": "303500000", "investmentIncomeNet": "None", "netInterestIncome": "None", "interestIncome": "None", "interestExpense": "80100000", "nonInterestIncome": "None", "otherNonOperatingIncome": "None", "depreciation": "None", "depreciationAndAmortization": "17800000", "incomeBeforeTax": "-1111400000", "incomeTaxExpense": "-287600000", "interestAndDebtExpense": "None", "netIncomeFromContinuingOperations": "0", "comprehensiveIncomeNetOfTax": "None", "ebit": "-681800000", "ebitda": "-664000000", "netIncome": "-823800000"}, {"fiscalDateEnding": "2007-03-31", "reportedCurrency": "USD", "grossProfit": "413400000", "totalRevenue": "2658100000", "costOfRevenue": "2244700000", "costofGoodsAndServicesSold": "2244700000", "operatingIncome": "79000000", "sellingGeneralAndAdministrative": "334400000", "researchAndDevelopment": "0", "operatingExpenses": "334400000", "investmentIncomeNet": "None", "netInterestIncome": "None", "interestIncome": "None", "interestExpense": "6800000", "nonInterestIncome": "None", "otherNonOperatingIncome": "None", "depreciation": "None", "depreciationAndAmortization": "18100000", "incomeBeforeTax": "83400000", "incomeTaxExpense": "31700000", "interestAndDebtExpense": "None", "netIncomeFromContinuingOperations": "0", "comprehensiveIncomeNetOfTax": "None", "ebit": "79000000", "ebitda": "97100000", "netIncome": "51700000"}, {"fiscalDateEnding": "2006-12-31", "reportedCurrency": "USD", "grossProfit": "500800000", "totalRevenue": "2868000000", "costOfRevenue": "2367200000", "costofGoodsAndServicesSold": "2367200000", "operatingIncome": "160500000", "sellingGeneralAndAdministrative": "340300000", "researchAndDevelopment": "0", "operatingExpenses": "340300000", "investmentIncomeNet": "None", "netInterestIncome": "None", "interestIncome": "None", "interestExpense": "9700000", "nonInterestIncome": "None", "otherNonOperatingIncome": "None", "depreciation": "None", "depreciationAndAmortization": "17300000", "incomeBeforeTax": "176900000", "incomeTaxExpense": "67200000", "interestAndDebtExpense": "None", "netIncomeFromContinuingOperations": "0", "comprehensiveIncomeNetOfTax": "None", "ebit": "170200000", "ebitda": "187500000", "netIncome": "109700000"}, {"fiscalDateEnding": "2006-09-30", "reportedCurrency": "USD", "grossProfit": "911300000", "totalRevenue": "4882800000", "costOfRevenue": "3971500000", "costofGoodsAndServicesSold": "3971500000", "operatingIncome": "447000000", "sellingGeneralAndAdministrative": "464300000", "researchAndDevelopment": "0", "operatingExpenses": "464300000", "investmentIncomeNet": "None", "netInterestIncome": "None", "interestIncome": "None", "interestExpense": "101800000", "nonInterestIncome": "None", "otherNonOperatingIncome": "None", "depreciation": "None", "depreciationAndAmortization": "17400000", "incomeBeforeTax": "445800000", "incomeTaxExpense": "168100000", "interestAndDebtExpense": "None", "netIncomeFromContinuingOperations": "0", "comprehensiveIncomeNetOfTax": "None", "ebit": "447000000", "ebitda": "464400000", "netIncome": "277700000"}, {"fiscalDateEnding": "2006-06-30", "reportedCurrency": "USD", "grossProfit": "872400000", "totalRevenue": "3667800000", "costOfRevenue": "2795400000", "costofGoodsAndServicesSold": "2795400000", "operatingIncome": "465200000", "sellingGeneralAndAdministrative": "407200000", "researchAndDevelopment": "0", "operatingExpenses": "407200000", "investmentIncomeNet": "None", "netInterestIncome": "None", "interestIncome": "None", "interestExpense": "94200000", "nonInterestIncome": "None", "otherNonOperatingIncome": "None", "depreciation": "None", "depreciationAndAmortization": "15600000", "incomeBeforeTax": "472200000", "incomeTaxExpense": "179400000", "interestAndDebtExpense": "None", "netIncomeFromContinuingOperations": "0", "comprehensiveIncomeNetOfTax": "None", "ebit": "465200000", "ebitda": "480800000", "netIncome": "292800000"}, {"fiscalDateEnding": "2006-03-31", "reportedCurrency": "USD", "grossProfit": "982700000", "totalRevenue": "3597600000", "costOfRevenue": "2614900000", "costofGoodsAndServicesSold": "2614900000", "operatingIncome": "568400000", "sellingGeneralAndAdministrative": "414300000", "researchAndDevelopment": "0", "operatingExpenses": "414300000", "investmentIncomeNet": "None", "netInterestIncome": "None", "interestIncome": "None", "interestExpense": "7800000", "nonInterestIncome": "None", "otherNonOperatingIncome": "None", "depreciation": "None", "depreciationAndAmortization": "14900000", "incomeBeforeTax": "569000000", "incomeTaxExpense": "216200000", "interestAndDebtExpense": "None", "netIncomeFromContinuingOperations": "0", "comprehensiveIncomeNetOfTax": "None", "ebit": "568400000", "ebitda": "583300000", "netIncome": "352800000"}, {"fiscalDateEnding": "2005-12-31", "reportedCurrency": "USD", "grossProfit": "866700000", "totalRevenue": "2903100000", "costOfRevenue": "2036400000", "costofGoodsAndServicesSold": "2036400000", "operatingIncome": "493700000", "sellingGeneralAndAdministrative": "373000000", "researchAndDevelopment": "0", "operatingExpenses": "373000000", "investmentIncomeNet": "None", "netInterestIncome": "None", "interestIncome": "None", "interestExpense": "8199999", "nonInterestIncome": "None", "otherNonOperatingIncome": "None", "depreciation": "None", "depreciationAndAmortization": "13800000", "incomeBeforeTax": "500100000", "incomeTaxExpense": "190000000", "interestAndDebtExpense": "None", "netIncomeFromContinuingOperations": "0", "comprehensiveIncomeNetOfTax": "None", "ebit": "493700000", "ebitda": "507500000", "netIncome": "310100000"}, {"fiscalDateEnding": "2005-09-30", "reportedCurrency": "USD", "grossProfit": "1341700000", "totalRevenue": "5096800000", "costOfRevenue": "3755100000", "costofGoodsAndServicesSold": "3755100000", "operatingIncome": "899300000", "sellingGeneralAndAdministrative": "442400000", "researchAndDevelopment": "0", "operatingExpenses": "442400000", "investmentIncomeNet": "None", "netInterestIncome": "None", "interestIncome": "None", "interestExpense": "80200000", "nonInterestIncome": "None", "otherNonOperatingIncome": "None", "depreciation": "None", "depreciationAndAmortization": "14800000", "incomeBeforeTax": "904400000", "incomeTaxExpense": "340600000", "interestAndDebtExpense": "None", "netIncomeFromContinuingOperations": "0", "comprehensiveIncomeNetOfTax": "None", "ebit": "899300000", "ebitda": "914100000", "netIncome": "563800000"}, {"fiscalDateEnding": "2005-06-30", "reportedCurrency": "USD", "grossProfit": "939500000", "totalRevenue": "3370200000", "costOfRevenue": "2430700000", "costofGoodsAndServicesSold": "2430700000", "operatingIncome": "599000000", "sellingGeneralAndAdministrative": "340500000", "researchAndDevelopment": "0", "operatingExpenses": "340500000", "investmentIncomeNet": "None", "netInterestIncome": "None", "interestIncome": "None", "interestExpense": "73000000", "nonInterestIncome": "None", "otherNonOperatingIncome": "None", "depreciation": "None", "depreciationAndAmortization": "13400000", "incomeBeforeTax": "604400000", "incomeTaxExpense": "232700000", "interestAndDebtExpense": "None", "netIncomeFromContinuingOperations": "0", "comprehensiveIncomeNetOfTax": "None", "ebit": "599000000", "ebitda": "612400000", "netIncome": "371700000"}, {"fiscalDateEnding": "2005-03-31", "reportedCurrency": "USD", "grossProfit": "769300000", "totalRevenue": "2876700000", "costOfRevenue": "2107400000", "costofGoodsAndServicesSold": "2107400000", "operatingIncome": "468400000", "sellingGeneralAndAdministrative": "300900000", "researchAndDevelopment": "0", "operatingExpenses": "300900000", "investmentIncomeNet": "None", "netInterestIncome": "None", "interestIncome": "None", "interestExpense": "80000000", "nonInterestIncome": "None", "otherNonOperatingIncome": "None", "depreciation": "None", "depreciationAndAmortization": "13900000", "incomeBeforeTax": "478000000", "incomeTaxExpense": "184000000", "interestAndDebtExpense": "None", "netIncomeFromContinuingOperations": "0", "comprehensiveIncomeNetOfTax": "None", "ebit": "468400000", "ebitda": "482300000", "netIncome": "294000000"}, {"fiscalDateEnding": "2004-12-31", "reportedCurrency": "USD", "grossProfit": "673000000", "totalRevenue": "2520100000", "costOfRevenue": "1847100000", "costofGoodsAndServicesSold": "1847100000", "operatingIncome": "382600000", "sellingGeneralAndAdministrative": "290400000", "researchAndDevelopment": "0", "operatingExpenses": "290400000", "investmentIncomeNet": "None", "netInterestIncome": "None", "interestIncome": "None", "interestExpense": "2400000", "nonInterestIncome": "None", "otherNonOperatingIncome": "None", "depreciation": "None", "depreciationAndAmortization": "15000000", "incomeBeforeTax": "391800000", "incomeTaxExpense": "150800000", "interestAndDebtExpense": "None", "netIncomeFromContinuingOperations": "0", "comprehensiveIncomeNetOfTax": "None", "ebit": "382600000", "ebitda": "397600000", "netIncome": "241000000"}]}