{"symbol": "AXON", "annualReports": [{"fiscalDateEnding": "2024-12-31", "reportedCurrency": "USD", "grossProfit": "1241380000", "totalRevenue": "2082526000", "costOfRevenue": "841146000", "costofGoodsAndServicesSold": "841146000", "operatingIncome": "58540000", "sellingGeneralAndAdministrative": "632293000", "researchAndDevelopment": "441593000", "operatingExpenses": "1182840000", "investmentIncomeNet": "None", "netInterestIncome": "36595000", "interestIncome": "43693000", "interestExpense": "7098000", "nonInterestIncome": "None", "otherNonOperatingIncome": "None", "depreciation": "None", "depreciationAndAmortization": "48425000", "incomeBeforeTax": "381504000", "incomeTaxExpense": "4470000", "interestAndDebtExpense": "None", "netIncomeFromContinuingOperations": "377034000", "comprehensiveIncomeNetOfTax": "None", "ebit": "388602000", "ebitda": "437027000", "netIncome": "377034000"}, {"fiscalDateEnding": "2023-12-31", "reportedCurrency": "USD", "grossProfit": "955382000", "totalRevenue": "1563391000", "costOfRevenue": "608009000", "costofGoodsAndServicesSold": "608009000", "operatingIncome": "154789000", "sellingGeneralAndAdministrative": "405158000", "researchAndDevelopment": "303719000", "operatingExpenses": "800593000", "investmentIncomeNet": "None", "netInterestIncome": "-593000", "interestIncome": "49107000", "interestExpense": "6995000", "nonInterestIncome": "None", "otherNonOperatingIncome": "None", "depreciation": "None", "depreciationAndAmortization": "32638000", "incomeBeforeTax": "155000000", "incomeTaxExpense": "-19227000", "interestAndDebtExpense": "None", "netIncomeFromContinuingOperations": "146131000", "comprehensiveIncomeNetOfTax": "None", "ebit": "161995000", "ebitda": "194633000", "netIncome": "174227000"}, {"fiscalDateEnding": "2022-12-31", "reportedCurrency": "USD", "grossProfit": "728638000", "totalRevenue": "1189935000", "costOfRevenue": "461297000", "costofGoodsAndServicesSold": "461297000", "operatingIncome": "93253000", "sellingGeneralAndAdministrative": "329124000", "researchAndDevelopment": "233810000", "operatingExpenses": "635385000", "investmentIncomeNet": "None", "netInterestIncome": "103265000", "interestIncome": "103265000", "interestExpense": "103265000", "nonInterestIncome": "None", "otherNonOperatingIncome": "None", "depreciation": "None", "depreciationAndAmortization": "31106000", "incomeBeforeTax": "196518000", "incomeTaxExpense": "49379000", "interestAndDebtExpense": "None", "netIncomeFromContinuingOperations": "147139000", "comprehensiveIncomeNetOfTax": "None", "ebit": "196518000", "ebitda": "227624000", "netIncome": "147139000"}, {"fiscalDateEnding": "2021-12-31", "reportedCurrency": "USD", "grossProfit": "540910000", "totalRevenue": "863381000", "costOfRevenue": "322471000", "costofGoodsAndServicesSold": "322471000", "operatingIncome": "-168123000", "sellingGeneralAndAdministrative": "453125000", "researchAndDevelopment": "194026000", "operatingExpenses": "709033000", "investmentIncomeNet": "None", "netInterestIncome": "26748000", "interestIncome": "26748000", "interestExpense": "26748000", "nonInterestIncome": "None", "otherNonOperatingIncome": "None", "depreciation": "None", "depreciationAndAmortization": "24267000", "incomeBeforeTax": "-141375000", "incomeTaxExpense": "-81357000", "interestAndDebtExpense": "None", "netIncomeFromContinuingOperations": "-60018000", "comprehensiveIncomeNetOfTax": "None", "ebit": "-173696000", "ebitda": "-149429000", "netIncome": "-60018000"}, {"fiscalDateEnding": "2020-12-31", "reportedCurrency": "USD", "grossProfit": "416331000", "totalRevenue": "681003000", "costOfRevenue": "264672000", "costofGoodsAndServicesSold": "264672000", "operatingIncome": "-14150000", "sellingGeneralAndAdministrative": "268743000", "researchAndDevelopment": "123195000", "operatingExpenses": "430481000", "investmentIncomeNet": "None", "netInterestIncome": "7859000", "interestIncome": "7859000", "interestExpense": "100000", "nonInterestIncome": "None", "otherNonOperatingIncome": "None", "depreciation": "None", "depreciationAndAmortization": "12475000", "incomeBeforeTax": "-6291000", "incomeTaxExpense": "-4567000", "interestAndDebtExpense": "None", "netIncomeFromContinuingOperations": "-1724000", "comprehensiveIncomeNetOfTax": "None", "ebit": "-12950000", "ebitda": "-475000", "netIncome": "-1724000"}, {"fiscalDateEnding": "2019-12-31", "reportedCurrency": "USD", "grossProfit": "307286000", "totalRevenue": "530860000", "costOfRevenue": "223574000", "costofGoodsAndServicesSold": "223574000", "operatingIncome": "-6394000", "sellingGeneralAndAdministrative": "178259000", "researchAndDevelopment": "100721000", "operatingExpenses": "313680000", "investmentIncomeNet": "None", "netInterestIncome": "8464000", "interestIncome": "8464000", "interestExpense": "8464000", "nonInterestIncome": "None", "otherNonOperatingIncome": "None", "depreciation": "None", "depreciationAndAmortization": "11361000", "incomeBeforeTax": "2070000", "incomeTaxExpense": "1188000", "interestAndDebtExpense": "None", "netIncomeFromContinuingOperations": "882000", "comprehensiveIncomeNetOfTax": "None", "ebit": "-6394000", "ebitda": "4967000", "netIncome": "882000"}, {"fiscalDateEnding": "2018-12-31", "reportedCurrency": "USD", "grossProfit": "258583000", "totalRevenue": "420068000", "costOfRevenue": "161485000", "costofGoodsAndServicesSold": "161485000", "operatingIncome": "24841000", "sellingGeneralAndAdministrative": "131408000", "researchAndDevelopment": "76856000", "operatingExpenses": "233742000", "investmentIncomeNet": "None", "netInterestIncome": "3263000", "interestIncome": "3263000", "interestExpense": "3263000", "nonInterestIncome": "None", "otherNonOperatingIncome": "None", "depreciation": "None", "depreciationAndAmortization": "10615000", "incomeBeforeTax": "28104000", "incomeTaxExpense": "-1101000", "interestAndDebtExpense": "None", "netIncomeFromContinuingOperations": "29205000", "comprehensiveIncomeNetOfTax": "None", "ebit": "24841000", "ebitda": "35456000", "netIncome": "29205000"}, {"fiscalDateEnding": "2017-12-31", "reportedCurrency": "USD", "grossProfit": "207088000", "totalRevenue": "343798000", "costOfRevenue": "136710000", "costofGoodsAndServicesSold": "136710000", "operatingIncome": "13023000", "sellingGeneralAndAdministrative": "121324000", "researchAndDevelopment": "55373000", "operatingExpenses": "194065000", "investmentIncomeNet": "None", "netInterestIncome": "2738000", "interestIncome": "2738000", "interestExpense": "2738000", "nonInterestIncome": "None", "otherNonOperatingIncome": "None", "depreciation": "None", "depreciationAndAmortization": "8041000", "incomeBeforeTax": "15761000", "incomeTaxExpense": "10554000", "interestAndDebtExpense": "None", "netIncomeFromContinuingOperations": "5207000", "comprehensiveIncomeNetOfTax": "None", "ebit": "13023000", "ebitda": "21064000", "netIncome": "5207000"}, {"fiscalDateEnding": "2016-12-31", "reportedCurrency": "USD", "grossProfit": "170536000", "totalRevenue": "268245000", "costOfRevenue": "97709000", "costofGoodsAndServicesSold": "97709000", "operatingIncome": "31851000", "sellingGeneralAndAdministrative": "92944000", "researchAndDevelopment": "30609000", "operatingExpenses": "138685000", "investmentIncomeNet": "None", "netInterestIncome": "-354000", "interestIncome": "354000", "interestExpense": "354000", "nonInterestIncome": "None", "otherNonOperatingIncome": "None", "depreciation": "None", "depreciationAndAmortization": "3658000", "incomeBeforeTax": "31497000", "incomeTaxExpense": "14200000", "interestAndDebtExpense": "None", "netIncomeFromContinuingOperations": "17297000", "comprehensiveIncomeNetOfTax": "None", "ebit": "31851000", "ebitda": "35509000", "netIncome": "17297000"}, {"fiscalDateEnding": "2015-12-31", "reportedCurrency": "USD", "grossProfit": "128647000", "totalRevenue": "197892000", "costOfRevenue": "69245000", "costofGoodsAndServicesSold": "69245000", "operatingIncome": "35335000", "sellingGeneralAndAdministrative": "57061000", "researchAndDevelopment": "23614000", "operatingExpenses": "93312000", "investmentIncomeNet": "None", "netInterestIncome": "None", "interestIncome": "26000", "interestExpense": "26000", "nonInterestIncome": "None", "otherNonOperatingIncome": "None", "depreciation": "None", "depreciationAndAmortization": "3291000", "incomeBeforeTax": "35361000", "incomeTaxExpense": "15428000", "interestAndDebtExpense": "None", "netIncomeFromContinuingOperations": "19933000", "comprehensiveIncomeNetOfTax": "None", "ebit": "35335000", "ebitda": "38626000", "netIncome": "19933000"}, {"fiscalDateEnding": "2014-12-31", "reportedCurrency": "USD", "grossProfit": "101548000", "totalRevenue": "164525000", "costOfRevenue": "62977000", "costofGoodsAndServicesSold": "62977000", "operatingIncome": "32505000", "sellingGeneralAndAdministrative": "44788000", "researchAndDevelopment": "14885000", "operatingExpenses": "69043000", "investmentIncomeNet": "None", "netInterestIncome": "None", "interestIncome": "None", "interestExpense": "194000", "nonInterestIncome": "None", "otherNonOperatingIncome": "None", "depreciation": "None", "depreciationAndAmortization": "4317000", "incomeBeforeTax": "32311000", "incomeTaxExpense": "12393000", "interestAndDebtExpense": "None", "netIncomeFromContinuingOperations": "19918000", "comprehensiveIncomeNetOfTax": "None", "ebit": "32505000", "ebitda": "36822000", "netIncome": "19918000"}, {"fiscalDateEnding": "2013-12-31", "reportedCurrency": "USD", "grossProfit": "85843000", "totalRevenue": "137831000", "costOfRevenue": "51988000", "costofGoodsAndServicesSold": "51988000", "operatingIncome": "30499000", "sellingGeneralAndAdministrative": "39329000", "researchAndDevelopment": "9888000", "operatingExpenses": "56444000", "investmentIncomeNet": "None", "netInterestIncome": "None", "interestIncome": "None", "interestExpense": "86000", "nonInterestIncome": "None", "otherNonOperatingIncome": "None", "depreciation": "None", "depreciationAndAmortization": "5131000", "incomeBeforeTax": "30583000", "incomeTaxExpense": "10792000", "interestAndDebtExpense": "None", "netIncomeFromContinuingOperations": "18244000", "comprehensiveIncomeNetOfTax": "None", "ebit": "29398000", "ebitda": "34529000", "netIncome": "19791000"}, {"fiscalDateEnding": "2012-12-31", "reportedCurrency": "USD", "grossProfit": "67714575", "totalRevenue": "114752748", "costOfRevenue": "47038173", "costofGoodsAndServicesSold": "47038173", "operatingIncome": "22528520", "sellingGeneralAndAdministrative": "38886190", "researchAndDevelopment": "8139359", "operatingExpenses": "47225549", "investmentIncomeNet": "None", "netInterestIncome": "None", "interestIncome": "None", "interestExpense": "82842", "nonInterestIncome": "None", "otherNonOperatingIncome": "82842", "depreciation": "None", "depreciationAndAmortization": "6519250", "incomeBeforeTax": "22611362", "incomeTaxExpense": "7873620", "interestAndDebtExpense": "None", "netIncomeFromContinuingOperations": "14737742", "comprehensiveIncomeNetOfTax": "None", "ebit": "22611362", "ebitda": "29130612", "netIncome": "14737742"}, {"fiscalDateEnding": "2011-12-31", "reportedCurrency": "USD", "grossProfit": "44529237", "totalRevenue": "90027906", "costOfRevenue": "45498669", "costofGoodsAndServicesSold": "45498669", "operatingIncome": "-11384753", "sellingGeneralAndAdministrative": "41301698", "researchAndDevelopment": "9989219", "operatingExpenses": "47989674", "investmentIncomeNet": "None", "netInterestIncome": "None", "interestIncome": "None", "interestExpense": "1287192", "nonInterestIncome": "None", "otherNonOperatingIncome": "1287192", "depreciation": "None", "depreciationAndAmortization": "8094966", "incomeBeforeTax": "-10097561", "incomeTaxExpense": "-2770340", "interestAndDebtExpense": "None", "netIncomeFromContinuingOperations": "-7039866", "comprehensiveIncomeNetOfTax": "None", "ebit": "-9627163", "ebitda": "-1532197", "netIncome": "-7327221"}, {"fiscalDateEnding": "2010-12-31", "reportedCurrency": "USD", "grossProfit": "45366875", "totalRevenue": "86930019", "costOfRevenue": "41563144", "costofGoodsAndServicesSold": "41563144", "operatingIncome": "-5139639", "sellingGeneralAndAdministrative": "46984000", "researchAndDevelopment": "11411889", "operatingExpenses": "50506514", "investmentIncomeNet": "None", "netInterestIncome": "None", "interestIncome": "None", "interestExpense": "25819", "nonInterestIncome": "None", "otherNonOperatingIncome": "None", "depreciation": "None", "depreciationAndAmortization": "7286915", "incomeBeforeTax": "-5113820", "incomeTaxExpense": "-729385", "interestAndDebtExpense": "None", "netIncomeFromContinuingOperations": "None", "comprehensiveIncomeNetOfTax": "None", "ebit": "-5139639", "ebitda": "2147276", "netIncome": "-4384435"}, {"fiscalDateEnding": "2009-12-31", "reportedCurrency": "USD", "grossProfit": "63402409", "totalRevenue": "104251560", "costOfRevenue": "40849151", "costofGoodsAndServicesSold": "40849151", "operatingIncome": "-79174", "sellingGeneralAndAdministrative": "61236000", "researchAndDevelopment": "20002351", "operatingExpenses": "63481583", "investmentIncomeNet": "None", "netInterestIncome": "None", "interestIncome": "None", "interestExpense": "170547", "nonInterestIncome": "None", "otherNonOperatingIncome": "None", "depreciation": "None", "depreciationAndAmortization": "3634412", "incomeBeforeTax": "91373", "incomeTaxExpense": "-185000", "interestAndDebtExpense": "None", "netIncomeFromContinuingOperations": "None", "comprehensiveIncomeNetOfTax": "None", "ebit": "-79174", "ebitda": "3555238", "netIncome": "-1106000"}, {"fiscalDateEnding": "2008-12-31", "reportedCurrency": "USD", "grossProfit": "57004227", "totalRevenue": "92845490", "costOfRevenue": "35841263", "costofGoodsAndServicesSold": "35841263", "operatingIncome": "5225337", "sellingGeneralAndAdministrative": "50144000", "researchAndDevelopment": "12918161", "operatingExpenses": "51778890", "investmentIncomeNet": "None", "netInterestIncome": "None", "interestIncome": "None", "interestExpense": "0", "nonInterestIncome": "None", "otherNonOperatingIncome": "None", "depreciation": "None", "depreciationAndAmortization": "2637773", "incomeBeforeTax": "6943304", "incomeTaxExpense": "3306263", "interestAndDebtExpense": "None", "netIncomeFromContinuingOperations": "None", "comprehensiveIncomeNetOfTax": "None", "ebit": "5225337", "ebitda": "7863110", "netIncome": "3637041"}, {"fiscalDateEnding": "2007-12-31", "reportedCurrency": "USD", "grossProfit": "57609768", "totalRevenue": "100727191", "costOfRevenue": "43117423", "costofGoodsAndServicesSold": "43117423", "operatingIncome": "20374002", "sellingGeneralAndAdministrative": "35458000", "researchAndDevelopment": "4421596", "operatingExpenses": "37235766", "investmentIncomeNet": "None", "netInterestIncome": "None", "interestIncome": "None", "interestExpense": "0", "nonInterestIncome": "None", "otherNonOperatingIncome": "None", "depreciation": "None", "depreciationAndAmortization": "2521237", "incomeBeforeTax": "22523240", "incomeTaxExpense": "7499764", "interestAndDebtExpense": "None", "netIncomeFromContinuingOperations": "None", "comprehensiveIncomeNetOfTax": "None", "ebit": "20374002", "ebitda": "22895239", "netIncome": "15026476"}, {"fiscalDateEnding": "2006-12-31", "reportedCurrency": "USD", "grossProfit": "43179061", "totalRevenue": "67717851", "costOfRevenue": "24538790", "costofGoodsAndServicesSold": "24538790", "operatingIncome": "-6856224", "sellingGeneralAndAdministrative": "30264000", "researchAndDevelopment": "2704521", "operatingExpenses": "50035285", "investmentIncomeNet": "None", "netInterestIncome": "None", "interestIncome": "None", "interestExpense": "7281", "nonInterestIncome": "None", "otherNonOperatingIncome": "None", "depreciation": "None", "depreciationAndAmortization": "2096595", "incomeBeforeTax": "-4983579", "incomeTaxExpense": "-895900", "interestAndDebtExpense": "None", "netIncomeFromContinuingOperations": "None", "comprehensiveIncomeNetOfTax": "None", "ebit": "-4976296", "ebitda": "-2879701", "netIncome": "-4087679"}, {"fiscalDateEnding": "2005-12-31", "reportedCurrency": "USD", "grossProfit": "30182944", "totalRevenue": "47694181", "costOfRevenue": "17511237", "costofGoodsAndServicesSold": "17511237", "operatingIncome": "1550654", "sellingGeneralAndAdministrative": "28632000", "researchAndDevelopment": "1574048", "operatingExpenses": "28632290", "investmentIncomeNet": "None", "netInterestIncome": "None", "interestIncome": "None", "interestExpense": "4208", "nonInterestIncome": "None", "otherNonOperatingIncome": "None", "depreciation": "None", "depreciationAndAmortization": "1712738", "incomeBeforeTax": "2715718", "incomeTaxExpense": "1652861", "interestAndDebtExpense": "None", "netIncomeFromContinuingOperations": "None", "comprehensiveIncomeNetOfTax": "None", "ebit": "1540362", "ebitda": "3253100", "netIncome": "1062857"}], "quarterlyReports": [{"fiscalDateEnding": "2024-12-31", "reportedCurrency": "USD", "grossProfit": "345849000", "totalRevenue": "575145000", "costOfRevenue": "229296000", "costofGoodsAndServicesSold": "229296000", "operatingIncome": "-15755000", "sellingGeneralAndAdministrative": "227019000", "researchAndDevelopment": "134585000", "operatingExpenses": "361604000", "investmentIncomeNet": "None", "netInterestIncome": "5461000", "interestIncome": "7286000", "interestExpense": "1825000", "nonInterestIncome": "None", "otherNonOperatingIncome": "None", "depreciation": "None", "depreciationAndAmortization": "17680000", "incomeBeforeTax": "84565000", "incomeTaxExpense": "-50619000", "interestAndDebtExpense": "None", "netIncomeFromContinuingOperations": "135184000", "comprehensiveIncomeNetOfTax": "None", "ebit": "86390000", "ebitda": "104070000", "netIncome": "135184000"}, {"fiscalDateEnding": "2024-09-30", "reportedCurrency": "USD", "grossProfit": "330747000", "totalRevenue": "544274000", "costOfRevenue": "213527000", "costofGoodsAndServicesSold": "213527000", "operatingIncome": "24081000", "sellingGeneralAndAdministrative": "192189000", "researchAndDevelopment": "114477000", "operatingExpenses": "306666000", "investmentIncomeNet": "None", "netInterestIncome": "10978000", "interestIncome": "12624000", "interestExpense": "1646000", "nonInterestIncome": "None", "otherNonOperatingIncome": "None", "depreciation": "None", "depreciationAndAmortization": "6181000", "incomeBeforeTax": "79569000", "incomeTaxExpense": "12544000", "interestAndDebtExpense": "None", "netIncomeFromContinuingOperations": "67025000", "comprehensiveIncomeNetOfTax": "None", "ebit": "81215000", "ebitda": "87396000", "netIncome": "67025000"}, {"fiscalDateEnding": "2024-06-30", "reportedCurrency": "USD", "grossProfit": "303735000", "totalRevenue": "504099000", "costOfRevenue": "200364000", "costofGoodsAndServicesSold": "200364000", "operatingIncome": "33774000", "sellingGeneralAndAdministrative": "169427000", "researchAndDevelopment": "101434000", "operatingExpenses": "269961000", "investmentIncomeNet": "None", "netInterestIncome": "9782000", "interestIncome": "11653000", "interestExpense": "1871000", "nonInterestIncome": "None", "otherNonOperatingIncome": "None", "depreciation": "None", "depreciationAndAmortization": "13000000", "incomeBeforeTax": "50590000", "incomeTaxExpense": "9793000", "interestAndDebtExpense": "None", "netIncomeFromContinuingOperations": "40797000", "comprehensiveIncomeNetOfTax": "None", "ebit": "33774000", "ebitda": "46774000", "netIncome": "40797000"}, {"fiscalDateEnding": "2024-03-31", "reportedCurrency": "USD", "grossProfit": "260046000", "totalRevenue": "460736000", "costOfRevenue": "200690000", "costofGoodsAndServicesSold": "200690000", "operatingIncome": "16280000", "sellingGeneralAndAdministrative": "152669000", "researchAndDevelopment": "91097000", "operatingExpenses": "243766000", "investmentIncomeNet": "None", "netInterestIncome": "10374000", "interestIncome": "12130000", "interestExpense": "1756000", "nonInterestIncome": "None", "otherNonOperatingIncome": "None", "depreciation": "None", "depreciationAndAmortization": "11564000", "incomeBeforeTax": "165720000", "incomeTaxExpense": "32502000", "interestAndDebtExpense": "None", "netIncomeFromContinuingOperations": "133218000", "comprehensiveIncomeNetOfTax": "None", "ebit": "16280000", "ebitda": "27844000", "netIncome": "133218000"}, {"fiscalDateEnding": "2023-12-31", "reportedCurrency": "USD", "grossProfit": "263887000", "totalRevenue": "432142000", "costOfRevenue": "168255000", "costofGoodsAndServicesSold": "168255000", "operatingIncome": "42809000", "sellingGeneralAndAdministrative": "135206000", "researchAndDevelopment": "83972000", "operatingExpenses": "221078000", "investmentIncomeNet": "None", "netInterestIncome": "54894000", "interestIncome": "None", "interestExpense": "1795000", "nonInterestIncome": "None", "otherNonOperatingIncome": "None", "depreciation": "None", "depreciationAndAmortization": "10051000", "incomeBeforeTax": "55802000", "incomeTaxExpense": "-1469000", "interestAndDebtExpense": "None", "netIncomeFromContinuingOperations": "57271000", "comprehensiveIncomeNetOfTax": "None", "ebit": "46813000", "ebitda": "56864000", "netIncome": "57271000"}, {"fiscalDateEnding": "2023-09-30", "reportedCurrency": "USD", "grossProfit": "255272000", "totalRevenue": "413601000", "costOfRevenue": "158329000", "costofGoodsAndServicesSold": "158329000", "operatingIncome": "55113000", "sellingGeneralAndAdministrative": "123279000", "researchAndDevelopment": "76880000", "operatingExpenses": "200159000", "investmentIncomeNet": "None", "netInterestIncome": "14310000", "interestIncome": "12220000", "interestExpense": "1800000", "nonInterestIncome": "None", "otherNonOperatingIncome": "None", "depreciation": "None", "depreciationAndAmortization": "8418000", "incomeBeforeTax": "69423000", "incomeTaxExpense": "10026000", "interestAndDebtExpense": "None", "netIncomeFromContinuingOperations": "59397000", "comprehensiveIncomeNetOfTax": "None", "ebit": "55113000", "ebitda": "63531000", "netIncome": "59397000"}, {"fiscalDateEnding": "2023-06-30", "reportedCurrency": "USD", "grossProfit": "232121000", "totalRevenue": "374605000", "costOfRevenue": "142484000", "costofGoodsAndServicesSold": "142484000", "operatingIncome": "40259000", "sellingGeneralAndAdministrative": "119922000", "researchAndDevelopment": "71940000", "operatingExpenses": "191862000", "investmentIncomeNet": "None", "netInterestIncome": "-52368000", "interestIncome": "11400000", "interestExpense": "52368000", "nonInterestIncome": "None", "otherNonOperatingIncome": "None", "depreciation": "None", "depreciationAndAmortization": "9063000", "incomeBeforeTax": "-12109000", "incomeTaxExpense": "-24529000", "interestAndDebtExpense": "None", "netIncomeFromContinuingOperations": "12420000", "comprehensiveIncomeNetOfTax": "None", "ebit": "-11955000", "ebitda": "-2892000", "netIncome": "12420000"}, {"fiscalDateEnding": "2023-03-31", "reportedCurrency": "USD", "grossProfit": "204102000", "totalRevenue": "343043000", "costOfRevenue": "138941000", "costofGoodsAndServicesSold": "138941000", "operatingIncome": "16608000", "sellingGeneralAndAdministrative": "116567000", "researchAndDevelopment": "70927000", "operatingExpenses": "187494000", "investmentIncomeNet": "None", "netInterestIncome": "25276000", "interestIncome": "25276000", "interestExpense": "1724000", "nonInterestIncome": "None", "otherNonOperatingIncome": "None", "depreciation": "None", "depreciationAndAmortization": "8084000", "incomeBeforeTax": "41884000", "incomeTaxExpense": "-3255000", "interestAndDebtExpense": "None", "netIncomeFromContinuingOperations": "45139000", "comprehensiveIncomeNetOfTax": "None", "ebit": "41884000", "ebitda": "49968000", "netIncome": "45139000"}, {"fiscalDateEnding": "2022-12-31", "reportedCurrency": "USD", "grossProfit": "205679000", "totalRevenue": "336142000", "costOfRevenue": "130463000", "costofGoodsAndServicesSold": "130463000", "operatingIncome": "22541000", "sellingGeneralAndAdministrative": "112118000", "researchAndDevelopment": "68720000", "operatingExpenses": "183138000", "investmentIncomeNet": "None", "netInterestIncome": "12189000", "interestIncome": "None", "interestExpense": "12189000", "nonInterestIncome": "None", "otherNonOperatingIncome": "None", "depreciation": "None", "depreciationAndAmortization": "7938000", "incomeBeforeTax": "34730000", "incomeTaxExpense": "5555000", "interestAndDebtExpense": "None", "netIncomeFromContinuingOperations": "29175000", "comprehensiveIncomeNetOfTax": "None", "ebit": "20813000", "ebitda": "28751000", "netIncome": "29175000"}, {"fiscalDateEnding": "2022-09-30", "reportedCurrency": "USD", "grossProfit": "193257000", "totalRevenue": "311754000", "costOfRevenue": "118497000", "costofGoodsAndServicesSold": "118497000", "operatingIncome": "32107000", "sellingGeneralAndAdministrative": "102023000", "researchAndDevelopment": "59127000", "operatingExpenses": "161150000", "investmentIncomeNet": "None", "netInterestIncome": "-11249000", "interestIncome": "None", "interestExpense": "11249000", "nonInterestIncome": "None", "otherNonOperatingIncome": "None", "depreciation": "None", "depreciationAndAmortization": "7924000", "incomeBeforeTax": "20858000", "incomeTaxExpense": "8727000", "interestAndDebtExpense": "None", "netIncomeFromContinuingOperations": "12131000", "comprehensiveIncomeNetOfTax": "None", "ebit": "24183000", "ebitda": "32107000", "netIncome": "12131000"}, {"fiscalDateEnding": "2022-06-30", "reportedCurrency": "USD", "grossProfit": "173963000", "totalRevenue": "285613000", "costOfRevenue": "111650000", "costofGoodsAndServicesSold": "111650000", "operatingIncome": "21411000", "sellingGeneralAndAdministrative": "95005000", "researchAndDevelopment": "57547000", "operatingExpenses": "152552000", "investmentIncomeNet": "None", "netInterestIncome": "47026000", "interestIncome": "47026000", "interestExpense": "47026000", "nonInterestIncome": "None", "otherNonOperatingIncome": "None", "depreciation": "None", "depreciationAndAmortization": "7933000", "incomeBeforeTax": "68437000", "incomeTaxExpense": "17475000", "interestAndDebtExpense": "None", "netIncomeFromContinuingOperations": "50962000", "comprehensiveIncomeNetOfTax": "None", "ebit": "19688000", "ebitda": "27621000", "netIncome": "50962000"}, {"fiscalDateEnding": "2022-03-31", "reportedCurrency": "USD", "grossProfit": "155739000", "totalRevenue": "256426000", "costOfRevenue": "100687000", "costofGoodsAndServicesSold": "100687000", "operatingIncome": "17194000", "sellingGeneralAndAdministrative": "90129000", "researchAndDevelopment": "48416000", "operatingExpenses": "138545000", "investmentIncomeNet": "None", "netInterestIncome": "55299000", "interestIncome": "None", "interestExpense": "55299000", "nonInterestIncome": "None", "otherNonOperatingIncome": "None", "depreciation": "None", "depreciationAndAmortization": "7311000", "incomeBeforeTax": "72493000", "incomeTaxExpense": "17622000", "interestAndDebtExpense": "None", "netIncomeFromContinuingOperations": "54871000", "comprehensiveIncomeNetOfTax": "None", "ebit": "15638000", "ebitda": "22949000", "netIncome": "54871000"}, {"fiscalDateEnding": "2021-12-31", "reportedCurrency": "USD", "grossProfit": "135061000", "totalRevenue": "217578000", "costOfRevenue": "82517000", "costofGoodsAndServicesSold": "82517000", "operatingIncome": "-27066000", "sellingGeneralAndAdministrative": "108853000", "researchAndDevelopment": "50674000", "operatingExpenses": "162127000", "investmentIncomeNet": "None", "netInterestIncome": "-10148000", "interestIncome": "10148000", "interestExpense": "5530000", "nonInterestIncome": "None", "otherNonOperatingIncome": "None", "depreciation": "None", "depreciationAndAmortization": "6760000", "incomeBeforeTax": "-37214000", "incomeTaxExpense": "-23706000", "interestAndDebtExpense": "None", "netIncomeFromContinuingOperations": "-13508000", "comprehensiveIncomeNetOfTax": "None", "ebit": "-28552000", "ebitda": "-21792000", "netIncome": "-13508000"}, {"fiscalDateEnding": "2021-09-30", "reportedCurrency": "USD", "grossProfit": "144567000", "totalRevenue": "231989000", "costOfRevenue": "87422000", "costofGoodsAndServicesSold": "87422000", "operatingIncome": "2890000", "sellingGeneralAndAdministrative": "99295000", "researchAndDevelopment": "42382000", "operatingExpenses": "141677000", "investmentIncomeNet": "None", "netInterestIncome": "-5530000", "interestIncome": "None", "interestExpense": "5530000", "nonInterestIncome": "None", "otherNonOperatingIncome": "None", "depreciation": "None", "depreciationAndAmortization": "4838000", "incomeBeforeTax": "-2640000", "incomeTaxExpense": "-51164000", "interestAndDebtExpense": "None", "netIncomeFromContinuingOperations": "48524000", "comprehensiveIncomeNetOfTax": "None", "ebit": "2890000", "ebitda": "7728000", "netIncome": "48524000"}, {"fiscalDateEnding": "2021-06-30", "reportedCurrency": "USD", "grossProfit": "137929000", "totalRevenue": "218795000", "costOfRevenue": "80866000", "costofGoodsAndServicesSold": "80866000", "operatingIncome": "-93685000", "sellingGeneralAndAdministrative": "177662000", "researchAndDevelopment": "53952000", "operatingExpenses": "231614000", "investmentIncomeNet": "None", "netInterestIncome": "41841000", "interestIncome": "41841000", "interestExpense": "41841000", "nonInterestIncome": "None", "otherNonOperatingIncome": "None", "depreciation": "None", "depreciationAndAmortization": "4291000", "incomeBeforeTax": "-51844000", "incomeTaxExpense": "-4727000", "interestAndDebtExpense": "None", "netIncomeFromContinuingOperations": "-47117000", "comprehensiveIncomeNetOfTax": "None", "ebit": "-93685000", "ebitda": "-89394000", "netIncome": "-47117000"}, {"fiscalDateEnding": "2021-03-31", "reportedCurrency": "USD", "grossProfit": "123353000", "totalRevenue": "195019000", "costOfRevenue": "71666000", "costofGoodsAndServicesSold": "71666000", "operatingIncome": "-50262000", "sellingGeneralAndAdministrative": "126597000", "researchAndDevelopment": "47018000", "operatingExpenses": "173615000", "investmentIncomeNet": "None", "netInterestIncome": "585000", "interestIncome": "None", "interestExpense": "585000", "nonInterestIncome": "None", "otherNonOperatingIncome": "None", "depreciation": "None", "depreciationAndAmortization": "4291000", "incomeBeforeTax": "-49677000", "incomeTaxExpense": "-1760000", "interestAndDebtExpense": "None", "netIncomeFromContinuingOperations": "-47917000", "comprehensiveIncomeNetOfTax": "None", "ebit": "-50262000", "ebitda": "-45971000", "netIncome": "-47917000"}, {"fiscalDateEnding": "2020-12-31", "reportedCurrency": "USD", "grossProfit": "141306000", "totalRevenue": "226140000", "costOfRevenue": "84834000", "costofGoodsAndServicesSold": "84834000", "operatingIncome": "5775000", "sellingGeneralAndAdministrative": "96223000", "researchAndDevelopment": "38008000", "operatingExpenses": "135531000", "investmentIncomeNet": "None", "netInterestIncome": "3265000", "interestIncome": "3265000", "interestExpense": "3265000", "nonInterestIncome": "None", "otherNonOperatingIncome": "None", "depreciation": "None", "depreciationAndAmortization": "3531000", "incomeBeforeTax": "9040000", "incomeTaxExpense": "-16794000", "interestAndDebtExpense": "None", "netIncomeFromContinuingOperations": "25834000", "comprehensiveIncomeNetOfTax": "None", "ebit": "5775000", "ebitda": "9306000", "netIncome": "25834000"}, {"fiscalDateEnding": "2020-09-30", "reportedCurrency": "USD", "grossProfit": "98240000", "totalRevenue": "166442000", "costOfRevenue": "68202000", "costofGoodsAndServicesSold": "68202000", "operatingIncome": "-5449000", "sellingGeneralAndAdministrative": "74443000", "researchAndDevelopment": "29246000", "operatingExpenses": "103689000", "investmentIncomeNet": "None", "netInterestIncome": "2040000", "interestIncome": "2040000", "interestExpense": "2040000", "nonInterestIncome": "None", "otherNonOperatingIncome": "None", "depreciation": "None", "depreciationAndAmortization": "3133000", "incomeBeforeTax": "-3409000", "incomeTaxExpense": "-2536000", "interestAndDebtExpense": "None", "netIncomeFromContinuingOperations": "-873000", "comprehensiveIncomeNetOfTax": "None", "ebit": "-5449000", "ebitda": "-2316000", "netIncome": "-873000"}, {"fiscalDateEnding": "2020-06-30", "reportedCurrency": "USD", "grossProfit": "88177000", "totalRevenue": "141259000", "costOfRevenue": "53082000", "costofGoodsAndServicesSold": "53082000", "operatingIncome": "-13676000", "sellingGeneralAndAdministrative": "72293000", "researchAndDevelopment": "29560000", "operatingExpenses": "101853000", "investmentIncomeNet": "None", "netInterestIncome": "1613000", "interestIncome": "None", "interestExpense": "1613000", "nonInterestIncome": "None", "otherNonOperatingIncome": "None", "depreciation": "None", "depreciationAndAmortization": "2930000", "incomeBeforeTax": "-12063000", "incomeTaxExpense": "18696000", "interestAndDebtExpense": "None", "netIncomeFromContinuingOperations": "-30759000", "comprehensiveIncomeNetOfTax": "None", "ebit": "-13676000", "ebitda": "-10746000", "netIncome": "-30759000"}, {"fiscalDateEnding": "2020-03-31", "reportedCurrency": "USD", "grossProfit": "88608000", "totalRevenue": "147162000", "costOfRevenue": "58554000", "costofGoodsAndServicesSold": "58554000", "operatingIncome": "-800000", "sellingGeneralAndAdministrative": "63027000", "researchAndDevelopment": "26381000", "operatingExpenses": "89408000", "investmentIncomeNet": "None", "netInterestIncome": "941000", "interestIncome": "941000", "interestExpense": "941000", "nonInterestIncome": "None", "otherNonOperatingIncome": "None", "depreciation": "None", "depreciationAndAmortization": "2881000", "incomeBeforeTax": "141000", "incomeTaxExpense": "-3933000", "interestAndDebtExpense": "None", "netIncomeFromContinuingOperations": "4074000", "comprehensiveIncomeNetOfTax": "None", "ebit": "-800000", "ebitda": "2081000", "netIncome": "4074000"}, {"fiscalDateEnding": "2019-12-31", "reportedCurrency": "USD", "grossProfit": "92640000", "totalRevenue": "171851000", "costOfRevenue": "79211000", "costofGoodsAndServicesSold": "79211000", "operatingIncome": "-14386000", "sellingGeneralAndAdministrative": "77381000", "researchAndDevelopment": "28745000", "operatingExpenses": "107026000", "investmentIncomeNet": "None", "netInterestIncome": "2486000", "interestIncome": "2486000", "interestExpense": "2486000", "nonInterestIncome": "None", "otherNonOperatingIncome": "None", "depreciation": "None", "depreciationAndAmortization": "3165000", "incomeBeforeTax": "-11900000", "incomeTaxExpense": "479000", "interestAndDebtExpense": "None", "netIncomeFromContinuingOperations": "-12379000", "comprehensiveIncomeNetOfTax": "None", "ebit": "-14686000", "ebitda": "-11521000", "netIncome": "-12379000"}, {"fiscalDateEnding": "2019-09-30", "reportedCurrency": "USD", "grossProfit": "80169000", "totalRevenue": "130837000", "costOfRevenue": "50668000", "costofGoodsAndServicesSold": "50668000", "operatingIncome": "6616000", "sellingGeneralAndAdministrative": "48424000", "researchAndDevelopment": "25129000", "operatingExpenses": "73553000", "investmentIncomeNet": "None", "netInterestIncome": "1820000", "interestIncome": "1820000", "interestExpense": "1820000", "nonInterestIncome": "None", "otherNonOperatingIncome": "None", "depreciation": "None", "depreciationAndAmortization": "2709000", "incomeBeforeTax": "8436000", "incomeTaxExpense": "2332000", "interestAndDebtExpense": "None", "netIncomeFromContinuingOperations": "6104000", "comprehensiveIncomeNetOfTax": "None", "ebit": "6616000", "ebitda": "9325000", "netIncome": "6104000"}, {"fiscalDateEnding": "2019-06-30", "reportedCurrency": "USD", "grossProfit": "65560000", "totalRevenue": "112362000", "costOfRevenue": "46802000", "costofGoodsAndServicesSold": "46802000", "operatingIncome": "-1295000", "sellingGeneralAndAdministrative": "43362000", "researchAndDevelopment": "23493000", "operatingExpenses": "66855000", "investmentIncomeNet": "None", "netInterestIncome": "1845000", "interestIncome": "1845000", "interestExpense": "1845000", "nonInterestIncome": "None", "otherNonOperatingIncome": "None", "depreciation": "None", "depreciationAndAmortization": "2687000", "incomeBeforeTax": "550000", "incomeTaxExpense": "-188000", "interestAndDebtExpense": "None", "netIncomeFromContinuingOperations": "738000", "comprehensiveIncomeNetOfTax": "None", "ebit": "-1295000", "ebitda": "1392000", "netIncome": "738000"}, {"fiscalDateEnding": "2019-03-31", "reportedCurrency": "USD", "grossProfit": "68917000", "totalRevenue": "115810000", "costOfRevenue": "46893000", "costofGoodsAndServicesSold": "46893000", "operatingIncome": "2671000", "sellingGeneralAndAdministrative": "42892000", "researchAndDevelopment": "23354000", "operatingExpenses": "66246000", "investmentIncomeNet": "None", "netInterestIncome": "2313000", "interestIncome": "2313000", "interestExpense": "2313000", "nonInterestIncome": "None", "otherNonOperatingIncome": "None", "depreciation": "None", "depreciationAndAmortization": "2800000", "incomeBeforeTax": "4984000", "incomeTaxExpense": "-1435000", "interestAndDebtExpense": "None", "netIncomeFromContinuingOperations": "6419000", "comprehensiveIncomeNetOfTax": "None", "ebit": "2671000", "ebitda": "5471000", "netIncome": "6419000"}, {"fiscalDateEnding": "2018-12-31", "reportedCurrency": "USD", "grossProfit": "65346000", "totalRevenue": "114791000", "costOfRevenue": "49445000", "costofGoodsAndServicesSold": "49445000", "operatingIncome": "1993000", "sellingGeneralAndAdministrative": "40999000", "researchAndDevelopment": "21254000", "operatingExpenses": "63353000", "investmentIncomeNet": "None", "netInterestIncome": "None", "interestIncome": "None", "interestExpense": "3263000", "nonInterestIncome": "None", "otherNonOperatingIncome": "None", "depreciation": "None", "depreciationAndAmortization": "2389000", "incomeBeforeTax": "3014000", "incomeTaxExpense": "931000", "interestAndDebtExpense": "None", "netIncomeFromContinuingOperations": "2083000", "comprehensiveIncomeNetOfTax": "None", "ebit": "1993000", "ebitda": "4382000", "netIncome": "2083000"}, {"fiscalDateEnding": "2018-09-30", "reportedCurrency": "USD", "grossProfit": "65633000", "totalRevenue": "104836000", "costOfRevenue": "39203000", "costofGoodsAndServicesSold": "39203000", "operatingIncome": "3966000", "sellingGeneralAndAdministrative": "39685000", "researchAndDevelopment": "21982000", "operatingExpenses": "61667000", "investmentIncomeNet": "None", "netInterestIncome": "None", "interestIncome": "None", "interestExpense": "1274000", "nonInterestIncome": "None", "otherNonOperatingIncome": "None", "depreciation": "None", "depreciationAndAmortization": "3065000", "incomeBeforeTax": "5240000", "incomeTaxExpense": "-471000", "interestAndDebtExpense": "None", "netIncomeFromContinuingOperations": "5711000", "comprehensiveIncomeNetOfTax": "None", "ebit": "3966000", "ebitda": "7031000", "netIncome": "5711000"}, {"fiscalDateEnding": "2018-06-30", "reportedCurrency": "USD", "grossProfit": "63143000", "totalRevenue": "99226000", "costOfRevenue": "36083000", "costofGoodsAndServicesSold": "36083000", "operatingIncome": "5299000", "sellingGeneralAndAdministrative": "39343000", "researchAndDevelopment": "18501000", "operatingExpenses": "57844000", "investmentIncomeNet": "None", "netInterestIncome": "None", "interestIncome": "None", "interestExpense": "295000", "nonInterestIncome": "None", "otherNonOperatingIncome": "None", "depreciation": "None", "depreciationAndAmortization": "2750000", "incomeBeforeTax": "5004000", "incomeTaxExpense": "-3481000", "interestAndDebtExpense": "None", "netIncomeFromContinuingOperations": "8485000", "comprehensiveIncomeNetOfTax": "None", "ebit": "5299000", "ebitda": "8049000", "netIncome": "8485000"}, {"fiscalDateEnding": "2018-03-31", "reportedCurrency": "USD", "grossProfit": "64461000", "totalRevenue": "101215000", "costOfRevenue": "36754000", "costofGoodsAndServicesSold": "36754000", "operatingIncome": "13583000", "sellingGeneralAndAdministrative": "34327000", "researchAndDevelopment": "15119000", "operatingExpenses": "50878000", "investmentIncomeNet": "None", "netInterestIncome": "None", "interestIncome": "None", "interestExpense": "1263000", "nonInterestIncome": "None", "otherNonOperatingIncome": "None", "depreciation": "None", "depreciationAndAmortization": "2411000", "incomeBeforeTax": "14846000", "incomeTaxExpense": "1920000", "interestAndDebtExpense": "None", "netIncomeFromContinuingOperations": "12926000", "comprehensiveIncomeNetOfTax": "None", "ebit": "13583000", "ebitda": "15994000", "netIncome": "12926000"}, {"fiscalDateEnding": "2017-12-31", "reportedCurrency": "USD", "grossProfit": "63016000", "totalRevenue": "94651000", "costOfRevenue": "31635000", "costofGoodsAndServicesSold": "31635000", "operatingIncome": "7648000", "sellingGeneralAndAdministrative": "34327000", "researchAndDevelopment": "15755000", "operatingExpenses": "55368000", "investmentIncomeNet": "None", "netInterestIncome": "None", "interestIncome": "None", "interestExpense": "2738000", "nonInterestIncome": "None", "otherNonOperatingIncome": "None", "depreciation": "None", "depreciationAndAmortization": "2364000", "incomeBeforeTax": "7066000", "incomeTaxExpense": "9137000", "interestAndDebtExpense": "None", "netIncomeFromContinuingOperations": "-2071000", "comprehensiveIncomeNetOfTax": "None", "ebit": "7648000", "ebitda": "10012000", "netIncome": "-2071000"}, {"fiscalDateEnding": "2017-09-30", "reportedCurrency": "USD", "grossProfit": "49765000", "totalRevenue": "90262000", "costOfRevenue": "40497000", "costofGoodsAndServicesSold": "40497000", "operatingIncome": "-799000", "sellingGeneralAndAdministrative": "32179000", "researchAndDevelopment": "14166000", "operatingExpenses": "50564000", "investmentIncomeNet": "None", "netInterestIncome": "None", "interestIncome": "None", "interestExpense": "1430000", "nonInterestIncome": "None", "otherNonOperatingIncome": "None", "depreciation": "None", "depreciationAndAmortization": "2277000", "incomeBeforeTax": "631000", "incomeTaxExpense": "209000", "interestAndDebtExpense": "None", "netIncomeFromContinuingOperations": "422000", "comprehensiveIncomeNetOfTax": "None", "ebit": "-799000", "ebitda": "1478000", "netIncome": "422000"}, {"fiscalDateEnding": "2017-06-30", "reportedCurrency": "USD", "grossProfit": "45637000", "totalRevenue": "79643000", "costOfRevenue": "34006000", "costofGoodsAndServicesSold": "34006000", "operatingIncome": "824000", "sellingGeneralAndAdministrative": "27374000", "researchAndDevelopment": "12989000", "operatingExpenses": "44813000", "investmentIncomeNet": "None", "netInterestIncome": "None", "interestIncome": "None", "interestExpense": "1684000", "nonInterestIncome": "None", "otherNonOperatingIncome": "None", "depreciation": "None", "depreciationAndAmortization": "1796000", "incomeBeforeTax": "2508000", "incomeTaxExpense": "232000", "interestAndDebtExpense": "None", "netIncomeFromContinuingOperations": "2276000", "comprehensiveIncomeNetOfTax": "None", "ebit": "824000", "ebitda": "2620000", "netIncome": "2276000"}, {"fiscalDateEnding": "2017-03-31", "reportedCurrency": "USD", "grossProfit": "48670000", "totalRevenue": "79242000", "costOfRevenue": "30572000", "costofGoodsAndServicesSold": "30572000", "operatingIncome": "5350000", "sellingGeneralAndAdministrative": "27444000", "researchAndDevelopment": "12463000", "operatingExpenses": "43320000", "investmentIncomeNet": "None", "netInterestIncome": "None", "interestIncome": "None", "interestExpense": "206000", "nonInterestIncome": "None", "otherNonOperatingIncome": "None", "depreciation": "None", "depreciationAndAmortization": "1604000", "incomeBeforeTax": "5556000", "incomeTaxExpense": "976000", "interestAndDebtExpense": "None", "netIncomeFromContinuingOperations": "4580000", "comprehensiveIncomeNetOfTax": "None", "ebit": "5350000", "ebitda": "6954000", "netIncome": "4580000"}, {"fiscalDateEnding": "2016-12-31", "reportedCurrency": "USD", "grossProfit": "49770000", "totalRevenue": "82077000", "costOfRevenue": "32307000", "costofGoodsAndServicesSold": "32307000", "operatingIncome": "9413000", "sellingGeneralAndAdministrative": "26863000", "researchAndDevelopment": "9614000", "operatingExpenses": "40357000", "investmentIncomeNet": "None", "netInterestIncome": "None", "interestIncome": "None", "interestExpense": "354000", "nonInterestIncome": "None", "otherNonOperatingIncome": "None", "depreciation": "None", "depreciationAndAmortization": "914000", "incomeBeforeTax": "9519000", "incomeTaxExpense": "3178000", "interestAndDebtExpense": "None", "netIncomeFromContinuingOperations": "6341000", "comprehensiveIncomeNetOfTax": "None", "ebit": "9413000", "ebitda": "10327000", "netIncome": "6341000"}, {"fiscalDateEnding": "2016-09-30", "reportedCurrency": "USD", "grossProfit": "46565000", "totalRevenue": "71882000", "costOfRevenue": "25317000", "costofGoodsAndServicesSold": "25317000", "operatingIncome": "11086000", "sellingGeneralAndAdministrative": "25196000", "researchAndDevelopment": "7358000", "operatingExpenses": "35479000", "investmentIncomeNet": "None", "netInterestIncome": "None", "interestIncome": "None", "interestExpense": "455000", "nonInterestIncome": "None", "otherNonOperatingIncome": "None", "depreciation": "None", "depreciationAndAmortization": "901000", "incomeBeforeTax": "10631000", "incomeTaxExpense": "6788000", "interestAndDebtExpense": "None", "netIncomeFromContinuingOperations": "3843000", "comprehensiveIncomeNetOfTax": "None", "ebit": "11086000", "ebitda": "11987000", "netIncome": "3843000"}, {"fiscalDateEnding": "2016-06-30", "reportedCurrency": "USD", "grossProfit": "37299000", "totalRevenue": "58756000", "costOfRevenue": "21457000", "costofGoodsAndServicesSold": "21457000", "operatingIncome": "6210000", "sellingGeneralAndAdministrative": "20859000", "researchAndDevelopment": "6710000", "operatingExpenses": "31089000", "investmentIncomeNet": "None", "netInterestIncome": "None", "interestIncome": "None", "interestExpense": "123000", "nonInterestIncome": "None", "otherNonOperatingIncome": "None", "depreciation": "None", "depreciationAndAmortization": "942000", "incomeBeforeTax": "6087000", "incomeTaxExpense": "2437000", "interestAndDebtExpense": "None", "netIncomeFromContinuingOperations": "3650000", "comprehensiveIncomeNetOfTax": "None", "ebit": "6210000", "ebitda": "7152000", "netIncome": "3650000"}, {"fiscalDateEnding": "2016-03-31", "reportedCurrency": "USD", "grossProfit": "36902000", "totalRevenue": "55530000", "costOfRevenue": "18628000", "costofGoodsAndServicesSold": "18628000", "operatingIncome": "5142000", "sellingGeneralAndAdministrative": "19533000", "researchAndDevelopment": "6927000", "operatingExpenses": "31760000", "investmentIncomeNet": "None", "netInterestIncome": "None", "interestIncome": "None", "interestExpense": "118000", "nonInterestIncome": "None", "otherNonOperatingIncome": "None", "depreciation": "None", "depreciationAndAmortization": "901000", "incomeBeforeTax": "5260000", "incomeTaxExpense": "1797000", "interestAndDebtExpense": "None", "netIncomeFromContinuingOperations": "3463000", "comprehensiveIncomeNetOfTax": "None", "ebit": "5142000", "ebitda": "6043000", "netIncome": "3463000"}, {"fiscalDateEnding": "2015-12-31", "reportedCurrency": "USD", "grossProfit": "36988000", "totalRevenue": "56041000", "costOfRevenue": "19053000", "costofGoodsAndServicesSold": "19053000", "operatingIncome": "8510000", "sellingGeneralAndAdministrative": "16879000", "researchAndDevelopment": "6622000", "operatingExpenses": "28478000", "investmentIncomeNet": "None", "netInterestIncome": "None", "interestIncome": "None", "interestExpense": "26000", "nonInterestIncome": "None", "otherNonOperatingIncome": "None", "depreciation": "None", "depreciationAndAmortization": "981000", "incomeBeforeTax": "8524000", "incomeTaxExpense": "3420000", "interestAndDebtExpense": "None", "netIncomeFromContinuingOperations": "5104000", "comprehensiveIncomeNetOfTax": "None", "ebit": "8510000", "ebitda": "9491000", "netIncome": "5104000"}, {"fiscalDateEnding": "2015-09-30", "reportedCurrency": "USD", "grossProfit": "31068000", "totalRevenue": "50376000", "costOfRevenue": "19308000", "costofGoodsAndServicesSold": "19308000", "operatingIncome": "6706000", "sellingGeneralAndAdministrative": "15190000", "researchAndDevelopment": "6528000", "operatingExpenses": "24362000", "investmentIncomeNet": "None", "netInterestIncome": "None", "interestIncome": "None", "interestExpense": "22000", "nonInterestIncome": "None", "otherNonOperatingIncome": "None", "depreciation": "None", "depreciationAndAmortization": "948000", "incomeBeforeTax": "6684000", "incomeTaxExpense": "5163000", "interestAndDebtExpense": "None", "netIncomeFromContinuingOperations": "1521000", "comprehensiveIncomeNetOfTax": "None", "ebit": "6706000", "ebitda": "7654000", "netIncome": "1521000"}, {"fiscalDateEnding": "2015-06-30", "reportedCurrency": "USD", "grossProfit": "30723000", "totalRevenue": "46713000", "costOfRevenue": "15990000", "costofGoodsAndServicesSold": "15990000", "operatingIncome": "9374000", "sellingGeneralAndAdministrative": "12958000", "researchAndDevelopment": "5906000", "operatingExpenses": "21349000", "investmentIncomeNet": "None", "netInterestIncome": "None", "interestIncome": "None", "interestExpense": "99000", "nonInterestIncome": "None", "otherNonOperatingIncome": "None", "depreciation": "None", "depreciationAndAmortization": "745000", "incomeBeforeTax": "9473000", "incomeTaxExpense": "3370000", "interestAndDebtExpense": "None", "netIncomeFromContinuingOperations": "6103000", "comprehensiveIncomeNetOfTax": "None", "ebit": "9374000", "ebitda": "10119000", "netIncome": "6103000"}, {"fiscalDateEnding": "2015-03-31", "reportedCurrency": "USD", "grossProfit": "29868000", "totalRevenue": "44762000", "costOfRevenue": "14894000", "costofGoodsAndServicesSold": "14894000", "operatingIncome": "10745000", "sellingGeneralAndAdministrative": "12035000", "researchAndDevelopment": "4558000", "operatingExpenses": "19123000", "investmentIncomeNet": "None", "netInterestIncome": "None", "interestIncome": "None", "interestExpense": "65000", "nonInterestIncome": "None", "otherNonOperatingIncome": "None", "depreciation": "None", "depreciationAndAmortization": "617000", "incomeBeforeTax": "10680000", "incomeTaxExpense": "3475000", "interestAndDebtExpense": "None", "netIncomeFromContinuingOperations": "7205000", "comprehensiveIncomeNetOfTax": "None", "ebit": "10745000", "ebitda": "11362000", "netIncome": "7205000"}, {"fiscalDateEnding": "2014-12-31", "reportedCurrency": "USD", "grossProfit": "27413000", "totalRevenue": "46816000", "costOfRevenue": "19403000", "costofGoodsAndServicesSold": "19403000", "operatingIncome": "8924000", "sellingGeneralAndAdministrative": "11284000", "researchAndDevelopment": "4065000", "operatingExpenses": "18489000", "investmentIncomeNet": "None", "netInterestIncome": "None", "interestIncome": "None", "interestExpense": "194000", "nonInterestIncome": "None", "otherNonOperatingIncome": "None", "depreciation": "None", "depreciationAndAmortization": "949000", "incomeBeforeTax": "8818000", "incomeTaxExpense": "3732000", "interestAndDebtExpense": "None", "netIncomeFromContinuingOperations": "5085000", "comprehensiveIncomeNetOfTax": "None", "ebit": "8924000", "ebitda": "9873000", "netIncome": "5086000"}, {"fiscalDateEnding": "2014-09-30", "reportedCurrency": "USD", "grossProfit": "28713000", "totalRevenue": "44349000", "costOfRevenue": "15636000", "costofGoodsAndServicesSold": "15636000", "operatingIncome": "12513000", "sellingGeneralAndAdministrative": "10376000", "researchAndDevelopment": "3759000", "operatingExpenses": "16200000", "investmentIncomeNet": "None", "netInterestIncome": "None", "interestIncome": "None", "interestExpense": "160000", "nonInterestIncome": "None", "otherNonOperatingIncome": "None", "depreciation": "None", "depreciationAndAmortization": "1101000", "incomeBeforeTax": "12353000", "incomeTaxExpense": "4795000", "interestAndDebtExpense": "None", "netIncomeFromContinuingOperations": "7558000", "comprehensiveIncomeNetOfTax": "None", "ebit": "12513000", "ebitda": "13614000", "netIncome": "7558000"}, {"fiscalDateEnding": "2014-06-30", "reportedCurrency": "USD", "grossProfit": "23214000", "totalRevenue": "37175000", "costOfRevenue": "13961000", "costofGoodsAndServicesSold": "13961000", "operatingIncome": "6212000", "sellingGeneralAndAdministrative": "11776000", "researchAndDevelopment": "3455000", "operatingExpenses": "17002000", "investmentIncomeNet": "None", "netInterestIncome": "None", "interestIncome": "None", "interestExpense": "42000", "nonInterestIncome": "None", "otherNonOperatingIncome": "None", "depreciation": "None", "depreciationAndAmortization": "1105000", "incomeBeforeTax": "6254000", "incomeTaxExpense": "2370000", "interestAndDebtExpense": "None", "netIncomeFromContinuingOperations": "3884000", "comprehensiveIncomeNetOfTax": "None", "ebit": "6212000", "ebitda": "7317000", "netIncome": "3884000"}, {"fiscalDateEnding": "2014-03-31", "reportedCurrency": "USD", "grossProfit": "22208000", "totalRevenue": "36185000", "costOfRevenue": "13977000", "costofGoodsAndServicesSold": "13977000", "operatingIncome": "4856000", "sellingGeneralAndAdministrative": "11352000", "researchAndDevelopment": "3606000", "operatingExpenses": "17352000", "investmentIncomeNet": "None", "netInterestIncome": "None", "interestIncome": "None", "interestExpense": "30000", "nonInterestIncome": "None", "otherNonOperatingIncome": "None", "depreciation": "None", "depreciationAndAmortization": "1162000", "incomeBeforeTax": "4886000", "incomeTaxExpense": "1495000", "interestAndDebtExpense": "None", "netIncomeFromContinuingOperations": "3391000", "comprehensiveIncomeNetOfTax": "None", "ebit": "4856000", "ebitda": "6018000", "netIncome": "3391000"}, {"fiscalDateEnding": "2013-12-31", "reportedCurrency": "USD", "grossProfit": "25554000", "totalRevenue": "40025000", "costOfRevenue": "14471000", "costofGoodsAndServicesSold": "14471000", "operatingIncome": "11552000", "sellingGeneralAndAdministrative": "11458000", "researchAndDevelopment": "3444000", "operatingExpenses": "15102000", "investmentIncomeNet": "None", "netInterestIncome": "None", "interestIncome": "None", "interestExpense": "55193", "nonInterestIncome": "None", "otherNonOperatingIncome": "None", "depreciation": "None", "depreciationAndAmortization": "1095000", "incomeBeforeTax": "11605000", "incomeTaxExpense": "4683000", "interestAndDebtExpense": "None", "netIncomeFromContinuingOperations": "5375053", "comprehensiveIncomeNetOfTax": "None", "ebit": "9352000", "ebitda": "10447000", "netIncome": "6922000"}, {"fiscalDateEnding": "2013-09-30", "reportedCurrency": "USD", "grossProfit": "22096005", "totalRevenue": "35196822", "costOfRevenue": "13100817", "costofGoodsAndServicesSold": "13100817", "operatingIncome": "6880213", "sellingGeneralAndAdministrative": "12775980", "researchAndDevelopment": "2439812", "operatingExpenses": "15215792", "investmentIncomeNet": "None", "netInterestIncome": "None", "interestIncome": "None", "interestExpense": "34891000", "nonInterestIncome": "None", "otherNonOperatingIncome": "None", "depreciation": "None", "depreciationAndAmortization": "1088071", "incomeBeforeTax": "6915104", "incomeTaxExpense": "1801512", "interestAndDebtExpense": "None", "netIncomeFromContinuingOperations": "5113592", "comprehensiveIncomeNetOfTax": "None", "ebit": "6880213", "ebitda": "7968284", "netIncome": "5113592"}, {"fiscalDateEnding": "2013-06-30", "reportedCurrency": "USD", "grossProfit": "19742363", "totalRevenue": "32175797", "costOfRevenue": "12433434", "costofGoodsAndServicesSold": "12433434", "operatingIncome": "6810214", "sellingGeneralAndAdministrative": "10940085", "researchAndDevelopment": "1992064", "operatingExpenses": "12932149", "investmentIncomeNet": "None", "netInterestIncome": "None", "interestIncome": "None", "interestExpense": "18677000", "nonInterestIncome": "None", "otherNonOperatingIncome": "None", "depreciation": "None", "depreciationAndAmortization": "1529507", "incomeBeforeTax": "6828891", "incomeTaxExpense": "2371357", "interestAndDebtExpense": "None", "netIncomeFromContinuingOperations": "4457534", "comprehensiveIncomeNetOfTax": "None", "ebit": "6808492", "ebitda": "8337999", "netIncome": "4457534"}, {"fiscalDateEnding": "2013-03-31", "reportedCurrency": "USD", "grossProfit": "18451004", "totalRevenue": "30433652", "costOfRevenue": "11982648", "costofGoodsAndServicesSold": "11982648", "operatingIncome": "5256508", "sellingGeneralAndAdministrative": "11210900", "researchAndDevelopment": "2012556", "operatingExpenses": "13223456", "investmentIncomeNet": "None", "netInterestIncome": "None", "interestIncome": "None", "interestExpense": "22761000", "nonInterestIncome": "None", "otherNonOperatingIncome": "None", "depreciation": "None", "depreciationAndAmortization": "1418759", "incomeBeforeTax": "5233747", "incomeTaxExpense": "1935926", "interestAndDebtExpense": "None", "netIncomeFromContinuingOperations": "3297821", "comprehensiveIncomeNetOfTax": "None", "ebit": "5257241", "ebitda": "6676000", "netIncome": "3297821"}, {"fiscalDateEnding": "2012-12-31", "reportedCurrency": "USD", "grossProfit": "19167932", "totalRevenue": "32115957", "costOfRevenue": "12948025", "costofGoodsAndServicesSold": "12948025", "operatingIncome": "4737257", "sellingGeneralAndAdministrative": "12087561", "researchAndDevelopment": "1982608", "operatingExpenses": "14270169", "investmentIncomeNet": "None", "netInterestIncome": "None", "interestIncome": "None", "interestExpense": "57297", "nonInterestIncome": "None", "otherNonOperatingIncome": "57297", "depreciation": "None", "depreciationAndAmortization": "1405261", "incomeBeforeTax": "4794554", "incomeTaxExpense": "979748", "interestAndDebtExpense": "None", "netIncomeFromContinuingOperations": "3814805", "comprehensiveIncomeNetOfTax": "None", "ebit": "4897763", "ebitda": "6303024", "netIncome": "3814806"}, {"fiscalDateEnding": "2012-09-30", "reportedCurrency": "USD", "grossProfit": "16803012", "totalRevenue": "28772956", "costOfRevenue": "11969944", "costofGoodsAndServicesSold": "11969944", "operatingIncome": "5277315", "sellingGeneralAndAdministrative": "9539996", "researchAndDevelopment": "1985701", "operatingExpenses": "11525697", "investmentIncomeNet": "None", "netInterestIncome": "None", "interestIncome": "None", "interestExpense": "11418", "nonInterestIncome": "None", "otherNonOperatingIncome": "11418", "depreciation": "None", "depreciationAndAmortization": "1774780", "incomeBeforeTax": "5288733", "incomeTaxExpense": "1611861", "interestAndDebtExpense": "None", "netIncomeFromContinuingOperations": "3676872", "comprehensiveIncomeNetOfTax": "None", "ebit": "5277315", "ebitda": "7052095", "netIncome": "3676872"}, {"fiscalDateEnding": "2012-06-30", "reportedCurrency": "USD", "grossProfit": "16502373", "totalRevenue": "28222443", "costOfRevenue": "11720070", "costofGoodsAndServicesSold": "11720070", "operatingIncome": "6058932", "sellingGeneralAndAdministrative": "8404611", "researchAndDevelopment": "2038830", "operatingExpenses": "10443441", "investmentIncomeNet": "None", "netInterestIncome": "None", "interestIncome": "None", "interestExpense": "7133", "nonInterestIncome": "None", "otherNonOperatingIncome": "7133", "depreciation": "None", "depreciationAndAmortization": "1672699", "incomeBeforeTax": "6066064", "incomeTaxExpense": "2623818", "interestAndDebtExpense": "None", "netIncomeFromContinuingOperations": "3442247", "comprehensiveIncomeNetOfTax": "None", "ebit": "6058932", "ebitda": "7731631", "netIncome": "3442246"}, {"fiscalDateEnding": "2012-03-31", "reportedCurrency": "USD", "grossProfit": "15241259", "totalRevenue": "25641392", "costOfRevenue": "10400133", "costofGoodsAndServicesSold": "10400133", "operatingIncome": "6455017", "sellingGeneralAndAdministrative": "8854022", "researchAndDevelopment": "2132220", "operatingExpenses": "10986242", "investmentIncomeNet": "None", "netInterestIncome": "None", "interestIncome": "None", "interestExpense": "6994", "nonInterestIncome": "None", "otherNonOperatingIncome": "6994", "depreciation": "None", "depreciationAndAmortization": "1666510", "incomeBeforeTax": "6462011", "incomeTaxExpense": "2658193", "interestAndDebtExpense": "None", "netIncomeFromContinuingOperations": "3803818", "comprehensiveIncomeNetOfTax": "None", "ebit": "4255017", "ebitda": "5921527", "netIncome": "3803818"}, {"fiscalDateEnding": "2011-12-31", "reportedCurrency": "USD", "grossProfit": "6976273", "totalRevenue": "21329791", "costOfRevenue": "14353518", "costofGoodsAndServicesSold": "14353518", "operatingIncome": "-7221667", "sellingGeneralAndAdministrative": "12194000", "researchAndDevelopment": "2080799", "operatingExpenses": "15495140", "investmentIncomeNet": "None", "netInterestIncome": "None", "interestIncome": "None", "interestExpense": "16278", "nonInterestIncome": "None", "otherNonOperatingIncome": "None", "depreciation": "None", "depreciationAndAmortization": "1983931", "incomeBeforeTax": "-7237945", "incomeTaxExpense": "-1336894", "interestAndDebtExpense": "None", "netIncomeFromContinuingOperations": "0", "comprehensiveIncomeNetOfTax": "None", "ebit": "-15334747", "ebitda": "-13350816", "netIncome": "-5901051"}, {"fiscalDateEnding": "2011-09-30", "reportedCurrency": "USD", "grossProfit": "13100255", "totalRevenue": "24383110", "costOfRevenue": "11282855", "costofGoodsAndServicesSold": "11282855", "operatingIncome": "1212092", "sellingGeneralAndAdministrative": "9477548", "researchAndDevelopment": "2362721", "operatingExpenses": "11840269", "investmentIncomeNet": "None", "netInterestIncome": "None", "interestIncome": "None", "interestExpense": "15265", "nonInterestIncome": "None", "otherNonOperatingIncome": "15265", "depreciation": "None", "depreciationAndAmortization": "1995033", "incomeBeforeTax": "1227357", "incomeTaxExpense": "91072", "interestAndDebtExpense": "None", "netIncomeFromContinuingOperations": "1136285", "comprehensiveIncomeNetOfTax": "None", "ebit": "1263338", "ebitda": "3258371", "netIncome": "1136285"}, {"fiscalDateEnding": "2011-06-30", "reportedCurrency": "USD", "grossProfit": "12241693", "totalRevenue": "21198055", "costOfRevenue": "8956362", "costofGoodsAndServicesSold": "8956362", "operatingIncome": "-5016545", "sellingGeneralAndAdministrative": "9065847", "researchAndDevelopment": "2793235", "operatingExpenses": "11859082", "investmentIncomeNet": "None", "netInterestIncome": "None", "interestIncome": "None", "interestExpense": "1261885", "nonInterestIncome": "None", "otherNonOperatingIncome": "1261885", "depreciation": "None", "depreciationAndAmortization": "2049488", "incomeBeforeTax": "-3754660", "incomeTaxExpense": "-1459828", "interestAndDebtExpense": "None", "netIncomeFromContinuingOperations": "-2294832", "comprehensiveIncomeNetOfTax": "None", "ebit": "382611", "ebitda": "2432099", "netIncome": "-2294832"}, {"fiscalDateEnding": "2011-03-31", "reportedCurrency": "USD", "grossProfit": "12208864", "totalRevenue": "23116949", "costOfRevenue": "10908085", "costofGoodsAndServicesSold": "10908085", "operatingIncome": "110185", "sellingGeneralAndAdministrative": "12098000", "researchAndDevelopment": "2752465", "operatingExpenses": "12098679", "investmentIncomeNet": "None", "netInterestIncome": "None", "interestIncome": "None", "interestExpense": "26322", "nonInterestIncome": "None", "otherNonOperatingIncome": "None", "depreciation": "None", "depreciationAndAmortization": "2068092", "incomeBeforeTax": "136507", "incomeTaxExpense": "116775", "interestAndDebtExpense": "None", "netIncomeFromContinuingOperations": "0", "comprehensiveIncomeNetOfTax": "None", "ebit": "110185", "ebitda": "2178277", "netIncome": "19732"}, {"fiscalDateEnding": "2010-12-31", "reportedCurrency": "USD", "grossProfit": "11838259", "totalRevenue": "22881512", "costOfRevenue": "11043253", "costofGoodsAndServicesSold": "11043253", "operatingIncome": "-30523", "sellingGeneralAndAdministrative": "11292000", "researchAndDevelopment": "2530862", "operatingExpenses": "11868782", "investmentIncomeNet": "None", "netInterestIncome": "None", "interestIncome": "None", "interestExpense": "1353", "nonInterestIncome": "None", "otherNonOperatingIncome": "None", "depreciation": "None", "depreciationAndAmortization": "2043690", "incomeBeforeTax": "-29170", "incomeTaxExpense": "167793", "interestAndDebtExpense": "None", "netIncomeFromContinuingOperations": "0", "comprehensiveIncomeNetOfTax": "None", "ebit": "-30523", "ebitda": "2013167", "netIncome": "-196963"}, {"fiscalDateEnding": "2010-09-30", "reportedCurrency": "USD", "grossProfit": "10415682", "totalRevenue": "21084081", "costOfRevenue": "10668399", "costofGoodsAndServicesSold": "10668399", "operatingIncome": "-724733", "sellingGeneralAndAdministrative": "10369000", "researchAndDevelopment": "1686062", "operatingExpenses": "11140415", "investmentIncomeNet": "None", "netInterestIncome": "None", "interestIncome": "None", "interestExpense": "10364", "nonInterestIncome": "None", "otherNonOperatingIncome": "None", "depreciation": "None", "depreciationAndAmortization": "2114897", "incomeBeforeTax": "-714369", "incomeTaxExpense": "1621109", "interestAndDebtExpense": "None", "netIncomeFromContinuingOperations": "0", "comprehensiveIncomeNetOfTax": "None", "ebit": "-686752", "ebitda": "1428145", "netIncome": "-2335478"}, {"fiscalDateEnding": "2010-06-30", "reportedCurrency": "USD", "grossProfit": "9630710", "totalRevenue": "19120525", "costOfRevenue": "9489815", "costofGoodsAndServicesSold": "9489815", "operatingIncome": "-3435734", "sellingGeneralAndAdministrative": "11286000", "researchAndDevelopment": "3055049", "operatingExpenses": "13066444", "investmentIncomeNet": "None", "netInterestIncome": "None", "interestIncome": "None", "interestExpense": "6203", "nonInterestIncome": "None", "otherNonOperatingIncome": "None", "depreciation": "None", "depreciationAndAmortization": "1588170", "incomeBeforeTax": "-3429531", "incomeTaxExpense": "-2070142", "interestAndDebtExpense": "None", "netIncomeFromContinuingOperations": "0", "comprehensiveIncomeNetOfTax": "None", "ebit": "-3413223", "ebitda": "-1825053", "netIncome": "-1359389"}, {"fiscalDateEnding": "2010-03-31", "reportedCurrency": "USD", "grossProfit": "13490421", "totalRevenue": "23843901", "costOfRevenue": "10353480", "costofGoodsAndServicesSold": "10353480", "operatingIncome": "-948649", "sellingGeneralAndAdministrative": "13964000", "researchAndDevelopment": "4139916", "operatingExpenses": "14439070", "investmentIncomeNet": "None", "netInterestIncome": "None", "interestIncome": "None", "interestExpense": "7899", "nonInterestIncome": "None", "otherNonOperatingIncome": "None", "depreciation": "None", "depreciationAndAmortization": "1540158", "incomeBeforeTax": "-940750", "incomeTaxExpense": "-448145", "interestAndDebtExpense": "None", "netIncomeFromContinuingOperations": "0", "comprehensiveIncomeNetOfTax": "None", "ebit": "-948650", "ebitda": "591508", "netIncome": "-492605"}, {"fiscalDateEnding": "2009-12-31", "reportedCurrency": "USD", "grossProfit": "21768618", "totalRevenue": "34502925", "costOfRevenue": "12734307", "costofGoodsAndServicesSold": "12734307", "operatingIncome": "7223487", "sellingGeneralAndAdministrative": "14046000", "researchAndDevelopment": "4755587", "operatingExpenses": "14545131", "investmentIncomeNet": "None", "netInterestIncome": "None", "interestIncome": "None", "interestExpense": "8503", "nonInterestIncome": "None", "otherNonOperatingIncome": "None", "depreciation": "None", "depreciationAndAmortization": "1226143", "incomeBeforeTax": "7231990", "incomeTaxExpense": "2865917", "interestAndDebtExpense": "None", "netIncomeFromContinuingOperations": "0", "comprehensiveIncomeNetOfTax": "None", "ebit": "7223487", "ebitda": "8449630", "netIncome": "4366073"}, {"fiscalDateEnding": "2009-09-30", "reportedCurrency": "USD", "grossProfit": "13265812", "totalRevenue": "23310456", "costOfRevenue": "10044644", "costofGoodsAndServicesSold": "10044644", "operatingIncome": "-4810252", "sellingGeneralAndAdministrative": "17566000", "researchAndDevelopment": "6656538", "operatingExpenses": "18076064", "investmentIncomeNet": "None", "netInterestIncome": "None", "interestIncome": "None", "interestExpense": "19994", "nonInterestIncome": "None", "otherNonOperatingIncome": "None", "depreciation": "None", "depreciationAndAmortization": "924382", "incomeBeforeTax": "-4790257", "incomeTaxExpense": "-1614240", "interestAndDebtExpense": "None", "netIncomeFromContinuingOperations": "0", "comprehensiveIncomeNetOfTax": "None", "ebit": "-4810251", "ebitda": "-3885869", "netIncome": "-3176017"}, {"fiscalDateEnding": "2009-06-30", "reportedCurrency": "USD", "grossProfit": "13738728", "totalRevenue": "21833398", "costOfRevenue": "8094670", "costofGoodsAndServicesSold": "8094670", "operatingIncome": "-1474769", "sellingGeneralAndAdministrative": "14286000", "researchAndDevelopment": "4392259", "operatingExpenses": "15213497", "investmentIncomeNet": "None", "netInterestIncome": "None", "interestIncome": "None", "interestExpense": "47375", "nonInterestIncome": "None", "otherNonOperatingIncome": "None", "depreciation": "None", "depreciationAndAmortization": "769081", "incomeBeforeTax": "-1427394", "incomeTaxExpense": "-703991", "interestAndDebtExpense": "None", "netIncomeFromContinuingOperations": "0", "comprehensiveIncomeNetOfTax": "None", "ebit": "-1474769", "ebitda": "-705688", "netIncome": "-723403"}, {"fiscalDateEnding": "2009-03-31", "reportedCurrency": "USD", "grossProfit": "14629251", "totalRevenue": "24604780", "costOfRevenue": "9975529", "costofGoodsAndServicesSold": "9975529", "operatingIncome": "-1017641", "sellingGeneralAndAdministrative": "15338000", "researchAndDevelopment": "4197969", "operatingExpenses": "15646892", "investmentIncomeNet": "None", "netInterestIncome": "None", "interestIncome": "None", "interestExpense": "94675", "nonInterestIncome": "None", "otherNonOperatingIncome": "None", "depreciation": "None", "depreciationAndAmortization": "714806", "incomeBeforeTax": "-922966", "incomeTaxExpense": "-455207", "interestAndDebtExpense": "None", "netIncomeFromContinuingOperations": "0", "comprehensiveIncomeNetOfTax": "None", "ebit": "-1017641", "ebitda": "-302835", "netIncome": "-467759"}, {"fiscalDateEnding": "2008-12-31", "reportedCurrency": "USD", "grossProfit": "16741093", "totalRevenue": "26398218", "costOfRevenue": "9657125", "costofGoodsAndServicesSold": "9657125", "operatingIncome": "6551138", "sellingGeneralAndAdministrative": "14925000", "researchAndDevelopment": "4454930", "operatingExpenses": "10189955", "investmentIncomeNet": "None", "netInterestIncome": "None", "interestIncome": "None", "interestExpense": "0", "nonInterestIncome": "None", "otherNonOperatingIncome": "None", "depreciation": "None", "depreciationAndAmortization": "692247", "incomeBeforeTax": "6776657", "incomeTaxExpense": "2990844", "interestAndDebtExpense": "None", "netIncomeFromContinuingOperations": "0", "comprehensiveIncomeNetOfTax": "None", "ebit": "6551138", "ebitda": "7243385", "netIncome": "3785813"}, {"fiscalDateEnding": "2008-09-30", "reportedCurrency": "USD", "grossProfit": "13895542", "totalRevenue": "22859459", "costOfRevenue": "8963917", "costofGoodsAndServicesSold": "8963917", "operatingIncome": "1508785", "sellingGeneralAndAdministrative": "11998000", "researchAndDevelopment": "3331697", "operatingExpenses": "12386757", "investmentIncomeNet": "None", "netInterestIncome": "None", "interestIncome": "None", "interestExpense": "0", "nonInterestIncome": "None", "otherNonOperatingIncome": "None", "depreciation": "None", "depreciationAndAmortization": "646776", "incomeBeforeTax": "1778503", "incomeTaxExpense": "1128126", "interestAndDebtExpense": "None", "netIncomeFromContinuingOperations": "0", "comprehensiveIncomeNetOfTax": "None", "ebit": "1508785", "ebitda": "2155561", "netIncome": "650377"}, {"fiscalDateEnding": "2008-06-30", "reportedCurrency": "USD", "grossProfit": "13605023", "totalRevenue": "21101309", "costOfRevenue": "7496286", "costofGoodsAndServicesSold": "7496286", "operatingIncome": "-4325667", "sellingGeneralAndAdministrative": "12342000", "researchAndDevelopment": "3019886", "operatingExpenses": "5686169", "investmentIncomeNet": "None", "netInterestIncome": "None", "interestIncome": "None", "interestExpense": "0", "nonInterestIncome": "None", "otherNonOperatingIncome": "None", "depreciation": "None", "depreciationAndAmortization": "641871", "incomeBeforeTax": "-3604301", "incomeTaxExpense": "-1588565", "interestAndDebtExpense": "None", "netIncomeFromContinuingOperations": "0", "comprehensiveIncomeNetOfTax": "None", "ebit": "7918854", "ebitda": "8560725", "netIncome": "-2015736"}, {"fiscalDateEnding": "2008-03-31", "reportedCurrency": "USD", "grossProfit": "12763318", "totalRevenue": "22486504", "costOfRevenue": "9723186", "costofGoodsAndServicesSold": "9723186", "operatingIncome": "1491081", "sellingGeneralAndAdministrative": "10879000", "researchAndDevelopment": "2111648", "operatingExpenses": "11272237", "investmentIncomeNet": "None", "netInterestIncome": "None", "interestIncome": "None", "interestExpense": "0", "nonInterestIncome": "None", "otherNonOperatingIncome": "None", "depreciation": "None", "depreciationAndAmortization": "656879", "incomeBeforeTax": "1992445", "incomeTaxExpense": "775858", "interestAndDebtExpense": "None", "netIncomeFromContinuingOperations": "0", "comprehensiveIncomeNetOfTax": "None", "ebit": "1491081", "ebitda": "2147960", "netIncome": "1216587"}, {"fiscalDateEnding": "2007-12-31", "reportedCurrency": "USD", "grossProfit": "17182708", "totalRevenue": "31028581", "costOfRevenue": "13845873", "costofGoodsAndServicesSold": "13845873", "operatingIncome": "7230540", "sellingGeneralAndAdministrative": "9489000", "researchAndDevelopment": "1209950", "operatingExpenses": "9952168", "investmentIncomeNet": "None", "netInterestIncome": "None", "interestIncome": "None", "interestExpense": "0", "nonInterestIncome": "None", "otherNonOperatingIncome": "None", "depreciation": "None", "depreciationAndAmortization": "677965", "incomeBeforeTax": "7926705", "incomeTaxExpense": "3251029", "interestAndDebtExpense": "None", "netIncomeFromContinuingOperations": "0", "comprehensiveIncomeNetOfTax": "None", "ebit": "7230540", "ebitda": "7908505", "netIncome": "4678676"}, {"fiscalDateEnding": "2007-09-30", "reportedCurrency": "USD", "grossProfit": "16006772", "totalRevenue": "28533419", "costOfRevenue": "12526647", "costofGoodsAndServicesSold": "12526647", "operatingIncome": "6883644", "sellingGeneralAndAdministrative": "8658000", "researchAndDevelopment": "978011", "operatingExpenses": "9123128", "investmentIncomeNet": "None", "netInterestIncome": "None", "interestIncome": "None", "interestExpense": "0", "nonInterestIncome": "None", "otherNonOperatingIncome": "None", "depreciation": "None", "depreciationAndAmortization": "672170", "incomeBeforeTax": "7403315", "incomeTaxExpense": "1249277", "interestAndDebtExpense": "None", "netIncomeFromContinuingOperations": "0", "comprehensiveIncomeNetOfTax": "None", "ebit": "6883644", "ebitda": "7555814", "netIncome": "6154038"}, {"fiscalDateEnding": "2007-06-30", "reportedCurrency": "USD", "grossProfit": "15531259", "totalRevenue": "25863376", "costOfRevenue": "10332117", "costofGoodsAndServicesSold": "10332117", "operatingIncome": "5923483", "sellingGeneralAndAdministrative": "9164000", "researchAndDevelopment": "1262849", "operatingExpenses": "9607776", "investmentIncomeNet": "None", "netInterestIncome": "None", "interestIncome": "None", "interestExpense": "0", "nonInterestIncome": "None", "otherNonOperatingIncome": "None", "depreciation": "None", "depreciationAndAmortization": "601778", "incomeBeforeTax": "6350516", "incomeTaxExpense": "2651308", "interestAndDebtExpense": "None", "netIncomeFromContinuingOperations": "0", "comprehensiveIncomeNetOfTax": "None", "ebit": "5923483", "ebitda": "6525261", "netIncome": "3699208"}, {"fiscalDateEnding": "2007-03-31", "reportedCurrency": "USD", "grossProfit": "8889029", "totalRevenue": "15301815", "costOfRevenue": "6412786", "costofGoodsAndServicesSold": "6412786", "operatingIncome": "336335", "sellingGeneralAndAdministrative": "8147000", "researchAndDevelopment": "970786", "operatingExpenses": "8552694", "investmentIncomeNet": "None", "netInterestIncome": "None", "interestIncome": "None", "interestExpense": "0", "nonInterestIncome": "None", "otherNonOperatingIncome": "None", "depreciation": "None", "depreciationAndAmortization": "569324", "incomeBeforeTax": "842704", "incomeTaxExpense": "348150", "interestAndDebtExpense": "None", "netIncomeFromContinuingOperations": "0", "comprehensiveIncomeNetOfTax": "None", "ebit": "336335", "ebitda": "905659", "netIncome": "494554"}, {"fiscalDateEnding": "2006-12-31", "reportedCurrency": "USD", "grossProfit": "12201764", "totalRevenue": "19287548", "costOfRevenue": "7085784", "costofGoodsAndServicesSold": "7085784", "operatingIncome": "3799011", "sellingGeneralAndAdministrative": "7447000", "researchAndDevelopment": "704744", "operatingExpenses": "8402753", "investmentIncomeNet": "None", "netInterestIncome": "None", "interestIncome": "None", "interestExpense": "1631", "nonInterestIncome": "None", "otherNonOperatingIncome": "None", "depreciation": "None", "depreciationAndAmortization": "548480", "incomeBeforeTax": "4396135", "incomeTaxExpense": "2079107", "interestAndDebtExpense": "None", "netIncomeFromContinuingOperations": "0", "comprehensiveIncomeNetOfTax": "None", "ebit": "3799011", "ebitda": "4347491", "netIncome": "2317028"}, {"fiscalDateEnding": "2006-09-30", "reportedCurrency": "USD", "grossProfit": "11631980", "totalRevenue": "18311543", "costOfRevenue": "6679563", "costofGoodsAndServicesSold": "6679563", "operatingIncome": "3733596", "sellingGeneralAndAdministrative": "7534000", "researchAndDevelopment": "772976", "operatingExpenses": "7898384", "investmentIncomeNet": "None", "netInterestIncome": "None", "interestIncome": "None", "interestExpense": "1760", "nonInterestIncome": "None", "otherNonOperatingIncome": "None", "depreciation": "None", "depreciationAndAmortization": "505046", "incomeBeforeTax": "4215207", "incomeTaxExpense": "1819309", "interestAndDebtExpense": "None", "netIncomeFromContinuingOperations": "0", "comprehensiveIncomeNetOfTax": "None", "ebit": "3733596", "ebitda": "4238642", "netIncome": "2395898"}, {"fiscalDateEnding": "2006-06-30", "reportedCurrency": "USD", "grossProfit": "10390623", "totalRevenue": "16225197", "costOfRevenue": "5834574", "costofGoodsAndServicesSold": "5834574", "operatingIncome": "-15425403", "sellingGeneralAndAdministrative": "7766000", "researchAndDevelopment": "562991", "operatingExpenses": "25816026", "investmentIncomeNet": "None", "netInterestIncome": "None", "interestIncome": "None", "interestExpense": "1883", "nonInterestIncome": "None", "otherNonOperatingIncome": "None", "depreciation": "None", "depreciationAndAmortization": "526329", "incomeBeforeTax": "-14996809", "incomeTaxExpense": "-5390225", "interestAndDebtExpense": "None", "netIncomeFromContinuingOperations": "0", "comprehensiveIncomeNetOfTax": "None", "ebit": "-15425403", "ebitda": "-14899074", "netIncome": "-9606584"}, {"fiscalDateEnding": "2006-03-31", "reportedCurrency": "USD", "grossProfit": "10364162", "totalRevenue": "13893563", "costOfRevenue": "3529401", "costofGoodsAndServicesSold": "3529401", "operatingIncome": "1036572", "sellingGeneralAndAdministrative": "7517000", "researchAndDevelopment": "663810", "operatingExpenses": "7918122", "investmentIncomeNet": "None", "netInterestIncome": "None", "interestIncome": "None", "interestExpense": "2007", "nonInterestIncome": "None", "otherNonOperatingIncome": "None", "depreciation": "None", "depreciationAndAmortization": "516740", "incomeBeforeTax": "1401888", "incomeTaxExpense": "595909", "interestAndDebtExpense": "None", "netIncomeFromContinuingOperations": "0", "comprehensiveIncomeNetOfTax": "None", "ebit": "2446040", "ebitda": "2962780", "netIncome": "805979"}, {"fiscalDateEnding": "2005-12-31", "reportedCurrency": "USD", "grossProfit": "8196791", "totalRevenue": "12607750", "costOfRevenue": "4410959", "costofGoodsAndServicesSold": "4410959", "operatingIncome": "408206", "sellingGeneralAndAdministrative": "7712000", "researchAndDevelopment": "470455", "operatingExpenses": "7788585", "investmentIncomeNet": "None", "netInterestIncome": "None", "interestIncome": "None", "interestExpense": "4105", "nonInterestIncome": "None", "otherNonOperatingIncome": "None", "depreciation": "None", "depreciationAndAmortization": "527364", "incomeBeforeTax": "792057", "incomeTaxExpense": "670861", "interestAndDebtExpense": "None", "netIncomeFromContinuingOperations": "0", "comprehensiveIncomeNetOfTax": "None", "ebit": "408206", "ebitda": "935570", "netIncome": "108774"}, {"fiscalDateEnding": "2005-09-30", "reportedCurrency": "USD", "grossProfit": "7848370", "totalRevenue": "11675611", "costOfRevenue": "3827241", "costofGoodsAndServicesSold": "3827241", "operatingIncome": "578663", "sellingGeneralAndAdministrative": "7085000", "researchAndDevelopment": "360689", "operatingExpenses": "7269707", "investmentIncomeNet": "None", "netInterestIncome": "None", "interestIncome": "None", "interestExpense": "0", "nonInterestIncome": "None", "otherNonOperatingIncome": "None", "depreciation": "None", "depreciationAndAmortization": "479319", "incomeBeforeTax": "885424", "incomeTaxExpense": "555000", "interestAndDebtExpense": "None", "netIncomeFromContinuingOperations": "0", "comprehensiveIncomeNetOfTax": "None", "ebit": "578663", "ebitda": "1057982", "netIncome": "330424"}, {"fiscalDateEnding": "2005-06-30", "reportedCurrency": "USD", "grossProfit": "8390560", "totalRevenue": "13206659", "costOfRevenue": "4816099", "costofGoodsAndServicesSold": "4816099", "operatingIncome": "580586", "sellingGeneralAndAdministrative": "7506000", "researchAndDevelopment": "351441", "operatingExpenses": "7809974", "investmentIncomeNet": "None", "netInterestIncome": "None", "interestIncome": "None", "interestExpense": "15", "nonInterestIncome": "None", "otherNonOperatingIncome": "None", "depreciation": "None", "depreciationAndAmortization": "439278", "incomeBeforeTax": "869048", "incomeTaxExpense": "360000", "interestAndDebtExpense": "None", "netIncomeFromContinuingOperations": "0", "comprehensiveIncomeNetOfTax": "None", "ebit": "685717", "ebitda": "1124995", "netIncome": "509048"}, {"fiscalDateEnding": "2005-03-31", "reportedCurrency": "USD", "grossProfit": "5676136", "totalRevenue": "10204161", "costOfRevenue": "4528025", "costofGoodsAndServicesSold": "4528025", "operatingIncome": "76609", "sellingGeneralAndAdministrative": "5755000", "researchAndDevelopment": "347363", "operatingExpenses": "5599527", "investmentIncomeNet": "None", "netInterestIncome": "None", "interestIncome": "None", "interestExpense": "88", "nonInterestIncome": "None", "otherNonOperatingIncome": "None", "depreciation": "None", "depreciationAndAmortization": "266777", "incomeBeforeTax": "275021", "incomeTaxExpense": "107000", "interestAndDebtExpense": "None", "netIncomeFromContinuingOperations": "0", "comprehensiveIncomeNetOfTax": "None", "ebit": "-189600", "ebitda": "77177", "netIncome": "168021"}, {"fiscalDateEnding": "2004-12-31", "reportedCurrency": "USD", "grossProfit": "12498177", "totalRevenue": "19233770", "costOfRevenue": "6735593", "costofGoodsAndServicesSold": "6735593", "operatingIncome": "7805822", "sellingGeneralAndAdministrative": "5087000", "researchAndDevelopment": "200121", "operatingExpenses": "4692355", "investmentIncomeNet": "None", "netInterestIncome": "None", "interestIncome": "None", "interestExpense": "1486324", "nonInterestIncome": "None", "otherNonOperatingIncome": "None", "depreciation": "None", "depreciationAndAmortization": "216167", "incomeBeforeTax": "8057309", "incomeTaxExpense": "3100000", "interestAndDebtExpense": "None", "netIncomeFromContinuingOperations": "0", "comprehensiveIncomeNetOfTax": "None", "ebit": "7805822", "ebitda": "8021989", "netIncome": "4957309"}]}