{"symbol": "CVS", "annualReports": [{"fiscalDateEnding": "2024-12-31", "reportedCurrency": "USD", "grossProfit": "51401000000", "totalRevenue": "372809000000", "costOfRevenue": "321408000000", "costofGoodsAndServicesSold": "321408000000", "operatingIncome": "8516000000", "sellingGeneralAndAdministrative": "None", "researchAndDevelopment": "None", "operatingExpenses": "41606000000", "investmentIncomeNet": "None", "netInterestIncome": "-2958000000", "interestIncome": "None", "interestExpense": "2958000000", "nonInterestIncome": "None", "otherNonOperatingIncome": "None", "depreciation": "None", "depreciationAndAmortization": "4597000000", "incomeBeforeTax": "6148000000", "incomeTaxExpense": "1562000000", "interestAndDebtExpense": "None", "netIncomeFromContinuingOperations": "4586000000", "comprehensiveIncomeNetOfTax": "None", "ebit": "9106000000", "ebitda": "13703000000", "netIncome": "4614000000"}, {"fiscalDateEnding": "2023-12-31", "reportedCurrency": "USD", "grossProfit": "-203355000000", "totalRevenue": "357776000000", "costOfRevenue": "561131000000", "costofGoodsAndServicesSold": "561131000000", "operatingIncome": "13743000000", "sellingGeneralAndAdministrative": "38360000000", "researchAndDevelopment": "None", "operatingExpenses": "39832000000", "investmentIncomeNet": "None", "netInterestIncome": "-2658000000", "interestIncome": "None", "interestExpense": "2658000000", "nonInterestIncome": "None", "otherNonOperatingIncome": "None", "depreciation": "None", "depreciationAndAmortization": "4366000000", "incomeBeforeTax": "11173000000", "incomeTaxExpense": "2805000000", "interestAndDebtExpense": "None", "netIncomeFromContinuingOperations": "8368000000", "comprehensiveIncomeNetOfTax": "None", "ebit": "13743000000", "ebitda": "13743000000", "netIncome": "8344000000"}, {"fiscalDateEnding": "2022-12-31", "reportedCurrency": "USD", "grossProfit": "54502000000", "totalRevenue": "322467000000", "costOfRevenue": "267965000000", "costofGoodsAndServicesSold": "267965000000", "operatingIncome": "7954000000", "sellingGeneralAndAdministrative": "37177000000", "researchAndDevelopment": "None", "operatingExpenses": "46548000000", "investmentIncomeNet": "None", "netInterestIncome": "-2287000000", "interestIncome": "2287000000", "interestExpense": "2287000000", "nonInterestIncome": "None", "otherNonOperatingIncome": "169000000", "depreciation": "None", "depreciationAndAmortization": "4224000000", "incomeBeforeTax": "5836000000", "incomeTaxExpense": "1509000000", "interestAndDebtExpense": "None", "netIncomeFromContinuingOperations": "4165000000", "comprehensiveIncomeNetOfTax": "None", "ebit": "8123000000", "ebitda": "12347000000", "netIncome": "4311000000"}, {"fiscalDateEnding": "2021-12-31", "reportedCurrency": "USD", "grossProfit": "52120000000", "totalRevenue": "292111000000", "costOfRevenue": "239991000000", "costofGoodsAndServicesSold": "239991000000", "operatingIncome": "13310000000", "sellingGeneralAndAdministrative": "36227000000", "researchAndDevelopment": "None", "operatingExpenses": "38810000000", "investmentIncomeNet": "None", "netInterestIncome": "-2503000000", "interestIncome": "2503000000", "interestExpense": "2503000000", "nonInterestIncome": "None", "otherNonOperatingIncome": "-270000000", "depreciation": "None", "depreciationAndAmortization": "4486000000", "incomeBeforeTax": "10537000000", "incomeTaxExpense": "2548000000", "interestAndDebtExpense": "None", "netIncomeFromContinuingOperations": "7898000000", "comprehensiveIncomeNetOfTax": "None", "ebit": "13040000000", "ebitda": "17526000000", "netIncome": "8001000000"}, {"fiscalDateEnding": "2020-12-31", "reportedCurrency": "USD", "grossProfit": "49046000000", "totalRevenue": "268706000000", "costOfRevenue": "219660000000", "costofGoodsAndServicesSold": "219660000000", "operatingIncome": "13911000000", "sellingGeneralAndAdministrative": "34459000000", "researchAndDevelopment": "None", "operatingExpenses": "35135000000", "investmentIncomeNet": "None", "netInterestIncome": "-2907000000", "interestIncome": "2907000000", "interestExpense": "2907000000", "nonInterestIncome": "None", "otherNonOperatingIncome": "-1234000000", "depreciation": "None", "depreciationAndAmortization": "4441000000", "incomeBeforeTax": "9770000000", "incomeTaxExpense": "2569000000", "interestAndDebtExpense": "None", "netIncomeFromContinuingOperations": "7201000000", "comprehensiveIncomeNetOfTax": "None", "ebit": "12677000000", "ebitda": "17118000000", "netIncome": "7179000000"}, {"fiscalDateEnding": "2019-12-31", "reportedCurrency": "USD", "grossProfit": "45528000000", "totalRevenue": "256776000000", "costOfRevenue": "211248000000", "costofGoodsAndServicesSold": "211248000000", "operatingIncome": "11987000000", "sellingGeneralAndAdministrative": "32229000000", "researchAndDevelopment": "None", "operatingExpenses": "33541000000", "investmentIncomeNet": "None", "netInterestIncome": "-3035000000", "interestIncome": "3035000000", "interestExpense": "3035000000", "nonInterestIncome": "None", "otherNonOperatingIncome": "45000000", "depreciation": "None", "depreciationAndAmortization": "4371000000", "incomeBeforeTax": "8997000000", "incomeTaxExpense": "2366000000", "interestAndDebtExpense": "None", "netIncomeFromContinuingOperations": "6631000000", "comprehensiveIncomeNetOfTax": "None", "ebit": "12032000000", "ebitda": "16403000000", "netIncome": "6634000000"}, {"fiscalDateEnding": "2018-12-31", "reportedCurrency": "USD", "grossProfit": "31538000000", "totalRevenue": "194579000000", "costOfRevenue": "163041000000", "costofGoodsAndServicesSold": "163041000000", "operatingIncome": "4021000000", "sellingGeneralAndAdministrative": "20383000000", "researchAndDevelopment": "0", "operatingExpenses": "27517000000", "investmentIncomeNet": "None", "netInterestIncome": "-2619000000", "interestIncome": "2619000000", "interestExpense": "2619000000", "nonInterestIncome": "None", "otherNonOperatingIncome": "4000000", "depreciation": "None", "depreciationAndAmortization": "2718000000", "incomeBeforeTax": "1406000000", "incomeTaxExpense": "2002000000", "interestAndDebtExpense": "None", "netIncomeFromContinuingOperations": "-596000000", "comprehensiveIncomeNetOfTax": "None", "ebit": "4025000000", "ebitda": "6743000000", "netIncome": "-594000000"}, {"fiscalDateEnding": "2017-12-31", "reportedCurrency": "USD", "grossProfit": "28528000000", "totalRevenue": "184786000000", "costOfRevenue": "156258000000", "costofGoodsAndServicesSold": "156258000000", "operatingIncome": "9538000000", "sellingGeneralAndAdministrative": "18290000000", "researchAndDevelopment": "0", "operatingExpenses": "18990000000", "investmentIncomeNet": "None", "netInterestIncome": "-1041000000", "interestIncome": "21000000", "interestExpense": "1062000000", "nonInterestIncome": "None", "otherNonOperatingIncome": "-208000000", "depreciation": "None", "depreciationAndAmortization": "2479000000", "incomeBeforeTax": "8268000000", "incomeTaxExpense": "1637000000", "interestAndDebtExpense": "None", "netIncomeFromContinuingOperations": "6631000000", "comprehensiveIncomeNetOfTax": "None", "ebit": "9330000000", "ebitda": "11809000000", "netIncome": "6622000000"}, {"fiscalDateEnding": "2016-12-31", "reportedCurrency": "USD", "grossProfit": "28834000000", "totalRevenue": "177546000000", "costOfRevenue": "148712000000", "costofGoodsAndServicesSold": "148712000000", "operatingIncome": "10386000000", "sellingGeneralAndAdministrative": "18056000000", "researchAndDevelopment": "0", "operatingExpenses": "18448000000", "investmentIncomeNet": "None", "netInterestIncome": "-1058000000", "interestIncome": "20000000", "interestExpense": "1078000000", "nonInterestIncome": "None", "otherNonOperatingIncome": "-643000000", "depreciation": "None", "depreciationAndAmortization": "2475000000", "incomeBeforeTax": "8637000000", "incomeTaxExpense": "3317000000", "interestAndDebtExpense": "None", "netIncomeFromContinuingOperations": "5320000000", "comprehensiveIncomeNetOfTax": "None", "ebit": "9715000000", "ebitda": "12190000000", "netIncome": "5317000000"}, {"fiscalDateEnding": "2015-12-31", "reportedCurrency": "USD", "grossProfit": "26528000000", "totalRevenue": "153290000000", "costOfRevenue": "126762000000", "costofGoodsAndServicesSold": "126762000000", "operatingIncome": "9475000000", "sellingGeneralAndAdministrative": "16633000000", "researchAndDevelopment": "0", "operatingExpenses": "17053000000", "investmentIncomeNet": "None", "netInterestIncome": "None", "interestIncome": "838000000", "interestExpense": "859000000", "nonInterestIncome": "None", "otherNonOperatingIncome": "None", "depreciation": "None", "depreciationAndAmortization": "2092000000", "incomeBeforeTax": "8616000000", "incomeTaxExpense": "3386000000", "interestAndDebtExpense": "None", "netIncomeFromContinuingOperations": "5230000000", "comprehensiveIncomeNetOfTax": "None", "ebit": "9475000000", "ebitda": "11567000000", "netIncome": "5237000000"}, {"fiscalDateEnding": "2014-12-31", "reportedCurrency": "USD", "grossProfit": "25367000000", "totalRevenue": "139367000000", "costOfRevenue": "114000000000", "costofGoodsAndServicesSold": "114000000000", "operatingIncome": "8799000000", "sellingGeneralAndAdministrative": "16331000000", "researchAndDevelopment": "0", "operatingExpenses": "16568000000", "investmentIncomeNet": "None", "netInterestIncome": "None", "interestIncome": "None", "interestExpense": "615000000", "nonInterestIncome": "None", "otherNonOperatingIncome": "-521000000", "depreciation": "None", "depreciationAndAmortization": "1931000000", "incomeBeforeTax": "7678000000", "incomeTaxExpense": "3033000000", "interestAndDebtExpense": "None", "netIncomeFromContinuingOperations": "4645000000", "comprehensiveIncomeNetOfTax": "None", "ebit": "8293000000", "ebitda": "10224000000", "netIncome": "4644000000"}, {"fiscalDateEnding": "2013-12-31", "reportedCurrency": "USD", "grossProfit": "23783000000", "totalRevenue": "126761000000", "costOfRevenue": "102978000000", "costofGoodsAndServicesSold": "102978000000", "operatingIncome": "8037000000", "sellingGeneralAndAdministrative": "15641000000", "researchAndDevelopment": "0", "operatingExpenses": "15746000000", "investmentIncomeNet": "None", "netInterestIncome": "None", "interestIncome": "None", "interestExpense": "517000000", "nonInterestIncome": "None", "otherNonOperatingIncome": "None", "depreciation": "None", "depreciationAndAmortization": "1870000000", "incomeBeforeTax": "7528000000", "incomeTaxExpense": "2928000000", "interestAndDebtExpense": "None", "netIncomeFromContinuingOperations": "4600000000", "comprehensiveIncomeNetOfTax": "None", "ebit": "8045000000", "ebitda": "9915000000", "netIncome": "4592000000"}, {"fiscalDateEnding": "2012-12-31", "reportedCurrency": "USD", "grossProfit": "22488000000", "totalRevenue": "123120000000", "costOfRevenue": "100632000000", "costofGoodsAndServicesSold": "100632000000", "operatingIncome": "7210000000", "sellingGeneralAndAdministrative": "15057000000", "researchAndDevelopment": "0", "operatingExpenses": "15278000000", "investmentIncomeNet": "None", "netInterestIncome": "None", "interestIncome": "None", "interestExpense": "561000000", "nonInterestIncome": "None", "otherNonOperatingIncome": "-348000000", "depreciation": "None", "depreciationAndAmortization": "1753000000", "incomeBeforeTax": "6305000000", "incomeTaxExpense": "2436000000", "interestAndDebtExpense": "None", "netIncomeFromContinuingOperations": "3882000000", "comprehensiveIncomeNetOfTax": "None", "ebit": "6866000000", "ebitda": "8619000000", "netIncome": "3864000000"}, {"fiscalDateEnding": "2011-12-31", "reportedCurrency": "USD", "grossProfit": "20562000000", "totalRevenue": "107080000000", "costOfRevenue": "86518000000", "costofGoodsAndServicesSold": "86518000000", "operatingIncome": "6331000000", "sellingGeneralAndAdministrative": "14231000000", "researchAndDevelopment": "0", "operatingExpenses": "14231000000", "investmentIncomeNet": "None", "netInterestIncome": "None", "interestIncome": "None", "interestExpense": "588000000", "nonInterestIncome": "None", "otherNonOperatingIncome": "None", "depreciation": "None", "depreciationAndAmortization": "1568000000", "incomeBeforeTax": "5747000000", "incomeTaxExpense": "2258000000", "interestAndDebtExpense": "None", "netIncomeFromContinuingOperations": "3488000000", "comprehensiveIncomeNetOfTax": "None", "ebit": "6335000000", "ebitda": "7903000000", "netIncome": "3462000000"}, {"fiscalDateEnding": "2010-12-31", "reportedCurrency": "USD", "grossProfit": "20219000000", "totalRevenue": "95778000000", "costOfRevenue": "75559000000", "costofGoodsAndServicesSold": "75559000000", "operatingIncome": "6137000000", "sellingGeneralAndAdministrative": "14092000000", "researchAndDevelopment": "0", "operatingExpenses": "14082000000", "investmentIncomeNet": "None", "netInterestIncome": "None", "interestIncome": "None", "interestExpense": "539000000", "nonInterestIncome": "None", "otherNonOperatingIncome": "None", "depreciation": "None", "depreciationAndAmortization": "1469000000", "incomeBeforeTax": "5601000000", "incomeTaxExpense": "2179000000", "interestAndDebtExpense": "None", "netIncomeFromContinuingOperations": "3439000000", "comprehensiveIncomeNetOfTax": "None", "ebit": "6140000000", "ebitda": "7609000000", "netIncome": "3427000000"}, {"fiscalDateEnding": "2009-12-31", "reportedCurrency": "USD", "grossProfit": "20358000000", "totalRevenue": "98215000000", "costOfRevenue": "77857000000", "costofGoodsAndServicesSold": "77857000000", "operatingIncome": "6425000000", "sellingGeneralAndAdministrative": "13942000000", "researchAndDevelopment": "0", "operatingExpenses": "13933000000", "investmentIncomeNet": "None", "netInterestIncome": "None", "interestIncome": "None", "interestExpense": "530000000", "nonInterestIncome": "None", "otherNonOperatingIncome": "None", "depreciation": "None", "depreciationAndAmortization": "1389000000", "incomeBeforeTax": "5900000000", "incomeTaxExpense": "2200000000", "interestAndDebtExpense": "None", "netIncomeFromContinuingOperations": "3708000000", "comprehensiveIncomeNetOfTax": "None", "ebit": "6430000000", "ebitda": "7819000000", "netIncome": "3696000000"}, {"fiscalDateEnding": "2008-12-31", "reportedCurrency": "USD", "grossProfit": "18290000000", "totalRevenue": "87472000000", "costOfRevenue": "69182000000", "costofGoodsAndServicesSold": "69182000000", "operatingIncome": "6046000000", "sellingGeneralAndAdministrative": "12244200000", "researchAndDevelopment": "None", "operatingExpenses": "12244000000", "investmentIncomeNet": "None", "netInterestIncome": "None", "interestIncome": "None", "interestExpense": "530000000", "nonInterestIncome": "None", "otherNonOperatingIncome": "None", "depreciation": "None", "depreciationAndAmortization": "1274000000", "incomeBeforeTax": "5537000000", "incomeTaxExpense": "2193000000", "interestAndDebtExpense": "None", "netIncomeFromContinuingOperations": "None", "comprehensiveIncomeNetOfTax": "None", "ebit": "6067000000", "ebitda": "7341000000", "netIncome": "3212000000"}, {"fiscalDateEnding": "2007-12-31", "reportedCurrency": "USD", "grossProfit": "16107700000", "totalRevenue": "76329500000", "costOfRevenue": "60221800000", "costofGoodsAndServicesSold": "60221800000", "operatingIncome": "4793300000", "sellingGeneralAndAdministrative": "11232700000", "researchAndDevelopment": "None", "operatingExpenses": "11314400000", "investmentIncomeNet": "None", "netInterestIncome": "None", "interestIncome": "None", "interestExpense": "435000000", "nonInterestIncome": "None", "otherNonOperatingIncome": "None", "depreciation": "None", "depreciationAndAmortization": "1094600000", "incomeBeforeTax": "4358700000", "incomeTaxExpense": "1721700000", "interestAndDebtExpense": "None", "netIncomeFromContinuingOperations": "None", "comprehensiveIncomeNetOfTax": "None", "ebit": "4793300000", "ebitda": "5887900000", "netIncome": "2637000000"}, {"fiscalDateEnding": "2006-12-31", "reportedCurrency": "USD", "grossProfit": "11742200000", "totalRevenue": "43821400000", "costOfRevenue": "32079200000", "costofGoodsAndServicesSold": "32079200000", "operatingIncome": "2441600000", "sellingGeneralAndAdministrative": "8764000000", "researchAndDevelopment": "None", "operatingExpenses": "9300600000", "investmentIncomeNet": "None", "netInterestIncome": "None", "interestIncome": "None", "interestExpense": "216000000", "nonInterestIncome": "None", "otherNonOperatingIncome": "None", "depreciation": "None", "depreciationAndAmortization": "733300000", "incomeBeforeTax": "2225800000", "incomeTaxExpense": "856900000", "interestAndDebtExpense": "None", "netIncomeFromContinuingOperations": "None", "comprehensiveIncomeNetOfTax": "None", "ebit": "2441600000", "ebitda": "3174900000", "netIncome": "1368900000"}, {"fiscalDateEnding": "2005-12-31", "reportedCurrency": "USD", "grossProfit": "9694600000", "totalRevenue": "37006700000", "costOfRevenue": "27312100000", "costofGoodsAndServicesSold": "27312100000", "operatingIncome": "2019500000", "sellingGeneralAndAdministrative": "7292600000", "researchAndDevelopment": "None", "operatingExpenses": "7675100000", "investmentIncomeNet": "None", "netInterestIncome": "None", "interestIncome": "None", "interestExpense": "0", "nonInterestIncome": "None", "otherNonOperatingIncome": "None", "depreciation": "None", "depreciationAndAmortization": "589100000", "incomeBeforeTax": "1909000000", "incomeTaxExpense": "684300000", "interestAndDebtExpense": "None", "netIncomeFromContinuingOperations": "None", "comprehensiveIncomeNetOfTax": "None", "ebit": "2019500000", "ebitda": "2608600000", "netIncome": "1224700000"}], "quarterlyReports": [{"fiscalDateEnding": "2024-12-31", "reportedCurrency": "USD", "grossProfit": "12899000000", "totalRevenue": "97710000000", "costOfRevenue": "84811000000", "costofGoodsAndServicesSold": "84811000000", "operatingIncome": "2368000000", "sellingGeneralAndAdministrative": "None", "researchAndDevelopment": "None", "operatingExpenses": "10521000000", "investmentIncomeNet": "None", "netInterestIncome": "-758000000", "interestIncome": "None", "interestExpense": "758000000", "nonInterestIncome": "None", "otherNonOperatingIncome": "None", "depreciation": "None", "depreciationAndAmortization": "1147000000", "incomeBeforeTax": "2126000000", "incomeTaxExpense": "503000000", "interestAndDebtExpense": "None", "netIncomeFromContinuingOperations": "1623000000", "comprehensiveIncomeNetOfTax": "None", "ebit": "2884000000", "ebitda": "4031000000", "netIncome": "1644000000"}, {"fiscalDateEnding": "2024-09-30", "reportedCurrency": "USD", "grossProfit": "12558000000", "totalRevenue": "95428000000", "costOfRevenue": "82870000000", "costofGoodsAndServicesSold": "82870000000", "operatingIncome": "832000000", "sellingGeneralAndAdministrative": "None", "researchAndDevelopment": "None", "operatingExpenses": "11726000000", "investmentIncomeNet": "None", "netInterestIncome": "-752000000", "interestIncome": "None", "interestExpense": "752000000", "nonInterestIncome": "None", "otherNonOperatingIncome": "None", "depreciation": "None", "depreciationAndAmortization": "1161000000", "incomeBeforeTax": "105000000", "incomeTaxExpense": "34000000", "interestAndDebtExpense": "None", "netIncomeFromContinuingOperations": "71000000", "comprehensiveIncomeNetOfTax": "None", "ebit": "857000000", "ebitda": "2018000000", "netIncome": "87000000"}, {"fiscalDateEnding": "2024-06-30", "reportedCurrency": "USD", "grossProfit": "13383000000", "totalRevenue": "91234000000", "costOfRevenue": "77851000000", "costofGoodsAndServicesSold": "77851000000", "operatingIncome": "3045000000", "sellingGeneralAndAdministrative": "None", "researchAndDevelopment": "None", "operatingExpenses": "10338000000", "investmentIncomeNet": "None", "netInterestIncome": "-732000000", "interestIncome": "None", "interestExpense": "732000000", "nonInterestIncome": "None", "otherNonOperatingIncome": "None", "depreciation": "None", "depreciationAndAmortization": "1151000000", "incomeBeforeTax": "2337000000", "incomeTaxExpense": "569000000", "interestAndDebtExpense": "None", "netIncomeFromContinuingOperations": "1768000000", "comprehensiveIncomeNetOfTax": "None", "ebit": "3069000000", "ebitda": "4220000000", "netIncome": "1770000000"}, {"fiscalDateEnding": "2024-03-31", "reportedCurrency": "USD", "grossProfit": "12561000000", "totalRevenue": "88437000000", "costOfRevenue": "75876000000", "costofGoodsAndServicesSold": "75876000000", "operatingIncome": "2271000000", "sellingGeneralAndAdministrative": "None", "researchAndDevelopment": "None", "operatingExpenses": "10290000000", "investmentIncomeNet": "None", "netInterestIncome": "-716000000", "interestIncome": "None", "interestExpense": "716000000", "nonInterestIncome": "None", "otherNonOperatingIncome": "None", "depreciation": "None", "depreciationAndAmortization": "1138000000", "incomeBeforeTax": "1580000000", "incomeTaxExpense": "456000000", "interestAndDebtExpense": "None", "netIncomeFromContinuingOperations": "1124000000", "comprehensiveIncomeNetOfTax": "None", "ebit": "2296000000", "ebitda": "3434000000", "netIncome": "1113000000"}, {"fiscalDateEnding": "2023-12-31", "reportedCurrency": "USD", "grossProfit": "13876000000", "totalRevenue": "93813000000", "costOfRevenue": "79937000000", "costofGoodsAndServicesSold": "79937000000", "operatingIncome": "3373000000", "sellingGeneralAndAdministrative": "9185000000", "researchAndDevelopment": "None", "operatingExpenses": "10503000000", "investmentIncomeNet": "None", "netInterestIncome": "-690000000", "interestIncome": "None", "interestExpense": "690000000", "nonInterestIncome": "None", "otherNonOperatingIncome": "None", "depreciation": "None", "depreciationAndAmortization": "1134000000", "incomeBeforeTax": "2705000000", "incomeTaxExpense": "658000000", "interestAndDebtExpense": "None", "netIncomeFromContinuingOperations": "2047000000", "comprehensiveIncomeNetOfTax": "None", "ebit": "3395000000", "ebitda": "4529000000", "netIncome": "2046000000"}, {"fiscalDateEnding": "2023-09-30", "reportedCurrency": "USD", "grossProfit": "13577000000", "totalRevenue": "89764000000", "costOfRevenue": "76187000000", "costofGoodsAndServicesSold": "76187000000", "operatingIncome": "3690000000", "sellingGeneralAndAdministrative": "None", "researchAndDevelopment": "None", "operatingExpenses": "9887000000", "investmentIncomeNet": "None", "netInterestIncome": "-693000000", "interestIncome": "693000000", "interestExpense": "693000000", "nonInterestIncome": "None", "otherNonOperatingIncome": "None", "depreciation": "None", "depreciationAndAmortization": "1127000000", "incomeBeforeTax": "3019000000", "incomeTaxExpense": "754000000", "interestAndDebtExpense": "None", "netIncomeFromContinuingOperations": "2265000000", "comprehensiveIncomeNetOfTax": "None", "ebit": "3712000000", "ebitda": "4839000000", "netIncome": "2261000000"}, {"fiscalDateEnding": "2023-06-30", "reportedCurrency": "USD", "grossProfit": "13603000000", "totalRevenue": "88921000000", "costOfRevenue": "75318000000", "costofGoodsAndServicesSold": "75318000000", "operatingIncome": "3234000000", "sellingGeneralAndAdministrative": "None", "researchAndDevelopment": "None", "operatingExpenses": "10369000000", "investmentIncomeNet": "None", "netInterestIncome": "-686000000", "interestIncome": "686000000", "interestExpense": "686000000", "nonInterestIncome": "None", "otherNonOperatingIncome": "22000000", "depreciation": "None", "depreciationAndAmortization": "1104000000", "incomeBeforeTax": "2570000000", "incomeTaxExpense": "656000000", "interestAndDebtExpense": "None", "netIncomeFromContinuingOperations": "1914000000", "comprehensiveIncomeNetOfTax": "None", "ebit": "3256000000", "ebitda": "4360000000", "netIncome": "1901000000"}, {"fiscalDateEnding": "2023-03-31", "reportedCurrency": "USD", "grossProfit": "13375000000", "totalRevenue": "85278000000", "costOfRevenue": "71903000000", "costofGoodsAndServicesSold": "71903000000", "operatingIncome": "3446000000", "sellingGeneralAndAdministrative": "None", "researchAndDevelopment": "None", "operatingExpenses": "9929000000", "investmentIncomeNet": "None", "netInterestIncome": "-589000000", "interestIncome": "589000000", "interestExpense": "589000000", "nonInterestIncome": "None", "otherNonOperatingIncome": "22000000", "depreciation": "None", "depreciationAndAmortization": "1001000000", "incomeBeforeTax": "2879000000", "incomeTaxExpense": "737000000", "interestAndDebtExpense": "None", "netIncomeFromContinuingOperations": "2142000000", "comprehensiveIncomeNetOfTax": "None", "ebit": "3468000000", "ebitda": "4469000000", "netIncome": "2136000000"}, {"fiscalDateEnding": "2022-12-31", "reportedCurrency": "USD", "grossProfit": "13813000000", "totalRevenue": "83846000000", "costOfRevenue": "70033000000", "costofGoodsAndServicesSold": "70033000000", "operatingIncome": "3618000000", "sellingGeneralAndAdministrative": "9339000000", "researchAndDevelopment": "None", "operatingExpenses": "10195000000", "investmentIncomeNet": "None", "netInterestIncome": "-552000000", "interestIncome": "552000000", "interestExpense": "552000000", "nonInterestIncome": "None", "otherNonOperatingIncome": "43000000", "depreciation": "None", "depreciationAndAmortization": "1049000000", "incomeBeforeTax": "3109000000", "incomeTaxExpense": "809000000", "interestAndDebtExpense": "None", "netIncomeFromContinuingOperations": "2300000000", "comprehensiveIncomeNetOfTax": "None", "ebit": "3661000000", "ebitda": "4710000000", "netIncome": "2302000000"}, {"fiscalDateEnding": "2022-09-30", "reportedCurrency": "USD", "grossProfit": "13393000000", "totalRevenue": "81159000000", "costOfRevenue": "67766000000", "costofGoodsAndServicesSold": "67766000000", "operatingIncome": "-3919000000", "sellingGeneralAndAdministrative": "None", "researchAndDevelopment": "None", "operatingExpenses": "17312000000", "investmentIncomeNet": "None", "netInterestIncome": "-566000000", "interestIncome": "566000000", "interestExpense": "566000000", "nonInterestIncome": "None", "otherNonOperatingIncome": "41000000", "depreciation": "None", "depreciationAndAmortization": "1050000000", "incomeBeforeTax": "-4444000000", "incomeTaxExpense": "-1045000000", "interestAndDebtExpense": "None", "netIncomeFromContinuingOperations": "-3409000000", "comprehensiveIncomeNetOfTax": "None", "ebit": "-3878000000", "ebitda": "-2828000000", "netIncome": "-3406000000"}, {"fiscalDateEnding": "2022-06-30", "reportedCurrency": "USD", "grossProfit": "13856000000", "totalRevenue": "80636000000", "costOfRevenue": "66780000000", "costofGoodsAndServicesSold": "66780000000", "operatingIncome": "4669000000", "sellingGeneralAndAdministrative": "None", "researchAndDevelopment": "None", "operatingExpenses": "9187000000", "investmentIncomeNet": "None", "netInterestIncome": "-583000000", "interestIncome": "583000000", "interestExpense": "583000000", "nonInterestIncome": "None", "otherNonOperatingIncome": "43000000", "depreciation": "None", "depreciationAndAmortization": "1082000000", "incomeBeforeTax": "4129000000", "incomeTaxExpense": "1090000000", "interestAndDebtExpense": "None", "netIncomeFromContinuingOperations": "2961000000", "comprehensiveIncomeNetOfTax": "None", "ebit": "4712000000", "ebitda": "5794000000", "netIncome": "3029000000"}, {"fiscalDateEnding": "2022-03-31", "reportedCurrency": "USD", "grossProfit": "13394000000", "totalRevenue": "76826000000", "costOfRevenue": "63432000000", "costofGoodsAndServicesSold": "63432000000", "operatingIncome": "3545000000", "sellingGeneralAndAdministrative": "None", "researchAndDevelopment": "None", "operatingExpenses": "9849000000", "investmentIncomeNet": "None", "netInterestIncome": "-586000000", "interestIncome": "586000000", "interestExpense": "586000000", "nonInterestIncome": "None", "otherNonOperatingIncome": "42000000", "depreciation": "None", "depreciationAndAmortization": "1049000000", "incomeBeforeTax": "3001000000", "incomeTaxExpense": "646000000", "interestAndDebtExpense": "None", "netIncomeFromContinuingOperations": "2313000000", "comprehensiveIncomeNetOfTax": "None", "ebit": "3587000000", "ebitda": "4636000000", "netIncome": "2354000000"}, {"fiscalDateEnding": "2021-12-31", "reportedCurrency": "USD", "grossProfit": "13652000000", "totalRevenue": "76604000000", "costOfRevenue": "62952000000", "costofGoodsAndServicesSold": "62952000000", "operatingIncome": "2229000000", "sellingGeneralAndAdministrative": "9327000000", "researchAndDevelopment": "None", "operatingExpenses": "11423000000", "investmentIncomeNet": "None", "netInterestIncome": "-608000000", "interestIncome": "608000000", "interestExpense": "608000000", "nonInterestIncome": "None", "otherNonOperatingIncome": "-51000000", "depreciation": "None", "depreciationAndAmortization": "1115000000", "incomeBeforeTax": "1570000000", "incomeTaxExpense": "274000000", "interestAndDebtExpense": "None", "netIncomeFromContinuingOperations": "1296000000", "comprehensiveIncomeNetOfTax": "None", "ebit": "2178000000", "ebitda": "3293000000", "netIncome": "1306000000"}, {"fiscalDateEnding": "2021-09-30", "reportedCurrency": "USD", "grossProfit": "12702000000", "totalRevenue": "73794000000", "costOfRevenue": "61092000000", "costofGoodsAndServicesSold": "61092000000", "operatingIncome": "3061000000", "sellingGeneralAndAdministrative": "9190000000", "researchAndDevelopment": "None", "operatingExpenses": "9641000000", "investmentIncomeNet": "None", "netInterestIncome": "-602000000", "interestIncome": "602000000", "interestExpense": "602000000", "nonInterestIncome": "None", "otherNonOperatingIncome": "-314000000", "depreciation": "None", "depreciationAndAmortization": "1134000000", "incomeBeforeTax": "2145000000", "incomeTaxExpense": "558000000", "interestAndDebtExpense": "None", "netIncomeFromContinuingOperations": "1587000000", "comprehensiveIncomeNetOfTax": "None", "ebit": "2747000000", "ebitda": "3881000000", "netIncome": "1598000000"}, {"fiscalDateEnding": "2021-06-30", "reportedCurrency": "USD", "grossProfit": "13195000000", "totalRevenue": "72616000000", "costOfRevenue": "59421000000", "costofGoodsAndServicesSold": "59421000000", "operatingIncome": "4326000000", "sellingGeneralAndAdministrative": "8829000000", "researchAndDevelopment": "None", "operatingExpenses": "8869000000", "investmentIncomeNet": "None", "netInterestIncome": "-636000000", "interestIncome": "636000000", "interestExpense": "636000000", "nonInterestIncome": "None", "otherNonOperatingIncome": "45000000", "depreciation": "None", "depreciationAndAmortization": "1137000000", "incomeBeforeTax": "3735000000", "incomeTaxExpense": "944000000", "interestAndDebtExpense": "None", "netIncomeFromContinuingOperations": "2791000000", "comprehensiveIncomeNetOfTax": "None", "ebit": "4371000000", "ebitda": "5508000000", "netIncome": "2783000000"}, {"fiscalDateEnding": "2021-03-31", "reportedCurrency": "USD", "grossProfit": "12499000000", "totalRevenue": "69097000000", "costOfRevenue": "56598000000", "costofGoodsAndServicesSold": "56598000000", "operatingIncome": "3577000000", "sellingGeneralAndAdministrative": "8881000000", "researchAndDevelopment": "None", "operatingExpenses": "8922000000", "investmentIncomeNet": "None", "netInterestIncome": "-657000000", "interestIncome": "657000000", "interestExpense": "657000000", "nonInterestIncome": "None", "otherNonOperatingIncome": "50000000", "depreciation": "None", "depreciationAndAmortization": "1126000000", "incomeBeforeTax": "2970000000", "incomeTaxExpense": "746000000", "interestAndDebtExpense": "None", "netIncomeFromContinuingOperations": "2224000000", "comprehensiveIncomeNetOfTax": "None", "ebit": "3627000000", "ebitda": "4753000000", "netIncome": "2223000000"}, {"fiscalDateEnding": "2020-12-31", "reportedCurrency": "USD", "grossProfit": "11957000000", "totalRevenue": "69554000000", "costOfRevenue": "57597000000", "costofGoodsAndServicesSold": "57597000000", "operatingIncome": "2524000000", "sellingGeneralAndAdministrative": "9295000000", "researchAndDevelopment": "None", "operatingExpenses": "9433000000", "investmentIncomeNet": "None", "netInterestIncome": "-678000000", "interestIncome": "678000000", "interestExpense": "678000000", "nonInterestIncome": "None", "otherNonOperatingIncome": "-621000000", "depreciation": "None", "depreciationAndAmortization": "1139000000", "incomeBeforeTax": "1225000000", "incomeTaxExpense": "241000000", "interestAndDebtExpense": "None", "netIncomeFromContinuingOperations": "984000000", "comprehensiveIncomeNetOfTax": "None", "ebit": "1903000000", "ebitda": "3042000000", "netIncome": "973000000"}, {"fiscalDateEnding": "2020-09-30", "reportedCurrency": "USD", "grossProfit": "11720000000", "totalRevenue": "67056000000", "costOfRevenue": "55336000000", "costofGoodsAndServicesSold": "55336000000", "operatingIncome": "3249000000", "sellingGeneralAndAdministrative": "8685000000", "researchAndDevelopment": "None", "operatingExpenses": "8471000000", "investmentIncomeNet": "None", "netInterestIncome": "-731000000", "interestIncome": "731000000", "interestExpense": "731000000", "nonInterestIncome": "None", "otherNonOperatingIncome": "-712000000", "depreciation": "None", "depreciationAndAmortization": "1114000000", "incomeBeforeTax": "1806000000", "incomeTaxExpense": "587000000", "interestAndDebtExpense": "None", "netIncomeFromContinuingOperations": "1219000000", "comprehensiveIncomeNetOfTax": "None", "ebit": "2537000000", "ebitda": "3651000000", "netIncome": "1224000000"}, {"fiscalDateEnding": "2020-06-30", "reportedCurrency": "USD", "grossProfit": "13348000000", "totalRevenue": "65341000000", "costOfRevenue": "51993000000", "costofGoodsAndServicesSold": "51993000000", "operatingIncome": "4680000000", "sellingGeneralAndAdministrative": "8598000000", "researchAndDevelopment": "None", "operatingExpenses": "8668000000", "investmentIncomeNet": "None", "netInterestIncome": "-765000000", "interestIncome": "765000000", "interestExpense": "765000000", "nonInterestIncome": "None", "otherNonOperatingIncome": "45000000", "depreciation": "None", "depreciationAndAmortization": "1102000000", "incomeBeforeTax": "3960000000", "incomeTaxExpense": "974000000", "interestAndDebtExpense": "None", "netIncomeFromContinuingOperations": "2986000000", "comprehensiveIncomeNetOfTax": "None", "ebit": "4725000000", "ebitda": "5827000000", "netIncome": "2975000000"}, {"fiscalDateEnding": "2020-03-31", "reportedCurrency": "USD", "grossProfit": "12021000000", "totalRevenue": "66755000000", "costOfRevenue": "54734000000", "costofGoodsAndServicesSold": "54734000000", "operatingIncome": "3458000000", "sellingGeneralAndAdministrative": "8494000000", "researchAndDevelopment": "None", "operatingExpenses": "8563000000", "investmentIncomeNet": "None", "netInterestIncome": "-733000000", "interestIncome": "733000000", "interestExpense": "733000000", "nonInterestIncome": "None", "otherNonOperatingIncome": "54000000", "depreciation": "None", "depreciationAndAmortization": "1086000000", "incomeBeforeTax": "2779000000", "incomeTaxExpense": "767000000", "interestAndDebtExpense": "None", "netIncomeFromContinuingOperations": "2012000000", "comprehensiveIncomeNetOfTax": "None", "ebit": "3512000000", "ebitda": "4598000000", "netIncome": "2007000000"}, {"fiscalDateEnding": "2019-12-31", "reportedCurrency": "USD", "grossProfit": "11691000000", "totalRevenue": "66889000000", "costOfRevenue": "55198000000", "costofGoodsAndServicesSold": "55198000000", "operatingIncome": "3037000000", "sellingGeneralAndAdministrative": "8012000000", "researchAndDevelopment": "None", "operatingExpenses": "8654000000", "investmentIncomeNet": "None", "netInterestIncome": "-734000000", "interestIncome": "734000000", "interestExpense": "734000000", "nonInterestIncome": "None", "otherNonOperatingIncome": "93000000", "depreciation": "None", "depreciationAndAmortization": "1096000000", "incomeBeforeTax": "2334000000", "incomeTaxExpense": "590000000", "interestAndDebtExpense": "None", "netIncomeFromContinuingOperations": "1744000000", "comprehensiveIncomeNetOfTax": "None", "ebit": "3068000000", "ebitda": "4164000000", "netIncome": "1747000000"}, {"fiscalDateEnding": "2019-09-30", "reportedCurrency": "USD", "grossProfit": "11523000000", "totalRevenue": "64810000000", "costOfRevenue": "53287000000", "costofGoodsAndServicesSold": "53287000000", "operatingIncome": "2928000000", "sellingGeneralAndAdministrative": "8550000000", "researchAndDevelopment": "None", "operatingExpenses": "8595000000", "investmentIncomeNet": "None", "netInterestIncome": "-747000000", "interestIncome": "747000000", "interestExpense": "747000000", "nonInterestIncome": "None", "otherNonOperatingIncome": "-48000000", "depreciation": "None", "depreciationAndAmortization": "1092000000", "incomeBeforeTax": "2133000000", "incomeTaxExpense": "604000000", "interestAndDebtExpense": "None", "netIncomeFromContinuingOperations": "1529000000", "comprehensiveIncomeNetOfTax": "None", "ebit": "2880000000", "ebitda": "3972000000", "netIncome": "1530000000"}, {"fiscalDateEnding": "2019-06-30", "reportedCurrency": "USD", "grossProfit": "11374000000", "totalRevenue": "63431000000", "costOfRevenue": "52057000000", "costofGoodsAndServicesSold": "52057000000", "operatingIncome": "3332000000", "sellingGeneralAndAdministrative": "7975000000", "researchAndDevelopment": "None", "operatingExpenses": "8042000000", "investmentIncomeNet": "None", "netInterestIncome": "-772000000", "interestIncome": "772000000", "interestExpense": "772000000", "nonInterestIncome": "None", "otherNonOperatingIncome": "31000000", "depreciation": "None", "depreciationAndAmortization": "1072000000", "incomeBeforeTax": "2591000000", "incomeTaxExpense": "660000000", "interestAndDebtExpense": "None", "netIncomeFromContinuingOperations": "1931000000", "comprehensiveIncomeNetOfTax": "None", "ebit": "3363000000", "ebitda": "4435000000", "netIncome": "1936000000"}, {"fiscalDateEnding": "2019-03-31", "reportedCurrency": "USD", "grossProfit": "10940000000", "totalRevenue": "61646000000", "costOfRevenue": "50706000000", "costofGoodsAndServicesSold": "50706000000", "operatingIncome": "2690000000", "sellingGeneralAndAdministrative": "8142000000", "researchAndDevelopment": "None", "operatingExpenses": "8250000000", "investmentIncomeNet": "None", "netInterestIncome": "-782000000", "interestIncome": "782000000", "interestExpense": "782000000", "nonInterestIncome": "None", "otherNonOperatingIncome": "-31000000", "depreciation": "None", "depreciationAndAmortization": "1111000000", "incomeBeforeTax": "1939000000", "incomeTaxExpense": "512000000", "interestAndDebtExpense": "None", "netIncomeFromContinuingOperations": "1427000000", "comprehensiveIncomeNetOfTax": "None", "ebit": "2721000000", "ebitda": "3832000000", "netIncome": "1421000000"}, {"fiscalDateEnding": "2018-12-31", "reportedCurrency": "USD", "grossProfit": "10150000000", "totalRevenue": "54909000000", "costOfRevenue": "44759000000", "costofGoodsAndServicesSold": "44759000000", "operatingIncome": "1309000000", "sellingGeneralAndAdministrative": "5860000000", "researchAndDevelopment": "0", "operatingExpenses": "8841000000", "investmentIncomeNet": "None", "netInterestIncome": "None", "interestIncome": "None", "interestExpense": "733000000", "nonInterestIncome": "None", "otherNonOperatingIncome": "11000000", "depreciation": "None", "depreciationAndAmortization": "807000000", "incomeBeforeTax": "102000000", "incomeTaxExpense": "524000000", "interestAndDebtExpense": "None", "netIncomeFromContinuingOperations": "-422000000", "comprehensiveIncomeNetOfTax": "None", "ebit": "835000000", "ebitda": "1642000000", "netIncome": "-419000000"}, {"fiscalDateEnding": "2018-09-30", "reportedCurrency": "USD", "grossProfit": "7549000000", "totalRevenue": "47490000000", "costOfRevenue": "39941000000", "costofGoodsAndServicesSold": "39941000000", "operatingIncome": "2574000000", "sellingGeneralAndAdministrative": "4975000000", "researchAndDevelopment": "0", "operatingExpenses": "4975000000", "investmentIncomeNet": "None", "netInterestIncome": "None", "interestIncome": "None", "interestExpense": "674000000", "nonInterestIncome": "None", "otherNonOperatingIncome": "-1000000", "depreciation": "None", "depreciationAndAmortization": "620000000", "incomeBeforeTax": "1899000000", "incomeTaxExpense": "509000000", "interestAndDebtExpense": "None", "netIncomeFromContinuingOperations": "1390000000", "comprehensiveIncomeNetOfTax": "None", "ebit": "2573000000", "ebitda": "3193000000", "netIncome": "1390000000"}, {"fiscalDateEnding": "2018-06-30", "reportedCurrency": "USD", "grossProfit": "7415000000", "totalRevenue": "46922000000", "costOfRevenue": "39507000000", "costofGoodsAndServicesSold": "39507000000", "operatingIncome": "-1373000000", "sellingGeneralAndAdministrative": "4867000000", "researchAndDevelopment": "0", "operatingExpenses": "8788000000", "investmentIncomeNet": "None", "netInterestIncome": "None", "interestIncome": "None", "interestExpense": "689000000", "nonInterestIncome": "None", "otherNonOperatingIncome": "-3000000", "depreciation": "None", "depreciationAndAmortization": "647000000", "incomeBeforeTax": "-2065000000", "incomeTaxExpense": "497000000", "interestAndDebtExpense": "None", "netIncomeFromContinuingOperations": "-2562000000", "comprehensiveIncomeNetOfTax": "None", "ebit": "-1376000000", "ebitda": "-729000000", "netIncome": "-2563000000"}, {"fiscalDateEnding": "2018-03-31", "reportedCurrency": "USD", "grossProfit": "6909000000", "totalRevenue": "45743000000", "costOfRevenue": "38834000000", "costofGoodsAndServicesSold": "38834000000", "operatingIncome": "1996000000", "sellingGeneralAndAdministrative": "4784000000", "researchAndDevelopment": "0", "operatingExpenses": "4913000000", "investmentIncomeNet": "None", "netInterestIncome": "None", "interestIncome": "None", "interestExpense": "523000000", "nonInterestIncome": "None", "otherNonOperatingIncome": "-3000000", "depreciation": "None", "depreciationAndAmortization": "644000000", "incomeBeforeTax": "1470000000", "incomeTaxExpense": "472000000", "interestAndDebtExpense": "None", "netIncomeFromContinuingOperations": "998000000", "comprehensiveIncomeNetOfTax": "None", "ebit": "1993000000", "ebitda": "2637000000", "netIncome": "998000000"}, {"fiscalDateEnding": "2017-12-31", "reportedCurrency": "USD", "grossProfit": "7904000000", "totalRevenue": "48385000000", "costOfRevenue": "40481000000", "costofGoodsAndServicesSold": "40481000000", "operatingIncome": "3108000000", "sellingGeneralAndAdministrative": "18451000000", "researchAndDevelopment": "0", "operatingExpenses": "4796000000", "investmentIncomeNet": "None", "netInterestIncome": "None", "interestIncome": "None", "interestExpense": "303000000", "nonInterestIncome": "None", "otherNonOperatingIncome": "-2000000", "depreciation": "None", "depreciationAndAmortization": "622000000", "incomeBeforeTax": "2809000000", "incomeTaxExpense": "-478000000", "interestAndDebtExpense": "None", "netIncomeFromContinuingOperations": "3287000000", "comprehensiveIncomeNetOfTax": "None", "ebit": "3112000000", "ebitda": "3734000000", "netIncome": "3287000000"}, {"fiscalDateEnding": "2017-09-30", "reportedCurrency": "USD", "grossProfit": "7117000000", "totalRevenue": "46181000000", "costOfRevenue": "39064000000", "costofGoodsAndServicesSold": "39064000000", "operatingIncome": "2499000000", "sellingGeneralAndAdministrative": "4553000000", "researchAndDevelopment": "0", "operatingExpenses": "4618000000", "investmentIncomeNet": "None", "netInterestIncome": "None", "interestIncome": "None", "interestExpense": "250000000", "nonInterestIncome": "None", "otherNonOperatingIncome": "-192000000", "depreciation": "None", "depreciationAndAmortization": "615000000", "incomeBeforeTax": "2062000000", "incomeTaxExpense": "777000000", "interestAndDebtExpense": "None", "netIncomeFromContinuingOperations": "1285000000", "comprehensiveIncomeNetOfTax": "None", "ebit": "2312000000", "ebitda": "2927000000", "netIncome": "1285000000"}, {"fiscalDateEnding": "2017-06-30", "reportedCurrency": "USD", "grossProfit": "6926000000", "totalRevenue": "45685000000", "costOfRevenue": "38759000000", "costofGoodsAndServicesSold": "38759000000", "operatingIncome": "2117000000", "sellingGeneralAndAdministrative": "4663000000", "researchAndDevelopment": "0", "operatingExpenses": "4809000000", "investmentIncomeNet": "None", "netInterestIncome": "None", "interestIncome": "None", "interestExpense": "251000000", "nonInterestIncome": "None", "otherNonOperatingIncome": "-7000000", "depreciation": "None", "depreciationAndAmortization": "623000000", "incomeBeforeTax": "1863000000", "incomeTaxExpense": "766000000", "interestAndDebtExpense": "None", "netIncomeFromContinuingOperations": "1097000000", "comprehensiveIncomeNetOfTax": "None", "ebit": "2114000000", "ebitda": "2737000000", "netIncome": "1098000000"}, {"fiscalDateEnding": "2017-03-31", "reportedCurrency": "USD", "grossProfit": "6571000000", "totalRevenue": "44514000000", "costOfRevenue": "37943000000", "costofGoodsAndServicesSold": "37943000000", "operatingIncome": "1793000000", "sellingGeneralAndAdministrative": "4564000000", "researchAndDevelopment": "0", "operatingExpenses": "4778000000", "investmentIncomeNet": "None", "netInterestIncome": "None", "interestIncome": "None", "interestExpense": "258000000", "nonInterestIncome": "None", "otherNonOperatingIncome": "-7000000", "depreciation": "None", "depreciationAndAmortization": "619000000", "incomeBeforeTax": "1534000000", "incomeTaxExpense": "572000000", "interestAndDebtExpense": "None", "netIncomeFromContinuingOperations": "962000000", "comprehensiveIncomeNetOfTax": "None", "ebit": "1792000000", "ebitda": "2411000000", "netIncome": "952000000"}, {"fiscalDateEnding": "2016-12-31", "reportedCurrency": "USD", "grossProfit": "7606000000", "totalRevenue": "45971000000", "costOfRevenue": "38365000000", "costofGoodsAndServicesSold": "38365000000", "operatingIncome": "2995000000", "sellingGeneralAndAdministrative": "4391000000", "researchAndDevelopment": "0", "operatingExpenses": "4611000000", "investmentIncomeNet": "None", "netInterestIncome": "None", "interestIncome": "None", "interestExpense": "248000000", "nonInterestIncome": "None", "otherNonOperatingIncome": "None", "depreciation": "None", "depreciationAndAmortization": "628000000", "incomeBeforeTax": "2753000000", "incomeTaxExpense": "1046000000", "interestAndDebtExpense": "None", "netIncomeFromContinuingOperations": "1707000000", "comprehensiveIncomeNetOfTax": "None", "ebit": "3001000000", "ebitda": "3629000000", "netIncome": "1707000000"}, {"fiscalDateEnding": "2016-09-30", "reportedCurrency": "USD", "grossProfit": "7492000000", "totalRevenue": "44615000000", "costOfRevenue": "37123000000", "costofGoodsAndServicesSold": "37123000000", "operatingIncome": "2824000000", "sellingGeneralAndAdministrative": "4608000000", "researchAndDevelopment": "0", "operatingExpenses": "4668000000", "investmentIncomeNet": "None", "netInterestIncome": "None", "interestIncome": "None", "interestExpense": "258000000", "nonInterestIncome": "None", "otherNonOperatingIncome": "-101000000", "depreciation": "None", "depreciationAndAmortization": "611000000", "incomeBeforeTax": "2463000000", "incomeTaxExpense": "921000000", "interestAndDebtExpense": "None", "netIncomeFromContinuingOperations": "1542000000", "comprehensiveIncomeNetOfTax": "None", "ebit": "2721000000", "ebitda": "3332000000", "netIncome": "1540000000"}, {"fiscalDateEnding": "2016-06-30", "reportedCurrency": "USD", "grossProfit": "7015000000", "totalRevenue": "43725000000", "costOfRevenue": "36710000000", "costofGoodsAndServicesSold": "36710000000", "operatingIncome": "2357000000", "sellingGeneralAndAdministrative": "4583000000", "researchAndDevelopment": "0", "operatingExpenses": "4658000000", "investmentIncomeNet": "None", "netInterestIncome": "None", "interestIncome": "None", "interestExpense": "284000000", "nonInterestIncome": "None", "otherNonOperatingIncome": "-542000000", "depreciation": "None", "depreciationAndAmortization": "619000000", "incomeBeforeTax": "1528000000", "incomeTaxExpense": "604000000", "interestAndDebtExpense": "None", "netIncomeFromContinuingOperations": "924000000", "comprehensiveIncomeNetOfTax": "None", "ebit": "1812000000", "ebitda": "2431000000", "netIncome": "924000000"}, {"fiscalDateEnding": "2016-03-31", "reportedCurrency": "USD", "grossProfit": "6744000000", "totalRevenue": "43215000000", "costOfRevenue": "36471000000", "costofGoodsAndServicesSold": "36471000000", "operatingIncome": "2185000000", "sellingGeneralAndAdministrative": "4499000000", "researchAndDevelopment": "0", "operatingExpenses": "4559000000", "investmentIncomeNet": "None", "netInterestIncome": "None", "interestIncome": "None", "interestExpense": "288000000", "nonInterestIncome": "None", "otherNonOperatingIncome": "None", "depreciation": "None", "depreciationAndAmortization": "617000000", "incomeBeforeTax": "1893000000", "incomeTaxExpense": "746000000", "interestAndDebtExpense": "None", "netIncomeFromContinuingOperations": "1147000000", "comprehensiveIncomeNetOfTax": "None", "ebit": "2181000000", "ebitda": "2798000000", "netIncome": "1146000000"}, {"fiscalDateEnding": "2015-12-31", "reportedCurrency": "USD", "grossProfit": "7301000000", "totalRevenue": "41146000000", "costOfRevenue": "33845000000", "costofGoodsAndServicesSold": "33845000000", "operatingIncome": "2729000000", "sellingGeneralAndAdministrative": "4188000000", "researchAndDevelopment": "0", "operatingExpenses": "4572000000", "investmentIncomeNet": "None", "netInterestIncome": "None", "interestIncome": "None", "interestExpense": "282000000", "nonInterestIncome": "None", "otherNonOperatingIncome": "None", "depreciation": "None", "depreciationAndAmortization": "582000000", "incomeBeforeTax": "2453000000", "incomeTaxExpense": "953000000", "interestAndDebtExpense": "None", "netIncomeFromContinuingOperations": "1500000000", "comprehensiveIncomeNetOfTax": "None", "ebit": "2735000000", "ebitda": "3317000000", "netIncome": "1498000000"}, {"fiscalDateEnding": "2015-09-30", "reportedCurrency": "USD", "grossProfit": "6661000000", "totalRevenue": "38644000000", "costOfRevenue": "31983000000", "costofGoodsAndServicesSold": "31983000000", "operatingIncome": "2331000000", "sellingGeneralAndAdministrative": "4204000000", "researchAndDevelopment": "0", "operatingExpenses": "4330000000", "investmentIncomeNet": "None", "netInterestIncome": "None", "interestIncome": "None", "interestExpense": "268000000", "nonInterestIncome": "None", "otherNonOperatingIncome": "None", "depreciation": "None", "depreciationAndAmortization": "532000000", "incomeBeforeTax": "2070000000", "incomeTaxExpense": "833000000", "interestAndDebtExpense": "None", "netIncomeFromContinuingOperations": "1237000000", "comprehensiveIncomeNetOfTax": "None", "ebit": "2338000000", "ebitda": "2870000000", "netIncome": "1246000000"}, {"fiscalDateEnding": "2015-06-30", "reportedCurrency": "USD", "grossProfit": "6402000000", "totalRevenue": "37169000000", "costOfRevenue": "30767000000", "costofGoodsAndServicesSold": "30767000000", "operatingIncome": "2262000000", "sellingGeneralAndAdministrative": "4119000000", "researchAndDevelopment": "0", "operatingExpenses": "4140000000", "investmentIncomeNet": "None", "netInterestIncome": "None", "interestIncome": "None", "interestExpense": "171000000", "nonInterestIncome": "None", "otherNonOperatingIncome": "None", "depreciation": "None", "depreciationAndAmortization": "488000000", "incomeBeforeTax": "2096000000", "incomeTaxExpense": "824000000", "interestAndDebtExpense": "None", "netIncomeFromContinuingOperations": "1272000000", "comprehensiveIncomeNetOfTax": "None", "ebit": "2267000000", "ebitda": "2755000000", "netIncome": "1272000000"}, {"fiscalDateEnding": "2015-03-31", "reportedCurrency": "USD", "grossProfit": "6164000000", "totalRevenue": "36332000000", "costOfRevenue": "30168000000", "costofGoodsAndServicesSold": "30168000000", "operatingIncome": "2132000000", "sellingGeneralAndAdministrative": "4032000000", "researchAndDevelopment": "0", "operatingExpenses": "4032000000", "investmentIncomeNet": "None", "netInterestIncome": "None", "interestIncome": "None", "interestExpense": "137000000", "nonInterestIncome": "None", "otherNonOperatingIncome": "None", "depreciation": "None", "depreciationAndAmortization": "490000000", "incomeBeforeTax": "1998000000", "incomeTaxExpense": "777000000", "interestAndDebtExpense": "None", "netIncomeFromContinuingOperations": "1221000000", "comprehensiveIncomeNetOfTax": "None", "ebit": "2135000000", "ebitda": "2625000000", "netIncome": "1221000000"}, {"fiscalDateEnding": "2014-12-31", "reportedCurrency": "USD", "grossProfit": "6633000000", "totalRevenue": "37055000000", "costOfRevenue": "30422000000", "costofGoodsAndServicesSold": "30422000000", "operatingIncome": "2321000000", "sellingGeneralAndAdministrative": "4311000000", "researchAndDevelopment": "0", "operatingExpenses": "4312000000", "investmentIncomeNet": "None", "netInterestIncome": "None", "interestIncome": "None", "interestExpense": "135000000", "nonInterestIncome": "None", "otherNonOperatingIncome": "None", "depreciation": "None", "depreciationAndAmortization": "489000000", "incomeBeforeTax": "2190000000", "incomeTaxExpense": "868000000", "interestAndDebtExpense": "None", "netIncomeFromContinuingOperations": "1322000000", "comprehensiveIncomeNetOfTax": "None", "ebit": "2325000000", "ebitda": "2814000000", "netIncome": "1321000000"}, {"fiscalDateEnding": "2014-09-30", "reportedCurrency": "USD", "grossProfit": "6468000000", "totalRevenue": "35021000000", "costOfRevenue": "28553000000", "costofGoodsAndServicesSold": "28553000000", "operatingIncome": "2246000000", "sellingGeneralAndAdministrative": "4218000000", "researchAndDevelopment": "0", "operatingExpenses": "4222000000", "investmentIncomeNet": "None", "netInterestIncome": "None", "interestIncome": "None", "interestExpense": "158000000", "nonInterestIncome": "None", "otherNonOperatingIncome": "-521000000", "depreciation": "None", "depreciationAndAmortization": "477000000", "incomeBeforeTax": "1572000000", "incomeTaxExpense": "624000000", "interestAndDebtExpense": "None", "netIncomeFromContinuingOperations": "948000000", "comprehensiveIncomeNetOfTax": "None", "ebit": "1730000000", "ebitda": "2207000000", "netIncome": "948000000"}, {"fiscalDateEnding": "2014-06-30", "reportedCurrency": "USD", "grossProfit": "6324000000", "totalRevenue": "34602000000", "costOfRevenue": "28278000000", "costofGoodsAndServicesSold": "28278000000", "operatingIncome": "2208000000", "sellingGeneralAndAdministrative": "4116000000", "researchAndDevelopment": "0", "operatingExpenses": "4116000000", "investmentIncomeNet": "None", "netInterestIncome": "None", "interestIncome": "None", "interestExpense": "161000000", "nonInterestIncome": "None", "otherNonOperatingIncome": "None", "depreciation": "None", "depreciationAndAmortization": "488000000", "incomeBeforeTax": "2050000000", "incomeTaxExpense": "804000000", "interestAndDebtExpense": "None", "netIncomeFromContinuingOperations": "1246000000", "comprehensiveIncomeNetOfTax": "None", "ebit": "2211000000", "ebitda": "2699000000", "netIncome": "1246000000"}, {"fiscalDateEnding": "2014-03-31", "reportedCurrency": "USD", "grossProfit": "5942000000", "totalRevenue": "32689000000", "costOfRevenue": "26747000000", "costofGoodsAndServicesSold": "26747000000", "operatingIncome": "2024000000", "sellingGeneralAndAdministrative": "3904000000", "researchAndDevelopment": "0", "operatingExpenses": "3918000000", "investmentIncomeNet": "None", "netInterestIncome": "None", "interestIncome": "None", "interestExpense": "161000000", "nonInterestIncome": "None", "otherNonOperatingIncome": "None", "depreciation": "None", "depreciationAndAmortization": "477000000", "incomeBeforeTax": "1866000000", "incomeTaxExpense": "737000000", "interestAndDebtExpense": "None", "netIncomeFromContinuingOperations": "1129000000", "comprehensiveIncomeNetOfTax": "None", "ebit": "2027000000", "ebitda": "2504000000", "netIncome": "1129000000"}, {"fiscalDateEnding": "2013-12-31", "reportedCurrency": "USD", "grossProfit": "6331000000", "totalRevenue": "32782000000", "costOfRevenue": "26451000000", "costofGoodsAndServicesSold": "26451000000", "operatingIncome": "2209000000", "sellingGeneralAndAdministrative": "3945000000", "researchAndDevelopment": "0", "operatingExpenses": "4122000000", "investmentIncomeNet": "None", "netInterestIncome": "None", "interestIncome": "None", "interestExpense": "138000000", "nonInterestIncome": "None", "otherNonOperatingIncome": "None", "depreciation": "None", "depreciationAndAmortization": "458000000", "incomeBeforeTax": "2074000000", "incomeTaxExpense": "812000000", "interestAndDebtExpense": "None", "netIncomeFromContinuingOperations": "1262000000", "comprehensiveIncomeNetOfTax": "None", "ebit": "2212000000", "ebitda": "2670000000", "netIncome": "1261000000"}, {"fiscalDateEnding": "2013-09-30", "reportedCurrency": "USD", "grossProfit": "6027000000", "totalRevenue": "31932000000", "costOfRevenue": "25905000000", "costofGoodsAndServicesSold": "25905000000", "operatingIncome": "2154000000", "sellingGeneralAndAdministrative": "3945000000", "researchAndDevelopment": "0", "operatingExpenses": "3873000000", "investmentIncomeNet": "None", "netInterestIncome": "None", "interestIncome": "None", "interestExpense": "125000000", "nonInterestIncome": "None", "otherNonOperatingIncome": "None", "depreciation": "None", "depreciationAndAmortization": "461000000", "incomeBeforeTax": "2032000000", "incomeTaxExpense": "777000000", "interestAndDebtExpense": "None", "netIncomeFromContinuingOperations": "1260000000", "comprehensiveIncomeNetOfTax": "None", "ebit": "2157000000", "ebitda": "2618000000", "netIncome": "1249000000"}, {"fiscalDateEnding": "2013-06-30", "reportedCurrency": "USD", "grossProfit": "5841000000", "totalRevenue": "31248000000", "costOfRevenue": "25407000000", "costofGoodsAndServicesSold": "25407000000", "operatingIncome": "1972000000", "sellingGeneralAndAdministrative": "3869000000", "researchAndDevelopment": "0", "operatingExpenses": "3869000000", "investmentIncomeNet": "None", "netInterestIncome": "None", "interestIncome": "None", "interestExpense": "127000000", "nonInterestIncome": "None", "otherNonOperatingIncome": "None", "depreciation": "None", "depreciationAndAmortization": "449000000", "incomeBeforeTax": "1846000000", "incomeTaxExpense": "721000000", "interestAndDebtExpense": "None", "netIncomeFromContinuingOperations": "1122000000", "comprehensiveIncomeNetOfTax": "None", "ebit": "1973000000", "ebitda": "2422000000", "netIncome": "1124000000"}, {"fiscalDateEnding": "2013-03-31", "reportedCurrency": "USD", "grossProfit": "5577000000", "totalRevenue": "30751000000", "costOfRevenue": "25174000000", "costofGoodsAndServicesSold": "25174000000", "operatingIncome": "1694000000", "sellingGeneralAndAdministrative": "3883000000", "researchAndDevelopment": "0", "operatingExpenses": "3883000000", "investmentIncomeNet": "None", "netInterestIncome": "None", "interestIncome": "None", "interestExpense": "127000000", "nonInterestIncome": "None", "otherNonOperatingIncome": "None", "depreciation": "None", "depreciationAndAmortization": "502000000", "incomeBeforeTax": "1568000000", "incomeTaxExpense": "614000000", "interestAndDebtExpense": "None", "netIncomeFromContinuingOperations": "956000000", "comprehensiveIncomeNetOfTax": "None", "ebit": "1695000000", "ebitda": "2197000000", "netIncome": "954000000"}, {"fiscalDateEnding": "2012-12-31", "reportedCurrency": "USD", "grossProfit": "6297000000", "totalRevenue": "31394000000", "costOfRevenue": "25097000000", "costofGoodsAndServicesSold": "25097000000", "operatingIncome": "2303000000", "sellingGeneralAndAdministrative": "11283000000", "researchAndDevelopment": "0", "operatingExpenses": "3994000000", "investmentIncomeNet": "None", "netInterestIncome": "None", "interestIncome": "None", "interestExpense": "162000000", "nonInterestIncome": "None", "otherNonOperatingIncome": "-348000000", "depreciation": "None", "depreciationAndAmortization": "456000000", "incomeBeforeTax": "1795000000", "incomeTaxExpense": "666000000", "interestAndDebtExpense": "None", "netIncomeFromContinuingOperations": "1129000000", "comprehensiveIncomeNetOfTax": "None", "ebit": "1957000000", "ebitda": "2413000000", "netIncome": "1129000000"}, {"fiscalDateEnding": "2012-09-30", "reportedCurrency": "USD", "grossProfit": "5647000000", "totalRevenue": "30227000000", "costOfRevenue": "24580000000", "costofGoodsAndServicesSold": "24580000000", "operatingIncome": "1814000000", "sellingGeneralAndAdministrative": "3833000000", "researchAndDevelopment": "0", "operatingExpenses": "3833000000", "investmentIncomeNet": "None", "netInterestIncome": "None", "interestIncome": "None", "interestExpense": "135000000", "nonInterestIncome": "None", "otherNonOperatingIncome": "None", "depreciation": "None", "depreciationAndAmortization": "443000000", "incomeBeforeTax": "1680000000", "incomeTaxExpense": "669000000", "interestAndDebtExpense": "None", "netIncomeFromContinuingOperations": "1011000000", "comprehensiveIncomeNetOfTax": "None", "ebit": "1815000000", "ebitda": "2258000000", "netIncome": "1006000000"}, {"fiscalDateEnding": "2012-06-30", "reportedCurrency": "USD", "grossProfit": "5449000000", "totalRevenue": "30714000000", "costOfRevenue": "25265000000", "costofGoodsAndServicesSold": "25265000000", "operatingIncome": "1708000000", "sellingGeneralAndAdministrative": "3741000000", "researchAndDevelopment": "0", "operatingExpenses": "3741000000", "investmentIncomeNet": "None", "netInterestIncome": "None", "interestIncome": "None", "interestExpense": "132000000", "nonInterestIncome": "None", "otherNonOperatingIncome": "None", "depreciation": "None", "depreciationAndAmortization": "431000000", "incomeBeforeTax": "1576000000", "incomeTaxExpense": "610000000", "interestAndDebtExpense": "None", "netIncomeFromContinuingOperations": "966000000", "comprehensiveIncomeNetOfTax": "None", "ebit": "1708000000", "ebitda": "2139000000", "netIncome": "966000000"}, {"fiscalDateEnding": "2012-03-31", "reportedCurrency": "USD", "grossProfit": "5113000000", "totalRevenue": "30798000000", "costOfRevenue": "25685000000", "costofGoodsAndServicesSold": "25685000000", "operatingIncome": "1404000000", "sellingGeneralAndAdministrative": "3709000000", "researchAndDevelopment": "0", "operatingExpenses": "3709000000", "investmentIncomeNet": "None", "netInterestIncome": "None", "interestIncome": "None", "interestExpense": "133000000", "nonInterestIncome": "None", "otherNonOperatingIncome": "None", "depreciation": "None", "depreciationAndAmortization": "423000000", "incomeBeforeTax": "1272000000", "incomeTaxExpense": "496000000", "interestAndDebtExpense": "None", "netIncomeFromContinuingOperations": "776000000", "comprehensiveIncomeNetOfTax": "None", "ebit": "1405000000", "ebitda": "1828000000", "netIncome": "776000000"}, {"fiscalDateEnding": "2011-12-31", "reportedCurrency": "USD", "grossProfit": "5555000000", "totalRevenue": "28317000000", "costOfRevenue": "22762000000", "costofGoodsAndServicesSold": "22762000000", "operatingIncome": "1957000000", "sellingGeneralAndAdministrative": "3598000000", "researchAndDevelopment": "0", "operatingExpenses": "3598000000", "investmentIncomeNet": "None", "netInterestIncome": "None", "interestIncome": "None", "interestExpense": "148000000", "nonInterestIncome": "None", "otherNonOperatingIncome": "None", "depreciation": "None", "depreciationAndAmortization": "396000000", "incomeBeforeTax": "1810000000", "incomeTaxExpense": "711000000", "interestAndDebtExpense": "None", "netIncomeFromContinuingOperations": "1092000000", "comprehensiveIncomeNetOfTax": "None", "ebit": "1958000000", "ebitda": "2354000000", "netIncome": "1064000000"}, {"fiscalDateEnding": "2011-09-30", "reportedCurrency": "USD", "grossProfit": "5178000000", "totalRevenue": "26674000000", "costOfRevenue": "21496000000", "costofGoodsAndServicesSold": "21496000000", "operatingIncome": "1584000000", "sellingGeneralAndAdministrative": "3594000000", "researchAndDevelopment": "0", "operatingExpenses": "3594000000", "investmentIncomeNet": "None", "netInterestIncome": "None", "interestIncome": "None", "interestExpense": "156000000", "nonInterestIncome": "None", "otherNonOperatingIncome": "None", "depreciation": "None", "depreciationAndAmortization": "407000000", "incomeBeforeTax": "1429000000", "incomeTaxExpense": "562000000", "interestAndDebtExpense": "None", "netIncomeFromContinuingOperations": "867000000", "comprehensiveIncomeNetOfTax": "None", "ebit": "1585000000", "ebitda": "1992000000", "netIncome": "868000000"}, {"fiscalDateEnding": "2011-06-30", "reportedCurrency": "USD", "grossProfit": "5086000000", "totalRevenue": "26414000000", "costOfRevenue": "21328000000", "costofGoodsAndServicesSold": "21328000000", "operatingIncome": "1484000000", "sellingGeneralAndAdministrative": "3605000000", "researchAndDevelopment": "0", "operatingExpenses": "3602000000", "investmentIncomeNet": "None", "netInterestIncome": "None", "interestIncome": "None", "interestExpense": "149000000", "nonInterestIncome": "None", "otherNonOperatingIncome": "None", "depreciation": "None", "depreciationAndAmortization": "391000000", "incomeBeforeTax": "1336000000", "incomeTaxExpense": "523000000", "interestAndDebtExpense": "None", "netIncomeFromContinuingOperations": "816000000", "comprehensiveIncomeNetOfTax": "None", "ebit": "1485000000", "ebitda": "1876000000", "netIncome": "816000000"}, {"fiscalDateEnding": "2011-03-31", "reportedCurrency": "USD", "grossProfit": "4742000000", "totalRevenue": "25695000000", "costOfRevenue": "20953000000", "costofGoodsAndServicesSold": "20953000000", "operatingIncome": "1305000000", "sellingGeneralAndAdministrative": "3440000000", "researchAndDevelopment": "0", "operatingExpenses": "3437000000", "investmentIncomeNet": "None", "netInterestIncome": "None", "interestIncome": "None", "interestExpense": "135000000", "nonInterestIncome": "None", "otherNonOperatingIncome": "None", "depreciation": "None", "depreciationAndAmortization": "374000000", "incomeBeforeTax": "1171000000", "incomeTaxExpense": "462000000", "interestAndDebtExpense": "None", "netIncomeFromContinuingOperations": "713000000", "comprehensiveIncomeNetOfTax": "None", "ebit": "1306000000", "ebitda": "1680000000", "netIncome": "713000000"}, {"fiscalDateEnding": "2010-12-31", "reportedCurrency": "USD", "grossProfit": "5467000000", "totalRevenue": "24772000000", "costOfRevenue": "19305000000", "costofGoodsAndServicesSold": "19305000000", "operatingIncome": "1771000000", "sellingGeneralAndAdministrative": "3693000000", "researchAndDevelopment": "0", "operatingExpenses": "3696000000", "investmentIncomeNet": "None", "netInterestIncome": "None", "interestIncome": "None", "interestExpense": "137000000", "nonInterestIncome": "None", "otherNonOperatingIncome": "None", "depreciation": "None", "depreciationAndAmortization": "373000000", "incomeBeforeTax": "1634000000", "incomeTaxExpense": "608000000", "interestAndDebtExpense": "None", "netIncomeFromContinuingOperations": "1026000000", "comprehensiveIncomeNetOfTax": "None", "ebit": "1771000000", "ebitda": "2144000000", "netIncome": "1026000000"}, {"fiscalDateEnding": "2010-09-30", "reportedCurrency": "USD", "grossProfit": "5015000000", "totalRevenue": "23711000000", "costOfRevenue": "18696000000", "costofGoodsAndServicesSold": "18696000000", "operatingIncome": "1478000000", "sellingGeneralAndAdministrative": "3537000000", "researchAndDevelopment": "0", "operatingExpenses": "3537000000", "investmentIncomeNet": "None", "netInterestIncome": "None", "interestIncome": "None", "interestExpense": "138000000", "nonInterestIncome": "None", "otherNonOperatingIncome": "None", "depreciation": "None", "depreciationAndAmortization": "370000000", "incomeBeforeTax": "1341000000", "incomeTaxExpense": "526000000", "interestAndDebtExpense": "None", "netIncomeFromContinuingOperations": "819000000", "comprehensiveIncomeNetOfTax": "None", "ebit": "1479000000", "ebitda": "1849000000", "netIncome": "809000000"}, {"fiscalDateEnding": "2010-06-30", "reportedCurrency": "USD", "grossProfit": "5020000000", "totalRevenue": "24007000000", "costOfRevenue": "18987000000", "costofGoodsAndServicesSold": "18987000000", "operatingIncome": "1501000000", "sellingGeneralAndAdministrative": "3516000000", "researchAndDevelopment": "0", "operatingExpenses": "3519000000", "investmentIncomeNet": "None", "netInterestIncome": "None", "interestIncome": "None", "interestExpense": "136000000", "nonInterestIncome": "None", "otherNonOperatingIncome": "None", "depreciation": "None", "depreciationAndAmortization": "368000000", "incomeBeforeTax": "1366000000", "incomeTaxExpense": "544000000", "interestAndDebtExpense": "None", "netIncomeFromContinuingOperations": "822000000", "comprehensiveIncomeNetOfTax": "None", "ebit": "1502000000", "ebitda": "1870000000", "netIncome": "821000000"}, {"fiscalDateEnding": "2010-03-31", "reportedCurrency": "USD", "grossProfit": "4746000000", "totalRevenue": "23760000000", "costOfRevenue": "19014000000", "costofGoodsAndServicesSold": "19014000000", "operatingIncome": "1410000000", "sellingGeneralAndAdministrative": "3336000000", "researchAndDevelopment": "0", "operatingExpenses": "3336000000", "investmentIncomeNet": "None", "netInterestIncome": "None", "interestIncome": "None", "interestExpense": "129000000", "nonInterestIncome": "None", "otherNonOperatingIncome": "None", "depreciation": "None", "depreciationAndAmortization": "358000000", "incomeBeforeTax": "1282000000", "incomeTaxExpense": "510000000", "interestAndDebtExpense": "None", "netIncomeFromContinuingOperations": "772000000", "comprehensiveIncomeNetOfTax": "None", "ebit": "1411000000", "ebitda": "1769000000", "netIncome": "771000000"}, {"fiscalDateEnding": "2009-12-31", "reportedCurrency": "USD", "grossProfit": "5568100000", "totalRevenue": "25822100000", "costOfRevenue": "20254000000", "costofGoodsAndServicesSold": "20254000000", "operatingIncome": "1895100000", "sellingGeneralAndAdministrative": "3673000000", "researchAndDevelopment": "0", "operatingExpenses": "3673000000", "investmentIncomeNet": "None", "netInterestIncome": "None", "interestIncome": "None", "interestExpense": "133000000", "nonInterestIncome": "None", "otherNonOperatingIncome": "None", "depreciation": "None", "depreciationAndAmortization": "352500000", "incomeBeforeTax": "1762900000", "incomeTaxExpense": "710600000", "interestAndDebtExpense": "None", "netIncomeFromContinuingOperations": "0", "comprehensiveIncomeNetOfTax": "None", "ebit": "1895900000", "ebitda": "2248400000", "netIncome": "1049800000"}, {"fiscalDateEnding": "2009-09-30", "reportedCurrency": "USD", "grossProfit": "5012000000", "totalRevenue": "24642000000", "costOfRevenue": "19630000000", "costofGoodsAndServicesSold": "19630000000", "operatingIncome": "1566000000", "sellingGeneralAndAdministrative": "3445800000", "researchAndDevelopment": "0", "operatingExpenses": "3446000000", "investmentIncomeNet": "None", "netInterestIncome": "None", "interestIncome": "None", "interestExpense": "124000000", "nonInterestIncome": "None", "otherNonOperatingIncome": "None", "depreciation": "None", "depreciationAndAmortization": "301000000", "incomeBeforeTax": "1443000000", "incomeTaxExpense": "420000000", "interestAndDebtExpense": "None", "netIncomeFromContinuingOperations": "1023100000", "comprehensiveIncomeNetOfTax": "None", "ebit": "1567000000", "ebitda": "1868000000", "netIncome": "1021000000"}, {"fiscalDateEnding": "2009-06-30", "reportedCurrency": "USD", "grossProfit": "5052000000", "totalRevenue": "24871000000", "costOfRevenue": "19819000000", "costofGoodsAndServicesSold": "19819000000", "operatingIncome": "1600000000", "sellingGeneralAndAdministrative": "3452400000", "researchAndDevelopment": "0", "operatingExpenses": "3452000000", "investmentIncomeNet": "None", "netInterestIncome": "None", "interestIncome": "None", "interestExpense": "129000000", "nonInterestIncome": "None", "otherNonOperatingIncome": "None", "depreciation": "None", "depreciationAndAmortization": "382000000", "incomeBeforeTax": "1472000000", "incomeTaxExpense": "583000000", "interestAndDebtExpense": "None", "netIncomeFromContinuingOperations": "889100000", "comprehensiveIncomeNetOfTax": "None", "ebit": "1601000000", "ebitda": "1983000000", "netIncome": "886000000"}, {"fiscalDateEnding": "2009-03-31", "reportedCurrency": "USD", "grossProfit": "4748000000", "totalRevenue": "23394000000", "costOfRevenue": "18646000000", "costofGoodsAndServicesSold": "18646000000", "operatingIncome": "1377000000", "sellingGeneralAndAdministrative": "3370800000", "researchAndDevelopment": "0", "operatingExpenses": "3371000000", "investmentIncomeNet": "None", "netInterestIncome": "None", "interestIncome": "None", "interestExpense": "144000000", "nonInterestIncome": "None", "otherNonOperatingIncome": "None", "depreciation": "None", "depreciationAndAmortization": "354000000", "incomeBeforeTax": "1235000000", "incomeTaxExpense": "492000000", "interestAndDebtExpense": "None", "netIncomeFromContinuingOperations": "0", "comprehensiveIncomeNetOfTax": "None", "ebit": "1379000000", "ebitda": "1733000000", "netIncome": "738000000"}, {"fiscalDateEnding": "2008-12-31", "reportedCurrency": "USD", "grossProfit": "5223600000", "totalRevenue": "24142200000", "costOfRevenue": "18918600000", "costofGoodsAndServicesSold": "18918600000", "operatingIncome": "1731800000", "sellingGeneralAndAdministrative": "3491800000", "researchAndDevelopment": "0", "operatingExpenses": "3491800000", "investmentIncomeNet": "None", "netInterestIncome": "None", "interestIncome": "None", "interestExpense": "157100000", "nonInterestIncome": "None", "otherNonOperatingIncome": "None", "depreciation": "None", "depreciationAndAmortization": "354000000", "incomeBeforeTax": "1580600000", "incomeTaxExpense": "627300000", "interestAndDebtExpense": "None", "netIncomeFromContinuingOperations": "0", "comprehensiveIncomeNetOfTax": "None", "ebit": "1731800000", "ebitda": "2085800000", "netIncome": "952800000"}, {"fiscalDateEnding": "2008-09-30", "reportedCurrency": "USD", "grossProfit": "4400600000", "totalRevenue": "20863400000", "costOfRevenue": "16462800000", "costofGoodsAndServicesSold": "16462800000", "operatingIncome": "1466200000", "sellingGeneralAndAdministrative": "2934000000", "researchAndDevelopment": "0", "operatingExpenses": "2934400000", "investmentIncomeNet": "None", "netInterestIncome": "None", "interestIncome": "None", "interestExpense": "117000000", "nonInterestIncome": "None", "otherNonOperatingIncome": "None", "depreciation": "None", "depreciationAndAmortization": "310900000", "incomeBeforeTax": "1353500000", "incomeTaxExpense": "534700000", "interestAndDebtExpense": "None", "netIncomeFromContinuingOperations": "0", "comprehensiveIncomeNetOfTax": "None", "ebit": "1470500000", "ebitda": "1781400000", "netIncome": "736000000"}, {"fiscalDateEnding": "2008-06-30", "reportedCurrency": "USD", "grossProfit": "4373200000", "totalRevenue": "21140300000", "costOfRevenue": "16767100000", "costofGoodsAndServicesSold": "16767100000", "operatingIncome": "1478100000", "sellingGeneralAndAdministrative": "2895000000", "researchAndDevelopment": "0", "operatingExpenses": "2895100000", "investmentIncomeNet": "None", "netInterestIncome": "None", "interestIncome": "None", "interestExpense": "118500000", "nonInterestIncome": "None", "otherNonOperatingIncome": "None", "depreciation": "None", "depreciationAndAmortization": "310000000", "incomeBeforeTax": "1363400000", "incomeTaxExpense": "539900000", "interestAndDebtExpense": "None", "netIncomeFromContinuingOperations": "0", "comprehensiveIncomeNetOfTax": "None", "ebit": "1481900000", "ebitda": "1791900000", "netIncome": "774800000"}, {"fiscalDateEnding": "2008-03-31", "reportedCurrency": "USD", "grossProfit": "4293000000", "totalRevenue": "21326000000", "costOfRevenue": "17033000000", "costofGoodsAndServicesSold": "17033000000", "operatingIncome": "1370100000", "sellingGeneralAndAdministrative": "2923000000", "researchAndDevelopment": "0", "operatingExpenses": "2922900000", "investmentIncomeNet": "None", "netInterestIncome": "None", "interestIncome": "None", "interestExpense": "130000000", "nonInterestIncome": "None", "otherNonOperatingIncome": "None", "depreciation": "None", "depreciationAndAmortization": "299300000", "incomeBeforeTax": "1239200000", "incomeTaxExpense": "490700000", "interestAndDebtExpense": "None", "netIncomeFromContinuingOperations": "0", "comprehensiveIncomeNetOfTax": "None", "ebit": "1370100000", "ebitda": "1669400000", "netIncome": "748500000"}, {"fiscalDateEnding": "2007-12-31", "reportedCurrency": "USD", "grossProfit": "4450800000", "totalRevenue": "21942400000", "costOfRevenue": "17491600000", "costofGoodsAndServicesSold": "17491600000", "operatingIncome": "1475900000", "sellingGeneralAndAdministrative": "2975000000", "researchAndDevelopment": "0", "operatingExpenses": "2974900000", "investmentIncomeNet": "None", "netInterestIncome": "None", "interestIncome": "None", "interestExpense": "137000000", "nonInterestIncome": "None", "otherNonOperatingIncome": "None", "depreciation": "None", "depreciationAndAmortization": "276100000", "incomeBeforeTax": "1338600000", "incomeTaxExpense": "523600000", "interestAndDebtExpense": "None", "netIncomeFromContinuingOperations": "0", "comprehensiveIncomeNetOfTax": "None", "ebit": "1475900000", "ebitda": "1752000000", "netIncome": "815000000"}, {"fiscalDateEnding": "2007-09-30", "reportedCurrency": "USD", "grossProfit": "4195200000", "totalRevenue": "20495200000", "costOfRevenue": "16300000000", "costofGoodsAndServicesSold": "16300000000", "operatingIncome": "1271100000", "sellingGeneralAndAdministrative": "2924000000", "researchAndDevelopment": "0", "operatingExpenses": "2924100000", "investmentIncomeNet": "None", "netInterestIncome": "None", "interestIncome": "None", "interestExpense": "128000000", "nonInterestIncome": "None", "otherNonOperatingIncome": "None", "depreciation": "None", "depreciationAndAmortization": "301700000", "incomeBeforeTax": "1143600000", "incomeTaxExpense": "454100000", "interestAndDebtExpense": "None", "netIncomeFromContinuingOperations": "0", "comprehensiveIncomeNetOfTax": "None", "ebit": "1271100000", "ebitda": "1572800000", "netIncome": "689500000"}, {"fiscalDateEnding": "2007-06-30", "reportedCurrency": "USD", "grossProfit": "4158500000", "totalRevenue": "20703300000", "costOfRevenue": "16544800000", "costofGoodsAndServicesSold": "16544800000", "operatingIncome": "1309800000", "sellingGeneralAndAdministrative": "2848700000", "researchAndDevelopment": "0", "operatingExpenses": "2848700000", "investmentIncomeNet": "None", "netInterestIncome": "None", "interestIncome": "None", "interestExpense": "113800000", "nonInterestIncome": "None", "otherNonOperatingIncome": "None", "depreciation": "None", "depreciationAndAmortization": "308000000", "incomeBeforeTax": "1203900000", "incomeTaxExpense": "480300000", "interestAndDebtExpense": "None", "netIncomeFromContinuingOperations": "0", "comprehensiveIncomeNetOfTax": "None", "ebit": "1309800000", "ebitda": "1617800000", "netIncome": "723600000"}, {"fiscalDateEnding": "2007-03-31", "reportedCurrency": "USD", "grossProfit": "3349200000", "totalRevenue": "13184600000", "costOfRevenue": "9835400000", "costofGoodsAndServicesSold": "9835400000", "operatingIncome": "736500000", "sellingGeneralAndAdministrative": "2403900000", "researchAndDevelopment": "0", "operatingExpenses": "2612700000", "investmentIncomeNet": "None", "netInterestIncome": "None", "interestIncome": "None", "interestExpense": "71600000", "nonInterestIncome": "None", "otherNonOperatingIncome": "None", "depreciation": "None", "depreciationAndAmortization": "208800000", "incomeBeforeTax": "672600000", "incomeTaxExpense": "263700000", "interestAndDebtExpense": "None", "netIncomeFromContinuingOperations": "0", "comprehensiveIncomeNetOfTax": "None", "ebit": "736500000", "ebitda": "945300000", "netIncome": "408900000"}, {"fiscalDateEnding": "2006-12-31", "reportedCurrency": "USD", "grossProfit": "3365300000", "totalRevenue": "12066300000", "costOfRevenue": "8701000000", "costofGoodsAndServicesSold": "8701000000", "operatingIncome": "749300000", "sellingGeneralAndAdministrative": "2568000000", "researchAndDevelopment": "0", "operatingExpenses": "2616000000", "investmentIncomeNet": "None", "netInterestIncome": "None", "interestIncome": "None", "interestExpense": "81000000", "nonInterestIncome": "None", "otherNonOperatingIncome": "None", "depreciation": "None", "depreciationAndAmortization": "201400000", "incomeBeforeTax": "668200000", "incomeTaxExpense": "251000000", "interestAndDebtExpense": "None", "netIncomeFromContinuingOperations": "0", "comprehensiveIncomeNetOfTax": "None", "ebit": "749300000", "ebitda": "950700000", "netIncome": "417200000"}, {"fiscalDateEnding": "2006-09-30", "reportedCurrency": "USD", "grossProfit": "3035600000", "totalRevenue": "11208800000", "costOfRevenue": "8173200000", "costofGoodsAndServicesSold": "8173200000", "operatingIncome": "536800000", "sellingGeneralAndAdministrative": "2350100000", "researchAndDevelopment": "0", "operatingExpenses": "2498800000", "investmentIncomeNet": "None", "netInterestIncome": "None", "interestIncome": "None", "interestExpense": "79500000", "nonInterestIncome": "None", "otherNonOperatingIncome": "None", "depreciation": "None", "depreciationAndAmortization": "193400000", "incomeBeforeTax": "461600000", "incomeTaxExpense": "177400000", "interestAndDebtExpense": "None", "netIncomeFromContinuingOperations": "0", "comprehensiveIncomeNetOfTax": "None", "ebit": "536800000", "ebitda": "730200000", "netIncome": "284200000"}, {"fiscalDateEnding": "2006-06-30", "reportedCurrency": "USD", "grossProfit": "2794700000", "totalRevenue": "10564400000", "costOfRevenue": "7769700000", "costofGoodsAndServicesSold": "7769700000", "operatingIncome": "595000000", "sellingGeneralAndAdministrative": "2200000000", "researchAndDevelopment": "0", "operatingExpenses": "2199700000", "investmentIncomeNet": "None", "netInterestIncome": "None", "interestIncome": "None", "interestExpense": "38000000", "nonInterestIncome": "None", "otherNonOperatingIncome": "None", "depreciation": "None", "depreciationAndAmortization": "183100000", "incomeBeforeTax": "556600000", "incomeTaxExpense": "218700000", "interestAndDebtExpense": "None", "netIncomeFromContinuingOperations": "0", "comprehensiveIncomeNetOfTax": "None", "ebit": "595000000", "ebitda": "778100000", "netIncome": "337900000"}, {"fiscalDateEnding": "2006-03-31", "reportedCurrency": "USD", "grossProfit": "2649000000", "totalRevenue": "9979200000", "costOfRevenue": "7330200000", "costofGoodsAndServicesSold": "7330200000", "operatingIncome": "560500000", "sellingGeneralAndAdministrative": "2034000000", "researchAndDevelopment": "0", "operatingExpenses": "2088500000", "investmentIncomeNet": "None", "netInterestIncome": "None", "interestIncome": "None", "interestExpense": "21000000", "nonInterestIncome": "None", "otherNonOperatingIncome": "None", "depreciation": "None", "depreciationAndAmortization": "155400000", "incomeBeforeTax": "539400000", "incomeTaxExpense": "209800000", "interestAndDebtExpense": "None", "netIncomeFromContinuingOperations": "0", "comprehensiveIncomeNetOfTax": "None", "ebit": "560500000", "ebitda": "715900000", "netIncome": "329600000"}, {"fiscalDateEnding": "2005-12-31", "reportedCurrency": "USD", "grossProfit": "2702000000", "totalRevenue": "9732000000", "costOfRevenue": "7030000000", "costofGoodsAndServicesSold": "7030000000", "operatingIncome": "603100000", "sellingGeneralAndAdministrative": "1943000000", "researchAndDevelopment": "0", "operatingExpenses": "2098900000", "investmentIncomeNet": "None", "netInterestIncome": "None", "interestIncome": "None", "interestExpense": "28700000", "nonInterestIncome": "None", "otherNonOperatingIncome": "None", "depreciation": "None", "depreciationAndAmortization": "155900000", "incomeBeforeTax": "576200000", "incomeTaxExpense": "169800000", "interestAndDebtExpense": "None", "netIncomeFromContinuingOperations": "0", "comprehensiveIncomeNetOfTax": "None", "ebit": "603100000", "ebitda": "759000000", "netIncome": "406400000"}, {"fiscalDateEnding": "2005-09-30", "reportedCurrency": "USD", "grossProfit": "2401000000", "totalRevenue": "8970400000", "costOfRevenue": "6569400000", "costofGoodsAndServicesSold": "6569400000", "operatingIncome": "438900000", "sellingGeneralAndAdministrative": "1814000000", "researchAndDevelopment": "0", "operatingExpenses": "1962100000", "investmentIncomeNet": "None", "netInterestIncome": "None", "interestIncome": "None", "interestExpense": "27000000", "nonInterestIncome": "None", "otherNonOperatingIncome": "None", "depreciation": "None", "depreciationAndAmortization": "147700000", "incomeBeforeTax": "411600000", "incomeTaxExpense": "158900000", "interestAndDebtExpense": "None", "netIncomeFromContinuingOperations": "0", "comprehensiveIncomeNetOfTax": "None", "ebit": "438900000", "ebitda": "586600000", "netIncome": "252700000"}, {"fiscalDateEnding": "2005-06-30", "reportedCurrency": "USD", "grossProfit": "2417400000", "totalRevenue": "9121600000", "costOfRevenue": "6704200000", "costofGoodsAndServicesSold": "6704200000", "operatingIncome": "477700000", "sellingGeneralAndAdministrative": "1792000000", "researchAndDevelopment": "0", "operatingExpenses": "1939700000", "investmentIncomeNet": "None", "netInterestIncome": "None", "interestIncome": "None", "interestExpense": "28000000", "nonInterestIncome": "None", "otherNonOperatingIncome": "None", "depreciation": "None", "depreciationAndAmortization": "147600000", "incomeBeforeTax": "449400000", "incomeTaxExpense": "173500000", "interestAndDebtExpense": "None", "netIncomeFromContinuingOperations": "0", "comprehensiveIncomeNetOfTax": "None", "ebit": "477700000", "ebitda": "625300000", "netIncome": "275900000"}, {"fiscalDateEnding": "2005-03-31", "reportedCurrency": "USD", "grossProfit": "2380800000", "totalRevenue": "9182200000", "costOfRevenue": "6801400000", "costofGoodsAndServicesSold": "6801400000", "operatingIncome": "499800000", "sellingGeneralAndAdministrative": "1743000000", "researchAndDevelopment": "0", "operatingExpenses": "1881000000", "investmentIncomeNet": "None", "netInterestIncome": "None", "interestIncome": "None", "interestExpense": "28000000", "nonInterestIncome": "None", "otherNonOperatingIncome": "None", "depreciation": "None", "depreciationAndAmortization": "137900000", "incomeBeforeTax": "471800000", "incomeTaxExpense": "182100000", "interestAndDebtExpense": "None", "netIncomeFromContinuingOperations": "0", "comprehensiveIncomeNetOfTax": "None", "ebit": "499800000", "ebitda": "637700000", "netIncome": "289700000"}, {"fiscalDateEnding": "2004-12-31", "reportedCurrency": "USD", "grossProfit": "2362200000", "totalRevenue": "8923200000", "costOfRevenue": "6561000000", "costofGoodsAndServicesSold": "6561000000", "operatingIncome": "345900000", "sellingGeneralAndAdministrative": "1828000000", "researchAndDevelopment": "0", "operatingExpenses": "2016300000", "investmentIncomeNet": "None", "netInterestIncome": "None", "interestIncome": "None", "interestExpense": "29000000", "nonInterestIncome": "None", "otherNonOperatingIncome": "None", "depreciation": "None", "depreciationAndAmortization": "131800000", "incomeBeforeTax": "317200000", "incomeTaxExpense": "62100000", "interestAndDebtExpense": "None", "netIncomeFromContinuingOperations": "0", "comprehensiveIncomeNetOfTax": "None", "ebit": "402800000", "ebitda": "534600000", "netIncome": "255100000"}]}