{"symbol": "IDXX", "annualReports": [{"fiscalDateEnding": "2024-12-31", "reportedCurrency": "USD", "grossProfit": "2378927000", "totalRevenue": "3897504000", "costOfRevenue": "1518577000", "costofGoodsAndServicesSold": "1518577000", "operatingIncome": "1128337000", "sellingGeneralAndAdministrative": "442291000", "researchAndDevelopment": "219792000", "operatingExpenses": "1250590000", "investmentIncomeNet": "None", "netInterestIncome": "-18506000", "interestIncome": "12699000", "interestExpense": "31205000", "nonInterestIncome": "None", "otherNonOperatingIncome": "None", "depreciation": "None", "depreciationAndAmortization": "129936000", "incomeBeforeTax": "1109831000", "incomeTaxExpense": "221964000", "interestAndDebtExpense": "None", "netIncomeFromContinuingOperations": "887867000", "comprehensiveIncomeNetOfTax": "None", "ebit": "1141036000", "ebitda": "1270972000", "netIncome": "887867000"}, {"fiscalDateEnding": "2023-12-31", "reportedCurrency": "USD", "grossProfit": "2189970000", "totalRevenue": "3660953000", "costOfRevenue": "1470983000", "costofGoodsAndServicesSold": "1470983000", "operatingIncome": "1097128000", "sellingGeneralAndAdministrative": "335825000", "researchAndDevelopment": "190951000", "operatingExpenses": "1092842000", "investmentIncomeNet": "None", "netInterestIncome": "-43630000", "interestIncome": "2233000", "interestExpense": "35952000", "nonInterestIncome": "None", "otherNonOperatingIncome": "None", "depreciation": "None", "depreciationAndAmortization": "114908000", "incomeBeforeTax": "1061176000", "incomeTaxExpense": "216134000", "interestAndDebtExpense": "None", "netIncomeFromContinuingOperations": "822728000", "comprehensiveIncomeNetOfTax": "None", "ebit": "1097128000", "ebitda": "1097128000", "netIncome": "845042000"}, {"fiscalDateEnding": "2022-12-31", "reportedCurrency": "USD", "grossProfit": "2004338000", "totalRevenue": "3367324000", "costOfRevenue": "1362986000", "costofGoodsAndServicesSold": "1362986000", "operatingIncome": "898765000", "sellingGeneralAndAdministrative": "326248000", "researchAndDevelopment": "254820000", "operatingExpenses": "1105573000", "investmentIncomeNet": "None", "netInterestIncome": "-38793000", "interestIncome": "1065000", "interestExpense": "38793000", "nonInterestIncome": "None", "otherNonOperatingIncome": "1065000", "depreciation": "None", "depreciationAndAmortization": "111900000", "incomeBeforeTax": "859972000", "incomeTaxExpense": "180883000", "interestAndDebtExpense": "None", "netIncomeFromContinuingOperations": "679089000", "comprehensiveIncomeNetOfTax": "None", "ebit": "898765000", "ebitda": "1010665000", "netIncome": "679089000"}, {"fiscalDateEnding": "2021-12-31", "reportedCurrency": "USD", "grossProfit": "1889432000", "totalRevenue": "3215360000", "costOfRevenue": "1325928000", "costofGoodsAndServicesSold": "1325928000", "operatingIncome": "932028000", "sellingGeneralAndAdministrative": "309660000", "researchAndDevelopment": "161009000", "operatingExpenses": "957404000", "investmentIncomeNet": "None", "netInterestIncome": "-29374000", "interestIncome": "434000", "interestExpense": "29374000", "nonInterestIncome": "None", "otherNonOperatingIncome": "434000", "depreciation": "None", "depreciationAndAmortization": "104596000", "incomeBeforeTax": "902654000", "incomeTaxExpense": "157810000", "interestAndDebtExpense": "None", "netIncomeFromContinuingOperations": "744844000", "comprehensiveIncomeNetOfTax": "None", "ebit": "932028000", "ebitda": "1036624000", "netIncome": "744845000"}, {"fiscalDateEnding": "2020-12-31", "reportedCurrency": "USD", "grossProfit": "1571040000", "totalRevenue": "2706655000", "costOfRevenue": "1135615000", "costofGoodsAndServicesSold": "1135615000", "operatingIncome": "694524000", "sellingGeneralAndAdministrative": "300832000", "researchAndDevelopment": "141249000", "operatingExpenses": "876516000", "investmentIncomeNet": "None", "netInterestIncome": "-32539000", "interestIncome": "586000", "interestExpense": "32539000", "nonInterestIncome": "None", "otherNonOperatingIncome": "586000", "depreciation": "None", "depreciationAndAmortization": "95998000", "incomeBeforeTax": "661985000", "incomeTaxExpense": "79854000", "interestAndDebtExpense": "None", "netIncomeFromContinuingOperations": "582131000", "comprehensiveIncomeNetOfTax": "None", "ebit": "694524000", "ebitda": "790522000", "netIncome": "581776000"}, {"fiscalDateEnding": "2019-12-31", "reportedCurrency": "USD", "grossProfit": "1365549000", "totalRevenue": "2406908000", "costOfRevenue": "1041359000", "costofGoodsAndServicesSold": "1041359000", "operatingIncome": "552846000", "sellingGeneralAndAdministrative": "261317000", "researchAndDevelopment": "133193000", "operatingExpenses": "812703000", "investmentIncomeNet": "None", "netInterestIncome": "-30628000", "interestIncome": "427000", "interestExpense": "30628000", "nonInterestIncome": "None", "otherNonOperatingIncome": "427000", "depreciation": "None", "depreciationAndAmortization": "88011000", "incomeBeforeTax": "522218000", "incomeTaxExpense": "94426000", "interestAndDebtExpense": "None", "netIncomeFromContinuingOperations": "427792000", "comprehensiveIncomeNetOfTax": "None", "ebit": "552846000", "ebitda": "640857000", "netIncome": "427720000"}, {"fiscalDateEnding": "2018-12-31", "reportedCurrency": "USD", "grossProfit": "1241542000", "totalRevenue": "2213242000", "costOfRevenue": "971700000", "costofGoodsAndServicesSold": "971700000", "operatingIncome": "491335000", "sellingGeneralAndAdministrative": "244938000", "researchAndDevelopment": "117863000", "operatingExpenses": "750207000", "investmentIncomeNet": "None", "netInterestIncome": "-33593000", "interestIncome": "1151000", "interestExpense": "33593000", "nonInterestIncome": "None", "otherNonOperatingIncome": "1151000", "depreciation": "None", "depreciationAndAmortization": "83178000", "incomeBeforeTax": "457742000", "incomeTaxExpense": "80695000", "interestAndDebtExpense": "None", "netIncomeFromContinuingOperations": "377047000", "comprehensiveIncomeNetOfTax": "None", "ebit": "491335000", "ebitda": "574513000", "netIncome": "377031000"}, {"fiscalDateEnding": "2017-12-31", "reportedCurrency": "USD", "grossProfit": "1097382000", "totalRevenue": "1969058000", "costOfRevenue": "871676000", "costofGoodsAndServicesSold": "871676000", "operatingIncome": "413028000", "sellingGeneralAndAdministrative": "220878000", "researchAndDevelopment": "109182000", "operatingExpenses": "684354000", "investmentIncomeNet": "None", "netInterestIncome": "-31971000", "interestIncome": "5254000", "interestExpense": "31971000", "nonInterestIncome": "None", "otherNonOperatingIncome": "5254000", "depreciation": "None", "depreciationAndAmortization": "83140000", "incomeBeforeTax": "381057000", "incomeTaxExpense": "117788000", "interestAndDebtExpense": "None", "netIncomeFromContinuingOperations": "263269000", "comprehensiveIncomeNetOfTax": "None", "ebit": "413028000", "ebitda": "496168000", "netIncome": "263144000"}, {"fiscalDateEnding": "2016-12-31", "reportedCurrency": "USD", "grossProfit": "975436000", "totalRevenue": "1775423000", "costOfRevenue": "799987000", "costofGoodsAndServicesSold": "799987000", "operatingIncome": "350239000", "sellingGeneralAndAdministrative": "207017000", "researchAndDevelopment": "101122000", "operatingExpenses": "625197000", "investmentIncomeNet": "None", "netInterestIncome": "-28393000", "interestIncome": "3656000", "interestExpense": "28393000", "nonInterestIncome": "None", "otherNonOperatingIncome": "3656000", "depreciation": "None", "depreciationAndAmortization": "78218000", "incomeBeforeTax": "321846000", "incomeTaxExpense": "99792000", "interestAndDebtExpense": "None", "netIncomeFromContinuingOperations": "222054000", "comprehensiveIncomeNetOfTax": "None", "ebit": "350239000", "ebitda": "428457000", "netIncome": "222045000"}, {"fiscalDateEnding": "2015-12-31", "reportedCurrency": "USD", "grossProfit": "890270000", "totalRevenue": "1601892000", "costOfRevenue": "711622000", "costofGoodsAndServicesSold": "711622000", "operatingIncome": "299912000", "sellingGeneralAndAdministrative": "182510000", "researchAndDevelopment": "99681000", "operatingExpenses": "582146000", "investmentIncomeNet": "None", "netInterestIncome": "None", "interestIncome": "26771000", "interestExpense": "26771000", "nonInterestIncome": "None", "otherNonOperatingIncome": "2468000", "depreciation": "None", "depreciationAndAmortization": "68956000", "incomeBeforeTax": "273141000", "incomeTaxExpense": "81006000", "interestAndDebtExpense": "None", "netIncomeFromContinuingOperations": "192135000", "comprehensiveIncomeNetOfTax": "None", "ebit": "301338000", "ebitda": "370294000", "netIncome": "192078000"}, {"fiscalDateEnding": "2014-12-31", "reportedCurrency": "USD", "grossProfit": "816116000", "totalRevenue": "1485807000", "costOfRevenue": "669691000", "costofGoodsAndServicesSold": "669691000", "operatingIncome": "260255000", "sellingGeneralAndAdministrative": "173890000", "researchAndDevelopment": "98263000", "operatingExpenses": "555861000", "investmentIncomeNet": "None", "netInterestIncome": "None", "interestIncome": "None", "interestExpense": "13700000", "nonInterestIncome": "None", "otherNonOperatingIncome": "1729000", "depreciation": "None", "depreciationAndAmortization": "58888000", "incomeBeforeTax": "246555000", "incomeTaxExpense": "64604000", "interestAndDebtExpense": "None", "netIncomeFromContinuingOperations": "181951000", "comprehensiveIncomeNetOfTax": "None", "ebit": "260255000", "ebitda": "319143000", "netIncome": "181906000"}, {"fiscalDateEnding": "2013-12-31", "reportedCurrency": "USD", "grossProfit": "756118000", "totalRevenue": "1377058000", "costOfRevenue": "620940000", "costofGoodsAndServicesSold": "620940000", "operatingIncome": "266762000", "sellingGeneralAndAdministrative": "157861000", "researchAndDevelopment": "88003000", "operatingExpenses": "489356000", "investmentIncomeNet": "None", "netInterestIncome": "None", "interestIncome": "None", "interestExpense": "3501000", "nonInterestIncome": "None", "otherNonOperatingIncome": "1885000", "depreciation": "None", "depreciationAndAmortization": "54596000", "incomeBeforeTax": "263261000", "incomeTaxExpense": "75467000", "interestAndDebtExpense": "None", "netIncomeFromContinuingOperations": "187794000", "comprehensiveIncomeNetOfTax": "None", "ebit": "266762000", "ebitda": "321358000", "netIncome": "187800000"}, {"fiscalDateEnding": "2012-12-31", "reportedCurrency": "USD", "grossProfit": "699148000", "totalRevenue": "1293338000", "costOfRevenue": "594190000", "costofGoodsAndServicesSold": "594190000", "operatingIncome": "262563000", "sellingGeneralAndAdministrative": "137609000", "researchAndDevelopment": "82014000", "operatingExpenses": "436585000", "investmentIncomeNet": "None", "netInterestIncome": "None", "interestIncome": "None", "interestExpense": "1946000", "nonInterestIncome": "None", "otherNonOperatingIncome": "1902000", "depreciation": "None", "depreciationAndAmortization": "52408000", "incomeBeforeTax": "260617000", "incomeTaxExpense": "82330000", "interestAndDebtExpense": "None", "netIncomeFromContinuingOperations": "178287000", "comprehensiveIncomeNetOfTax": "None", "ebit": "262563000", "ebitda": "314971000", "netIncome": "178267000"}, {"fiscalDateEnding": "2011-12-31", "reportedCurrency": "USD", "grossProfit": "646506000", "totalRevenue": "1218689000", "costOfRevenue": "572183000", "costofGoodsAndServicesSold": "572183000", "operatingIncome": "236225000", "sellingGeneralAndAdministrative": "129389000", "researchAndDevelopment": "76042000", "operatingExpenses": "410281000", "investmentIncomeNet": "None", "netInterestIncome": "None", "interestIncome": "None", "interestExpense": "1803000", "nonInterestIncome": "None", "otherNonOperatingIncome": "None", "depreciation": "None", "depreciationAndAmortization": "48202000", "incomeBeforeTax": "234422000", "incomeTaxExpense": "72668000", "interestAndDebtExpense": "None", "netIncomeFromContinuingOperations": "307090000", "comprehensiveIncomeNetOfTax": "None", "ebit": "236225000", "ebitda": "284427000", "netIncome": "161786000"}, {"fiscalDateEnding": "2010-12-31", "reportedCurrency": "USD", "grossProfit": "578623000", "totalRevenue": "1103392000", "costOfRevenue": "524769000", "costofGoodsAndServicesSold": "524769000", "operatingIncome": "203881000", "sellingGeneralAndAdministrative": "126519000", "researchAndDevelopment": "68597000", "operatingExpenses": "374742000", "investmentIncomeNet": "None", "netInterestIncome": "None", "interestIncome": "None", "interestExpense": "1752000", "nonInterestIncome": "None", "otherNonOperatingIncome": "None", "depreciation": "None", "depreciationAndAmortization": "45956000", "incomeBeforeTax": "202129000", "incomeTaxExpense": "60809000", "interestAndDebtExpense": "None", "netIncomeFromContinuingOperations": "141320000", "comprehensiveIncomeNetOfTax": "None", "ebit": "203881000", "ebitda": "249837000", "netIncome": "141284000"}, {"fiscalDateEnding": "2009-12-31", "reportedCurrency": "USD", "grossProfit": "526281000", "totalRevenue": "1031633000", "costOfRevenue": "505352000", "costofGoodsAndServicesSold": "505352000", "operatingIncome": "175969000", "sellingGeneralAndAdministrative": "117440000", "researchAndDevelopment": "65124000", "operatingExpenses": "350312000", "investmentIncomeNet": "None", "netInterestIncome": "None", "interestIncome": "None", "interestExpense": "1430000", "nonInterestIncome": "None", "otherNonOperatingIncome": "None", "depreciation": "None", "depreciationAndAmortization": "49773000", "incomeBeforeTax": "174539000", "incomeTaxExpense": "52304000", "interestAndDebtExpense": "None", "netIncomeFromContinuingOperations": "None", "comprehensiveIncomeNetOfTax": "None", "ebit": "175969000", "ebitda": "225742000", "netIncome": "122225000"}, {"fiscalDateEnding": "2008-12-31", "reportedCurrency": "USD", "grossProfit": "529766000", "totalRevenue": "1024030000", "costOfRevenue": "494264000", "costofGoodsAndServicesSold": "494264000", "operatingIncome": "172456000", "sellingGeneralAndAdministrative": "115586000", "researchAndDevelopment": "70552000", "operatingExpenses": "357310000", "investmentIncomeNet": "None", "netInterestIncome": "None", "interestIncome": "None", "interestExpense": "4589000", "nonInterestIncome": "None", "otherNonOperatingIncome": "None", "depreciation": "None", "depreciationAndAmortization": "48819000", "incomeBeforeTax": "170187000", "incomeTaxExpense": "54018000", "interestAndDebtExpense": "None", "netIncomeFromContinuingOperations": "None", "comprehensiveIncomeNetOfTax": "None", "ebit": "172456000", "ebitda": "221275000", "netIncome": "116169000"}, {"fiscalDateEnding": "2007-12-31", "reportedCurrency": "USD", "grossProfit": "463522000", "totalRevenue": "922555000", "costOfRevenue": "459033000", "costofGoodsAndServicesSold": "459033000", "operatingIncome": "136183000", "sellingGeneralAndAdministrative": "108119000", "researchAndDevelopment": "67338000", "operatingExpenses": "327339000", "investmentIncomeNet": "None", "netInterestIncome": "None", "interestIncome": "None", "interestExpense": "4179000", "nonInterestIncome": "None", "otherNonOperatingIncome": "None", "depreciation": "None", "depreciationAndAmortization": "41100000", "incomeBeforeTax": "134843000", "incomeTaxExpense": "40829000", "interestAndDebtExpense": "None", "netIncomeFromContinuingOperations": "None", "comprehensiveIncomeNetOfTax": "None", "ebit": "136183000", "ebitda": "177283000", "netIncome": "94014000"}, {"fiscalDateEnding": "2006-12-31", "reportedCurrency": "USD", "grossProfit": "379529000", "totalRevenue": "739117000", "costOfRevenue": "359588000", "costofGoodsAndServicesSold": "359588000", "operatingIncome": "127933000", "sellingGeneralAndAdministrative": "82097000", "researchAndDevelopment": "53617000", "operatingExpenses": "251596000", "investmentIncomeNet": "None", "netInterestIncome": "None", "interestIncome": "None", "interestExpense": "462000", "nonInterestIncome": "None", "otherNonOperatingIncome": "None", "depreciation": "None", "depreciationAndAmortization": "29816000", "incomeBeforeTax": "130750000", "incomeTaxExpense": "37224000", "interestAndDebtExpense": "None", "netIncomeFromContinuingOperations": "None", "comprehensiveIncomeNetOfTax": "None", "ebit": "127933000", "ebitda": "157749000", "netIncome": "93678000"}, {"fiscalDateEnding": "2005-12-31", "reportedCurrency": "USD", "grossProfit": "322900000", "totalRevenue": "638095000", "costOfRevenue": "315195000", "costofGoodsAndServicesSold": "315195000", "operatingIncome": "115331000", "sellingGeneralAndAdministrative": "64631000", "researchAndDevelopment": "40948000", "operatingExpenses": "207569000", "investmentIncomeNet": "None", "netInterestIncome": "None", "interestIncome": "None", "interestExpense": "0", "nonInterestIncome": "None", "otherNonOperatingIncome": "None", "depreciation": "None", "depreciationAndAmortization": "24369000", "incomeBeforeTax": "118472000", "incomeTaxExpense": "40670000", "interestAndDebtExpense": "None", "netIncomeFromContinuingOperations": "None", "comprehensiveIncomeNetOfTax": "None", "ebit": "115331000", "ebitda": "139700000", "netIncome": "78254000"}], "quarterlyReports": [{"fiscalDateEnding": "2024-12-31", "reportedCurrency": "USD", "grossProfit": "570660000", "totalRevenue": "954288000", "costOfRevenue": "383628000", "costofGoodsAndServicesSold": "383628000", "operatingIncome": "261686000", "sellingGeneralAndAdministrative": "101137000", "researchAndDevelopment": "57729000", "operatingExpenses": "308974000", "investmentIncomeNet": "None", "netInterestIncome": "-5299000", "interestIncome": "2199000", "interestExpense": "7498000", "nonInterestIncome": "None", "otherNonOperatingIncome": "None", "depreciation": "None", "depreciationAndAmortization": "33706000", "incomeBeforeTax": "256387000", "incomeTaxExpense": "40238000", "interestAndDebtExpense": "None", "netIncomeFromContinuingOperations": "216149000", "comprehensiveIncomeNetOfTax": "None", "ebit": "263885000", "ebitda": "297591000", "netIncome": "216149000"}, {"fiscalDateEnding": "2024-09-30", "reportedCurrency": "USD", "grossProfit": "596038000", "totalRevenue": "975543000", "costOfRevenue": "379505000", "costofGoodsAndServicesSold": "379505000", "operatingIncome": "303892000", "sellingGeneralAndAdministrative": "91887000", "researchAndDevelopment": "53978000", "operatingExpenses": "292146000", "investmentIncomeNet": "None", "netInterestIncome": "-4983000", "interestIncome": "2714000", "interestExpense": "7697000", "nonInterestIncome": "None", "otherNonOperatingIncome": "None", "depreciation": "None", "depreciationAndAmortization": "34133000", "incomeBeforeTax": "298909000", "incomeTaxExpense": "66068000", "interestAndDebtExpense": "None", "netIncomeFromContinuingOperations": "232841000", "comprehensiveIncomeNetOfTax": "None", "ebit": "307866000", "ebitda": "341999000", "netIncome": "232841000"}, {"fiscalDateEnding": "2024-06-30", "reportedCurrency": "USD", "grossProfit": "620880000", "totalRevenue": "1003578000", "costOfRevenue": "382698000", "costofGoodsAndServicesSold": "382698000", "operatingIncome": "265522000", "sellingGeneralAndAdministrative": "157243000", "researchAndDevelopment": "55450000", "operatingExpenses": "355358000", "investmentIncomeNet": "None", "netInterestIncome": "-4745000", "interestIncome": "3354000", "interestExpense": "8099000", "nonInterestIncome": "None", "otherNonOperatingIncome": "None", "depreciation": "None", "depreciationAndAmortization": "32192999", "incomeBeforeTax": "259055999", "incomeTaxExpense": "55758000", "interestAndDebtExpense": "None", "netIncomeFromContinuingOperations": "203298000", "comprehensiveIncomeNetOfTax": "None", "ebit": "268534001", "ebitda": "300727000", "netIncome": "203298000"}, {"fiscalDateEnding": "2024-03-31", "reportedCurrency": "USD", "grossProfit": "593070000", "totalRevenue": "964095000", "costOfRevenue": "371025000", "costofGoodsAndServicesSold": "371025000", "operatingIncome": "298958000", "sellingGeneralAndAdministrative": "92024000", "researchAndDevelopment": "52635000", "operatingExpenses": "294112000", "investmentIncomeNet": "None", "netInterestIncome": "-3479000", "interestIncome": "4432000", "interestExpense": "7911000", "nonInterestIncome": "None", "otherNonOperatingIncome": "None", "depreciation": "None", "depreciationAndAmortization": "29904000", "incomeBeforeTax": "295479000", "incomeTaxExpense": "59900000", "interestAndDebtExpense": "None", "netIncomeFromContinuingOperations": "235579000", "comprehensiveIncomeNetOfTax": "None", "ebit": "304647000", "ebitda": "334551000", "netIncome": "235579000"}, {"fiscalDateEnding": "2023-12-31", "reportedCurrency": "USD", "grossProfit": "526167000", "totalRevenue": "901601000", "costOfRevenue": "375434000", "costofGoodsAndServicesSold": "375434000", "operatingIncome": "245302000", "sellingGeneralAndAdministrative": "87021000", "researchAndDevelopment": "51812000", "operatingExpenses": "280865000", "investmentIncomeNet": "None", "netInterestIncome": "-5634000", "interestIncome": "3631000", "interestExpense": "9265000", "nonInterestIncome": "None", "otherNonOperatingIncome": "None", "depreciation": "None", "depreciationAndAmortization": "29737000", "incomeBeforeTax": "239668000", "incomeTaxExpense": "45147000", "interestAndDebtExpense": "None", "netIncomeFromContinuingOperations": "194521000", "comprehensiveIncomeNetOfTax": "None", "ebit": "247133000", "ebitda": "276870000", "netIncome": "194521000"}, {"fiscalDateEnding": "2023-09-30", "reportedCurrency": "USD", "grossProfit": "547982000", "totalRevenue": "915527000", "costOfRevenue": "367545000", "costofGoodsAndServicesSold": "367545000", "operatingIncome": "275283000", "sellingGeneralAndAdministrative": "89034000", "researchAndDevelopment": "47967000", "operatingExpenses": "272699000", "investmentIncomeNet": "None", "netInterestIncome": "-7392000", "interestIncome": "1255000", "interestExpense": "8647000", "nonInterestIncome": "None", "otherNonOperatingIncome": "None", "depreciation": "None", "depreciationAndAmortization": "28985000", "incomeBeforeTax": "267891000", "incomeTaxExpense": "55660000", "interestAndDebtExpense": "None", "netIncomeFromContinuingOperations": "212231000", "comprehensiveIncomeNetOfTax": "None", "ebit": "276838000", "ebitda": "305823000", "netIncome": "212231000"}, {"fiscalDateEnding": "2023-06-30", "reportedCurrency": "USD", "grossProfit": "572850000", "totalRevenue": "943630000", "costOfRevenue": "370780000", "costofGoodsAndServicesSold": "370780000", "operatingIncome": "296144000", "sellingGeneralAndAdministrative": "89669000", "researchAndDevelopment": "46505000", "operatingExpenses": "276706000", "investmentIncomeNet": "None", "netInterestIncome": "-10215000", "interestIncome": "327000", "interestExpense": "10215000", "nonInterestIncome": "None", "otherNonOperatingIncome": "327000", "depreciation": "None", "depreciationAndAmortization": "27855000", "incomeBeforeTax": "285929000", "incomeTaxExpense": "61693000", "interestAndDebtExpense": "None", "netIncomeFromContinuingOperations": "224236000", "comprehensiveIncomeNetOfTax": "None", "ebit": "297554000", "ebitda": "325409000", "netIncome": "224236000"}, {"fiscalDateEnding": "2023-03-31", "reportedCurrency": "USD", "grossProfit": "542971000", "totalRevenue": "900195000", "costOfRevenue": "357224000", "costofGoodsAndServicesSold": "357224000", "operatingIncome": "280399000", "sellingGeneralAndAdministrative": "70101000", "researchAndDevelopment": "44667000", "operatingExpenses": "262572000", "investmentIncomeNet": "None", "netInterestIncome": "-12711000", "interestIncome": "416000", "interestExpense": "12711000", "nonInterestIncome": "None", "otherNonOperatingIncome": "416000", "depreciation": "None", "depreciationAndAmortization": "28331000", "incomeBeforeTax": "267688000", "incomeTaxExpense": "53634000", "interestAndDebtExpense": "None", "netIncomeFromContinuingOperations": "214054000", "comprehensiveIncomeNetOfTax": "None", "ebit": "280815000", "ebitda": "309146000", "netIncome": "214054000"}, {"fiscalDateEnding": "2022-12-31", "reportedCurrency": "USD", "grossProfit": "484927000", "totalRevenue": "828568000", "costOfRevenue": "343641000", "costofGoodsAndServicesSold": "343641000", "operatingIncome": "226527000", "sellingGeneralAndAdministrative": "83047000", "researchAndDevelopment": "43418000", "operatingExpenses": "258400000", "investmentIncomeNet": "None", "netInterestIncome": "-13312000", "interestIncome": "235000", "interestExpense": "13312000", "nonInterestIncome": "None", "otherNonOperatingIncome": "235000", "depreciation": "None", "depreciationAndAmortization": "28720000", "incomeBeforeTax": "213215000", "incomeTaxExpense": "41008000", "interestAndDebtExpense": "None", "netIncomeFromContinuingOperations": "172207000", "comprehensiveIncomeNetOfTax": "None", "ebit": "227462000", "ebitda": "256182000", "netIncome": "172207000"}, {"fiscalDateEnding": "2022-09-30", "reportedCurrency": "USD", "grossProfit": "506626000", "totalRevenue": "841661000", "costOfRevenue": "335035000", "costofGoodsAndServicesSold": "335035000", "operatingIncome": "244828000", "sellingGeneralAndAdministrative": "83764000", "researchAndDevelopment": "48013000", "operatingExpenses": "261798000", "investmentIncomeNet": "None", "netInterestIncome": "-10645000", "interestIncome": "353000", "interestExpense": "10998000", "nonInterestIncome": "None", "otherNonOperatingIncome": "353000", "depreciation": "None", "depreciationAndAmortization": "28547000", "incomeBeforeTax": "234183000", "incomeTaxExpense": "53245000", "interestAndDebtExpense": "None", "netIncomeFromContinuingOperations": "180938000", "comprehensiveIncomeNetOfTax": "None", "ebit": "245881000", "ebitda": "274428000", "netIncome": "180938000"}, {"fiscalDateEnding": "2022-06-30", "reportedCurrency": "USD", "grossProfit": "514032000", "totalRevenue": "860546000", "costOfRevenue": "346514000", "costofGoodsAndServicesSold": "346514000", "operatingIncome": "179066000", "sellingGeneralAndAdministrative": "81488000", "researchAndDevelopment": "123221000", "operatingExpenses": "334966000", "investmentIncomeNet": "None", "netInterestIncome": "-7983000", "interestIncome": "334000", "interestExpense": "7983000", "nonInterestIncome": "None", "otherNonOperatingIncome": "334000", "depreciation": "None", "depreciationAndAmortization": "28122000", "incomeBeforeTax": "171083000", "incomeTaxExpense": "39104000", "interestAndDebtExpense": "None", "netIncomeFromContinuingOperations": "131979000", "comprehensiveIncomeNetOfTax": "None", "ebit": "180100000", "ebitda": "208222000", "netIncome": "131979000"}, {"fiscalDateEnding": "2022-03-31", "reportedCurrency": "USD", "grossProfit": "498753000", "totalRevenue": "836549000", "costOfRevenue": "337796000", "costofGoodsAndServicesSold": "337796000", "operatingIncome": "248344000", "sellingGeneralAndAdministrative": "77949000", "researchAndDevelopment": "40168000", "operatingExpenses": "250409000", "investmentIncomeNet": "None", "netInterestIncome": "-6853000", "interestIncome": "143000", "interestExpense": "6996000", "nonInterestIncome": "None", "otherNonOperatingIncome": "143000", "depreciation": "None", "depreciationAndAmortization": "26511000", "incomeBeforeTax": "241491000", "incomeTaxExpense": "47526000", "interestAndDebtExpense": "None", "netIncomeFromContinuingOperations": "193965000", "comprehensiveIncomeNetOfTax": "None", "ebit": "249187000", "ebitda": "275698000", "netIncome": "193965000"}, {"fiscalDateEnding": "2021-12-31", "reportedCurrency": "USD", "grossProfit": "456421000", "totalRevenue": "801090000", "costOfRevenue": "344669000", "costofGoodsAndServicesSold": "344669000", "operatingIncome": "199191000", "sellingGeneralAndAdministrative": "83466000", "researchAndDevelopment": "45306000", "operatingExpenses": "257230000", "investmentIncomeNet": "None", "netInterestIncome": "-7308000", "interestIncome": "169000", "interestExpense": "7308000", "nonInterestIncome": "None", "otherNonOperatingIncome": "169000", "depreciation": "None", "depreciationAndAmortization": "27695000", "incomeBeforeTax": "191883000", "incomeTaxExpense": "29112000", "interestAndDebtExpense": "None", "netIncomeFromContinuingOperations": "162771000", "comprehensiveIncomeNetOfTax": "None", "ebit": "200060000", "ebitda": "227755000", "netIncome": "162771000"}, {"fiscalDateEnding": "2021-09-30", "reportedCurrency": "USD", "grossProfit": "472921000", "totalRevenue": "810421000", "costOfRevenue": "337500000", "costofGoodsAndServicesSold": "337500000", "operatingIncome": "225962000", "sellingGeneralAndAdministrative": "82098000", "researchAndDevelopment": "40427000", "operatingExpenses": "246959000", "investmentIncomeNet": "None", "netInterestIncome": "-7012000", "interestIncome": "122000", "interestExpense": "7134000", "nonInterestIncome": "None", "otherNonOperatingIncome": "122000", "depreciation": "None", "depreciationAndAmortization": "26467000", "incomeBeforeTax": "218950000", "incomeTaxExpense": "43772000", "interestAndDebtExpense": "None", "netIncomeFromContinuingOperations": "175178000", "comprehensiveIncomeNetOfTax": "None", "ebit": "226784000", "ebitda": "253251000", "netIncome": "175235000"}, {"fiscalDateEnding": "2021-06-30", "reportedCurrency": "USD", "grossProfit": "489308000", "totalRevenue": "826142000", "costOfRevenue": "336834000", "costofGoodsAndServicesSold": "336834000", "operatingIncome": "259253000", "sellingGeneralAndAdministrative": "73326000", "researchAndDevelopment": "37697000", "operatingExpenses": "230055000", "investmentIncomeNet": "None", "netInterestIncome": "-7522000", "interestIncome": "91000", "interestExpense": "7522000", "nonInterestIncome": "None", "otherNonOperatingIncome": "91000", "depreciation": "None", "depreciationAndAmortization": "25377000", "incomeBeforeTax": "251731000", "incomeTaxExpense": "49125000", "interestAndDebtExpense": "None", "netIncomeFromContinuingOperations": "202606000", "comprehensiveIncomeNetOfTax": "None", "ebit": "260044000", "ebitda": "285421000", "netIncome": "202582000"}, {"fiscalDateEnding": "2021-03-31", "reportedCurrency": "USD", "grossProfit": "470782000", "totalRevenue": "777707000", "costOfRevenue": "306925000", "costofGoodsAndServicesSold": "306925000", "operatingIncome": "247622000", "sellingGeneralAndAdministrative": "70770000", "researchAndDevelopment": "37579000", "operatingExpenses": "223160000", "investmentIncomeNet": "None", "netInterestIncome": "-7532000", "interestIncome": "52000", "interestExpense": "7584000", "nonInterestIncome": "None", "otherNonOperatingIncome": "52000", "depreciation": "None", "depreciationAndAmortization": "25057000", "incomeBeforeTax": "240090000", "incomeTaxExpense": "35801000", "interestAndDebtExpense": "None", "netIncomeFromContinuingOperations": "204289000", "comprehensiveIncomeNetOfTax": "None", "ebit": "248374000", "ebitda": "273431000", "netIncome": "204257000"}, {"fiscalDateEnding": "2020-12-31", "reportedCurrency": "USD", "grossProfit": "409502000", "totalRevenue": "720938000", "costOfRevenue": "311436000", "costofGoodsAndServicesSold": "311436000", "operatingIncome": "185095000", "sellingGeneralAndAdministrative": "69721000", "researchAndDevelopment": "38777000", "operatingExpenses": "224407000", "investmentIncomeNet": "None", "netInterestIncome": "-7659000", "interestIncome": "169000", "interestExpense": "7659000", "nonInterestIncome": "None", "otherNonOperatingIncome": "169000", "depreciation": "None", "depreciationAndAmortization": "24561000", "incomeBeforeTax": "177436000", "incomeTaxExpense": "2478000", "interestAndDebtExpense": "None", "netIncomeFromContinuingOperations": "174958000", "comprehensiveIncomeNetOfTax": "None", "ebit": "185964000", "ebitda": "210525000", "netIncome": "174790000"}, {"fiscalDateEnding": "2020-09-30", "reportedCurrency": "USD", "grossProfit": "422606000", "totalRevenue": "721789000", "costOfRevenue": "299183000", "costofGoodsAndServicesSold": "299183000", "operatingIncome": "171856000", "sellingGeneralAndAdministrative": "105031000", "researchAndDevelopment": "37517000", "operatingExpenses": "250750000", "investmentIncomeNet": "None", "netInterestIncome": "-7902000", "interestIncome": "208000", "interestExpense": "8110000", "nonInterestIncome": "None", "otherNonOperatingIncome": "208000", "depreciation": "None", "depreciationAndAmortization": "24651000", "incomeBeforeTax": "163954000", "incomeTaxExpense": "17633000", "interestAndDebtExpense": "None", "netIncomeFromContinuingOperations": "146321000", "comprehensiveIncomeNetOfTax": "None", "ebit": "172764000", "ebitda": "197415000", "netIncome": "146219000"}, {"fiscalDateEnding": "2020-06-30", "reportedCurrency": "USD", "grossProfit": "379342000", "totalRevenue": "637592000", "costOfRevenue": "258250000", "costofGoodsAndServicesSold": "258250000", "operatingIncome": "193248000", "sellingGeneralAndAdministrative": "60268000", "researchAndDevelopment": "31645000", "operatingExpenses": "186094000", "investmentIncomeNet": "None", "netInterestIncome": "-9426000", "interestIncome": "69000", "interestExpense": "9495000", "nonInterestIncome": "None", "otherNonOperatingIncome": "69000", "depreciation": "None", "depreciationAndAmortization": "23582000", "incomeBeforeTax": "183822000", "incomeTaxExpense": "34826000", "interestAndDebtExpense": "None", "netIncomeFromContinuingOperations": "148996000", "comprehensiveIncomeNetOfTax": "None", "ebit": "194017000", "ebitda": "217599000", "netIncome": "148940000"}, {"fiscalDateEnding": "2020-03-31", "reportedCurrency": "USD", "grossProfit": "359590000", "totalRevenue": "626336000", "costOfRevenue": "266746000", "costofGoodsAndServicesSold": "266746000", "operatingIncome": "144325000", "sellingGeneralAndAdministrative": "65812000", "researchAndDevelopment": "33310000", "operatingExpenses": "215265000", "investmentIncomeNet": "None", "netInterestIncome": "-7552000", "interestIncome": "140000", "interestExpense": "7692000", "nonInterestIncome": "None", "otherNonOperatingIncome": "140000", "depreciation": "None", "depreciationAndAmortization": "23204000", "incomeBeforeTax": "136773000", "incomeTaxExpense": "24917000", "interestAndDebtExpense": "None", "netIncomeFromContinuingOperations": "111856000", "comprehensiveIncomeNetOfTax": "None", "ebit": "145165000", "ebitda": "168369000", "netIncome": "111827000"}, {"fiscalDateEnding": "2019-12-31", "reportedCurrency": "USD", "grossProfit": "331149000", "totalRevenue": "605446000", "costOfRevenue": "274297000", "costofGoodsAndServicesSold": "274297000", "operatingIncome": "115631000", "sellingGeneralAndAdministrative": "74664000", "researchAndDevelopment": "35160000", "operatingExpenses": "215518000", "investmentIncomeNet": "None", "netInterestIncome": "-7125000", "interestIncome": "268000", "interestExpense": "7125000", "nonInterestIncome": "None", "otherNonOperatingIncome": "268000", "depreciation": "None", "depreciationAndAmortization": "22589000", "incomeBeforeTax": "108506000", "incomeTaxExpense": "17962000", "interestAndDebtExpense": "None", "netIncomeFromContinuingOperations": "90544000", "comprehensiveIncomeNetOfTax": "None", "ebit": "116599000", "ebitda": "139188000", "netIncome": "90496000"}, {"fiscalDateEnding": "2019-09-30", "reportedCurrency": "USD", "grossProfit": "344950000", "totalRevenue": "605303000", "costOfRevenue": "260353000", "costofGoodsAndServicesSold": "260353000", "operatingIncome": "139802000", "sellingGeneralAndAdministrative": "66337000", "researchAndDevelopment": "34260000", "operatingExpenses": "205148000", "investmentIncomeNet": "None", "netInterestIncome": "-7004000", "interestIncome": "86000", "interestExpense": "7090000", "nonInterestIncome": "None", "otherNonOperatingIncome": "86000", "depreciation": "None", "depreciationAndAmortization": "22446000", "incomeBeforeTax": "132798000", "incomeTaxExpense": "23960000", "interestAndDebtExpense": "None", "netIncomeFromContinuingOperations": "108838000", "comprehensiveIncomeNetOfTax": "None", "ebit": "140488000", "ebitda": "162934000", "netIncome": "108837000"}, {"fiscalDateEnding": "2019-06-30", "reportedCurrency": "USD", "grossProfit": "357853000", "totalRevenue": "620103000", "costOfRevenue": "262250000", "costofGoodsAndServicesSold": "262250000", "operatingIncome": "164275000", "sellingGeneralAndAdministrative": "59955000", "researchAndDevelopment": "32259000", "operatingExpenses": "193578000", "investmentIncomeNet": "None", "netInterestIncome": "-8153000", "interestIncome": "33000", "interestExpense": "8186000", "nonInterestIncome": "None", "otherNonOperatingIncome": "33000", "depreciation": "None", "depreciationAndAmortization": "21621000", "incomeBeforeTax": "156122000", "incomeTaxExpense": "30421000", "interestAndDebtExpense": "None", "netIncomeFromContinuingOperations": "125701000", "comprehensiveIncomeNetOfTax": "None", "ebit": "164908000", "ebitda": "186529000", "netIncome": "125706000"}, {"fiscalDateEnding": "2019-03-31", "reportedCurrency": "USD", "grossProfit": "331597000", "totalRevenue": "576056000", "costOfRevenue": "244459000", "costofGoodsAndServicesSold": "244459000", "operatingIncome": "133138000", "sellingGeneralAndAdministrative": "60361000", "researchAndDevelopment": "31514000", "operatingExpenses": "198459000", "investmentIncomeNet": "None", "netInterestIncome": "-8346000", "interestIncome": "8346000", "interestExpense": "8386000", "nonInterestIncome": "None", "otherNonOperatingIncome": "40000", "depreciation": "None", "depreciationAndAmortization": "21355000", "incomeBeforeTax": "124792000", "incomeTaxExpense": "22083000", "interestAndDebtExpense": "None", "netIncomeFromContinuingOperations": "102709000", "comprehensiveIncomeNetOfTax": "None", "ebit": "133678000", "ebitda": "155033000", "netIncome": "102681000"}, {"fiscalDateEnding": "2018-12-31", "reportedCurrency": "USD", "grossProfit": "300361000", "totalRevenue": "549386000", "costOfRevenue": "249025000", "costofGoodsAndServicesSold": "249025000", "operatingIncome": "115347000", "sellingGeneralAndAdministrative": "58972000", "researchAndDevelopment": "30138000", "operatingExpenses": "185014000", "investmentIncomeNet": "None", "netInterestIncome": "None", "interestIncome": "None", "interestExpense": "8302000", "nonInterestIncome": "None", "otherNonOperatingIncome": "258000", "depreciation": "None", "depreciationAndAmortization": "20604000", "incomeBeforeTax": "107045000", "incomeTaxExpense": "21368000", "interestAndDebtExpense": "None", "netIncomeFromContinuingOperations": "85677000", "comprehensiveIncomeNetOfTax": "None", "ebit": "115605000", "ebitda": "136209000", "netIncome": "85638000"}, {"fiscalDateEnding": "2018-09-30", "reportedCurrency": "USD", "grossProfit": "305643000", "totalRevenue": "545448000", "costOfRevenue": "239805000", "costofGoodsAndServicesSold": "239805000", "operatingIncome": "117350000", "sellingGeneralAndAdministrative": "63955000", "researchAndDevelopment": "29192000", "operatingExpenses": "188293000", "investmentIncomeNet": "None", "netInterestIncome": "None", "interestIncome": "None", "interestExpense": "8453000", "nonInterestIncome": "None", "otherNonOperatingIncome": "142000", "depreciation": "None", "depreciationAndAmortization": "20878000", "incomeBeforeTax": "109039000", "incomeTaxExpense": "15825000", "interestAndDebtExpense": "None", "netIncomeFromContinuingOperations": "93214000", "comprehensiveIncomeNetOfTax": "None", "ebit": "117492000", "ebitda": "138370000", "netIncome": "93251000"}, {"fiscalDateEnding": "2018-06-30", "reportedCurrency": "USD", "grossProfit": "332439000", "totalRevenue": "580752000", "costOfRevenue": "248313000", "costofGoodsAndServicesSold": "248313000", "operatingIncome": "145594000", "sellingGeneralAndAdministrative": "61080000", "researchAndDevelopment": "29510000", "operatingExpenses": "186845000", "investmentIncomeNet": "None", "netInterestIncome": "None", "interestIncome": "None", "interestExpense": "8457000", "nonInterestIncome": "None", "otherNonOperatingIncome": "172000", "depreciation": "None", "depreciationAndAmortization": "20892000", "incomeBeforeTax": "137309000", "incomeTaxExpense": "28629000", "interestAndDebtExpense": "None", "netIncomeFromContinuingOperations": "108680000", "comprehensiveIncomeNetOfTax": "None", "ebit": "145766000", "ebitda": "166658000", "netIncome": "108691000"}, {"fiscalDateEnding": "2018-03-31", "reportedCurrency": "USD", "grossProfit": "303099000", "totalRevenue": "537656000", "costOfRevenue": "234557000", "costofGoodsAndServicesSold": "234557000", "operatingIncome": "113044000", "sellingGeneralAndAdministrative": "60931000", "researchAndDevelopment": "29023000", "operatingExpenses": "190055000", "investmentIncomeNet": "None", "netInterestIncome": "None", "interestIncome": "None", "interestExpense": "9274000", "nonInterestIncome": "None", "otherNonOperatingIncome": "579000", "depreciation": "None", "depreciationAndAmortization": "20804000", "incomeBeforeTax": "104349000", "incomeTaxExpense": "14873000", "interestAndDebtExpense": "None", "netIncomeFromContinuingOperations": "89476000", "comprehensiveIncomeNetOfTax": "None", "ebit": "113623000", "ebitda": "134427000", "netIncome": "89451000"}, {"fiscalDateEnding": "2017-12-31", "reportedCurrency": "USD", "grossProfit": "272474000", "totalRevenue": "506121000", "costOfRevenue": "233647000", "costofGoodsAndServicesSold": "233647000", "operatingIncome": "97808000", "sellingGeneralAndAdministrative": "55318000", "researchAndDevelopment": "28809000", "operatingExpenses": "174666000", "investmentIncomeNet": "None", "netInterestIncome": "None", "interestIncome": "None", "interestExpense": "8122000", "nonInterestIncome": "None", "otherNonOperatingIncome": "1595000", "depreciation": "None", "depreciationAndAmortization": "21520000", "incomeBeforeTax": "89686000", "incomeTaxExpense": "51396000", "interestAndDebtExpense": "None", "netIncomeFromContinuingOperations": "38290000", "comprehensiveIncomeNetOfTax": "None", "ebit": "99403000", "ebitda": "120923000", "netIncome": "38257000"}, {"fiscalDateEnding": "2017-09-30", "reportedCurrency": "USD", "grossProfit": "274002000", "totalRevenue": "491976000", "costOfRevenue": "217974000", "costofGoodsAndServicesSold": "217974000", "operatingIncome": "100413000", "sellingGeneralAndAdministrative": "57186000", "researchAndDevelopment": "27585000", "operatingExpenses": "173589000", "investmentIncomeNet": "None", "netInterestIncome": "None", "interestIncome": "None", "interestExpense": "9764000", "nonInterestIncome": "None", "otherNonOperatingIncome": "1400000", "depreciation": "None", "depreciationAndAmortization": "20727000", "incomeBeforeTax": "92049000", "incomeTaxExpense": "21535000", "interestAndDebtExpense": "None", "netIncomeFromContinuingOperations": "70514000", "comprehensiveIncomeNetOfTax": "None", "ebit": "101813000", "ebitda": "122540000", "netIncome": "70511000"}, {"fiscalDateEnding": "2017-06-30", "reportedCurrency": "USD", "grossProfit": "292715000", "totalRevenue": "508940000", "costOfRevenue": "216225000", "costofGoodsAndServicesSold": "216225000", "operatingIncome": "122564000", "sellingGeneralAndAdministrative": "55460000", "researchAndDevelopment": "26998000", "operatingExpenses": "170151000", "investmentIncomeNet": "None", "netInterestIncome": "None", "interestIncome": "None", "interestExpense": "9155000", "nonInterestIncome": "None", "otherNonOperatingIncome": "1176000", "depreciation": "None", "depreciationAndAmortization": "20586000", "incomeBeforeTax": "114585000", "incomeTaxExpense": "29178000", "interestAndDebtExpense": "None", "netIncomeFromContinuingOperations": "85407000", "comprehensiveIncomeNetOfTax": "None", "ebit": "123740000", "ebitda": "144326000", "netIncome": "85357000"}, {"fiscalDateEnding": "2017-03-31", "reportedCurrency": "USD", "grossProfit": "258191000", "totalRevenue": "462021000", "costOfRevenue": "203830000", "costofGoodsAndServicesSold": "203830000", "operatingIncome": "92243000", "sellingGeneralAndAdministrative": "52914000", "researchAndDevelopment": "25790000", "operatingExpenses": "165948000", "investmentIncomeNet": "None", "netInterestIncome": "None", "interestIncome": "None", "interestExpense": "8589000", "nonInterestIncome": "None", "otherNonOperatingIncome": "1083000", "depreciation": "None", "depreciationAndAmortization": "20307000", "incomeBeforeTax": "84737000", "incomeTaxExpense": "15679000", "interestAndDebtExpense": "None", "netIncomeFromContinuingOperations": "69058000", "comprehensiveIncomeNetOfTax": "None", "ebit": "93326000", "ebitda": "113633000", "netIncome": "69019000"}, {"fiscalDateEnding": "2016-12-31", "reportedCurrency": "USD", "grossProfit": "240626000", "totalRevenue": "442996000", "costOfRevenue": "202370000", "costofGoodsAndServicesSold": "202370000", "operatingIncome": "83825000", "sellingGeneralAndAdministrative": "50778000", "researchAndDevelopment": "25418000", "operatingExpenses": "156801000", "investmentIncomeNet": "None", "netInterestIncome": "None", "interestIncome": "None", "interestExpense": "6698000", "nonInterestIncome": "None", "otherNonOperatingIncome": "1057000", "depreciation": "None", "depreciationAndAmortization": "20241000", "incomeBeforeTax": "77127000", "incomeTaxExpense": "24756000", "interestAndDebtExpense": "None", "netIncomeFromContinuingOperations": "52371000", "comprehensiveIncomeNetOfTax": "None", "ebit": "84882000", "ebitda": "105123000", "netIncome": "52369000"}, {"fiscalDateEnding": "2016-09-30", "reportedCurrency": "USD", "grossProfit": "246730000", "totalRevenue": "448308000", "costOfRevenue": "201578000", "costofGoodsAndServicesSold": "201578000", "operatingIncome": "88459000", "sellingGeneralAndAdministrative": "52627000", "researchAndDevelopment": "25672000", "operatingExpenses": "158271000", "investmentIncomeNet": "None", "netInterestIncome": "None", "interestIncome": "None", "interestExpense": "7786000", "nonInterestIncome": "None", "otherNonOperatingIncome": "851000", "depreciation": "None", "depreciationAndAmortization": "19767000", "incomeBeforeTax": "81524000", "incomeTaxExpense": "25072000", "interestAndDebtExpense": "None", "netIncomeFromContinuingOperations": "56452000", "comprehensiveIncomeNetOfTax": "None", "ebit": "89310000", "ebitda": "109077000", "netIncome": "56455000"}, {"fiscalDateEnding": "2016-06-30", "reportedCurrency": "USD", "grossProfit": "260543000", "totalRevenue": "466569000", "costOfRevenue": "206026000", "costofGoodsAndServicesSold": "206026000", "operatingIncome": "104162000", "sellingGeneralAndAdministrative": "54317000", "researchAndDevelopment": "25412000", "operatingExpenses": "156381000", "investmentIncomeNet": "None", "netInterestIncome": "None", "interestIncome": "None", "interestExpense": "8204000", "nonInterestIncome": "None", "otherNonOperatingIncome": "928000", "depreciation": "None", "depreciationAndAmortization": "19664000", "incomeBeforeTax": "96886000", "incomeTaxExpense": "29680000", "interestAndDebtExpense": "None", "netIncomeFromContinuingOperations": "67206000", "comprehensiveIncomeNetOfTax": "None", "ebit": "105090000", "ebitda": "124754000", "netIncome": "67202000"}, {"fiscalDateEnding": "2016-03-31", "reportedCurrency": "USD", "grossProfit": "227537000", "totalRevenue": "417550000", "costOfRevenue": "190013000", "costofGoodsAndServicesSold": "190013000", "operatingIncome": "73793000", "sellingGeneralAndAdministrative": "49295000", "researchAndDevelopment": "24620000", "operatingExpenses": "153744000", "investmentIncomeNet": "None", "netInterestIncome": "None", "interestIncome": "None", "interestExpense": "8304000", "nonInterestIncome": "None", "otherNonOperatingIncome": "820000", "depreciation": "None", "depreciationAndAmortization": "18546000", "incomeBeforeTax": "66309000", "incomeTaxExpense": "20284000", "interestAndDebtExpense": "None", "netIncomeFromContinuingOperations": "46025000", "comprehensiveIncomeNetOfTax": "None", "ebit": "74613000", "ebitda": "93159000", "netIncome": "46019000"}, {"fiscalDateEnding": "2015-12-31", "reportedCurrency": "USD", "grossProfit": "217695000", "totalRevenue": "399685000", "costOfRevenue": "181990000", "costofGoodsAndServicesSold": "181990000", "operatingIncome": "66911000", "sellingGeneralAndAdministrative": "48793000", "researchAndDevelopment": "25496000", "operatingExpenses": "150784000", "investmentIncomeNet": "None", "netInterestIncome": "None", "interestIncome": "None", "interestExpense": "7126000", "nonInterestIncome": "None", "otherNonOperatingIncome": "800000", "depreciation": "None", "depreciationAndAmortization": "17729000", "incomeBeforeTax": "59785000", "incomeTaxExpense": "15395000", "interestAndDebtExpense": "None", "netIncomeFromContinuingOperations": "44390000", "comprehensiveIncomeNetOfTax": "None", "ebit": "67711000", "ebitda": "85440000", "netIncome": "44349000"}, {"fiscalDateEnding": "2015-09-30", "reportedCurrency": "USD", "grossProfit": "224274000", "totalRevenue": "406387000", "costOfRevenue": "182113000", "costofGoodsAndServicesSold": "182113000", "operatingIncome": "71895000", "sellingGeneralAndAdministrative": "46198000", "researchAndDevelopment": "24862000", "operatingExpenses": "144167000", "investmentIncomeNet": "None", "netInterestIncome": "None", "interestIncome": "None", "interestExpense": "7750000", "nonInterestIncome": "None", "otherNonOperatingIncome": "684000", "depreciation": "None", "depreciationAndAmortization": "18283000", "incomeBeforeTax": "64829000", "incomeTaxExpense": "20600000", "interestAndDebtExpense": "None", "netIncomeFromContinuingOperations": "44229000", "comprehensiveIncomeNetOfTax": "None", "ebit": "72579000", "ebitda": "90862000", "netIncome": "44223000"}, {"fiscalDateEnding": "2015-06-30", "reportedCurrency": "USD", "grossProfit": "232757000", "totalRevenue": "413343000", "costOfRevenue": "180586000", "costofGoodsAndServicesSold": "180586000", "operatingIncome": "88303000", "sellingGeneralAndAdministrative": "44920000", "researchAndDevelopment": "24317000", "operatingExpenses": "144454000", "investmentIncomeNet": "None", "netInterestIncome": "None", "interestIncome": "None", "interestExpense": "7259000", "nonInterestIncome": "None", "otherNonOperatingIncome": "559000", "depreciation": "None", "depreciationAndAmortization": "16790000", "incomeBeforeTax": "81603000", "incomeTaxExpense": "24665000", "interestAndDebtExpense": "None", "netIncomeFromContinuingOperations": "56938000", "comprehensiveIncomeNetOfTax": "None", "ebit": "88862000", "ebitda": "105652000", "netIncome": "56912000"}, {"fiscalDateEnding": "2015-03-31", "reportedCurrency": "USD", "grossProfit": "215544000", "totalRevenue": "382477000", "costOfRevenue": "166933000", "costofGoodsAndServicesSold": "166933000", "operatingIncome": "72803000", "sellingGeneralAndAdministrative": "42599000", "researchAndDevelopment": "25006000", "operatingExpenses": "142741000", "investmentIncomeNet": "None", "netInterestIncome": "None", "interestIncome": "None", "interestExpense": "5879000", "nonInterestIncome": "None", "otherNonOperatingIncome": "425000", "depreciation": "None", "depreciationAndAmortization": "16154000", "incomeBeforeTax": "66924000", "incomeTaxExpense": "20346000", "interestAndDebtExpense": "None", "netIncomeFromContinuingOperations": "46578000", "comprehensiveIncomeNetOfTax": "None", "ebit": "73228000", "ebitda": "89382000", "netIncome": "46594000"}, {"fiscalDateEnding": "2014-12-31", "reportedCurrency": "USD", "grossProfit": "182165000", "totalRevenue": "351959000", "costOfRevenue": "169794000", "costofGoodsAndServicesSold": "169794000", "operatingIncome": "34801000", "sellingGeneralAndAdministrative": "45257000", "researchAndDevelopment": "24869000", "operatingExpenses": "147364000", "investmentIncomeNet": "None", "netInterestIncome": "None", "interestIncome": "None", "interestExpense": "4939000", "nonInterestIncome": "None", "otherNonOperatingIncome": "457000", "depreciation": "None", "depreciationAndAmortization": "15278000", "incomeBeforeTax": "29862000", "incomeTaxExpense": "3911000", "interestAndDebtExpense": "None", "netIncomeFromContinuingOperations": "25951000", "comprehensiveIncomeNetOfTax": "None", "ebit": "35258000", "ebitda": "50536000", "netIncome": "25961000"}, {"fiscalDateEnding": "2014-09-30", "reportedCurrency": "USD", "grossProfit": "213336000", "totalRevenue": "383523000", "costOfRevenue": "170187000", "costofGoodsAndServicesSold": "170187000", "operatingIncome": "72189000", "sellingGeneralAndAdministrative": "45698000", "researchAndDevelopment": "24847000", "operatingExpenses": "141147000", "investmentIncomeNet": "None", "netInterestIncome": "None", "interestIncome": "None", "interestExpense": "4294000", "nonInterestIncome": "None", "otherNonOperatingIncome": "313000", "depreciation": "None", "depreciationAndAmortization": "15521000", "incomeBeforeTax": "68208000", "incomeTaxExpense": "16045000", "interestAndDebtExpense": "None", "netIncomeFromContinuingOperations": "52163000", "comprehensiveIncomeNetOfTax": "None", "ebit": "72502000", "ebitda": "88023000", "netIncome": "52142000"}, {"fiscalDateEnding": "2014-06-30", "reportedCurrency": "USD", "grossProfit": "218518000", "totalRevenue": "390122000", "costOfRevenue": "171604000", "costofGoodsAndServicesSold": "171604000", "operatingIncome": "83219000", "sellingGeneralAndAdministrative": "41846000", "researchAndDevelopment": "25433000", "operatingExpenses": "135299000", "investmentIncomeNet": "None", "netInterestIncome": "None", "interestIncome": "None", "interestExpense": "2965000", "nonInterestIncome": "None", "otherNonOperatingIncome": "488000", "depreciation": "None", "depreciationAndAmortization": "14695000", "incomeBeforeTax": "80742000", "incomeTaxExpense": "23498000", "interestAndDebtExpense": "None", "netIncomeFromContinuingOperations": "57244000", "comprehensiveIncomeNetOfTax": "None", "ebit": "83707000", "ebitda": "98402000", "netIncome": "57218000"}, {"fiscalDateEnding": "2014-03-31", "reportedCurrency": "USD", "grossProfit": "202097000", "totalRevenue": "360203000", "costOfRevenue": "158106000", "costofGoodsAndServicesSold": "158106000", "operatingIncome": "70046000", "sellingGeneralAndAdministrative": "41089000", "researchAndDevelopment": "23114000", "operatingExpenses": "132051000", "investmentIncomeNet": "None", "netInterestIncome": "None", "interestIncome": "None", "interestExpense": "2774000", "nonInterestIncome": "None", "otherNonOperatingIncome": "471000", "depreciation": "None", "depreciationAndAmortization": "13394000", "incomeBeforeTax": "67743000", "incomeTaxExpense": "21150000", "interestAndDebtExpense": "None", "netIncomeFromContinuingOperations": "46593000", "comprehensiveIncomeNetOfTax": "None", "ebit": "70517000", "ebitda": "83911000", "netIncome": "46585000"}, {"fiscalDateEnding": "2013-12-31", "reportedCurrency": "USD", "grossProfit": "188665000", "totalRevenue": "354073000", "costOfRevenue": "165408000", "costofGoodsAndServicesSold": "165408000", "operatingIncome": "61328000", "sellingGeneralAndAdministrative": "38147000", "researchAndDevelopment": "22496000", "operatingExpenses": "127337000", "investmentIncomeNet": "None", "netInterestIncome": "None", "interestIncome": "None", "interestExpense": "1369000", "nonInterestIncome": "None", "otherNonOperatingIncome": "541000", "depreciation": "None", "depreciationAndAmortization": "13466000", "incomeBeforeTax": "59959000", "incomeTaxExpense": "16722000", "interestAndDebtExpense": "None", "netIncomeFromContinuingOperations": "43236000", "comprehensiveIncomeNetOfTax": "None", "ebit": "61868000", "ebitda": "75334000", "netIncome": "43258000"}, {"fiscalDateEnding": "2013-09-30", "reportedCurrency": "USD", "grossProfit": "185783000", "totalRevenue": "338297000", "costOfRevenue": "152514000", "costofGoodsAndServicesSold": "152514000", "operatingIncome": "65485000", "sellingGeneralAndAdministrative": "38651000", "researchAndDevelopment": "21568000", "operatingExpenses": "120298000", "investmentIncomeNet": "None", "netInterestIncome": "None", "interestIncome": "None", "interestExpense": "1463000", "nonInterestIncome": "None", "otherNonOperatingIncome": "456000", "depreciation": "None", "depreciationAndAmortization": "13773000", "incomeBeforeTax": "64478000", "incomeTaxExpense": "18786000", "interestAndDebtExpense": "None", "netIncomeFromContinuingOperations": "45692000", "comprehensiveIncomeNetOfTax": "None", "ebit": "65941000", "ebitda": "79714000", "netIncome": "45688000"}, {"fiscalDateEnding": "2013-06-30", "reportedCurrency": "USD", "grossProfit": "197698000", "totalRevenue": "352583000", "costOfRevenue": "154885000", "costofGoodsAndServicesSold": "154885000", "operatingIncome": "78763000", "sellingGeneralAndAdministrative": "38858000", "researchAndDevelopment": "22181000", "operatingExpenses": "118935000", "investmentIncomeNet": "None", "netInterestIncome": "None", "interestIncome": "None", "interestExpense": "735000", "nonInterestIncome": "None", "otherNonOperatingIncome": "444000", "depreciation": "None", "depreciationAndAmortization": "13844000", "incomeBeforeTax": "78028000", "incomeTaxExpense": "24029000", "interestAndDebtExpense": "None", "netIncomeFromContinuingOperations": "53999000", "comprehensiveIncomeNetOfTax": "None", "ebit": "79207000", "ebitda": "93051000", "netIncome": "53995000"}, {"fiscalDateEnding": "2013-03-31", "reportedCurrency": "USD", "grossProfit": "183974000", "totalRevenue": "332106000", "costOfRevenue": "148132000", "costofGoodsAndServicesSold": "148132000", "operatingIncome": "61188000", "sellingGeneralAndAdministrative": "41631000", "researchAndDevelopment": "21758000", "operatingExpenses": "122786000", "investmentIncomeNet": "None", "netInterestIncome": "None", "interestIncome": "None", "interestExpense": "835000", "nonInterestIncome": "None", "otherNonOperatingIncome": "444000", "depreciation": "None", "depreciationAndAmortization": "13513000", "incomeBeforeTax": "60797000", "incomeTaxExpense": "15930000", "interestAndDebtExpense": "None", "netIncomeFromContinuingOperations": "44867000", "comprehensiveIncomeNetOfTax": "None", "ebit": "61632000", "ebitda": "75145000", "netIncome": "44860000"}, {"fiscalDateEnding": "2012-12-31", "reportedCurrency": "USD", "grossProfit": "169050000", "totalRevenue": "319538000", "costOfRevenue": "150488000", "costofGoodsAndServicesSold": "150488000", "operatingIncome": "63427000", "sellingGeneralAndAdministrative": "31849000", "researchAndDevelopment": "21050000", "operatingExpenses": "105623000", "investmentIncomeNet": "None", "netInterestIncome": "None", "interestIncome": "None", "interestExpense": "343000", "nonInterestIncome": "None", "otherNonOperatingIncome": "949000", "depreciation": "None", "depreciationAndAmortization": "13918000", "incomeBeforeTax": "63084000", "incomeTaxExpense": "19724000", "interestAndDebtExpense": "None", "netIncomeFromContinuingOperations": "43360000", "comprehensiveIncomeNetOfTax": "None", "ebit": "63940000", "ebitda": "77858000", "netIncome": "43354000"}, {"fiscalDateEnding": "2012-09-30", "reportedCurrency": "USD", "grossProfit": "170635000", "totalRevenue": "315475000", "costOfRevenue": "144840000", "costofGoodsAndServicesSold": "144840000", "operatingIncome": "62912000", "sellingGeneralAndAdministrative": "35307000", "researchAndDevelopment": "20349000", "operatingExpenses": "107723000", "investmentIncomeNet": "None", "netInterestIncome": "None", "interestIncome": "None", "interestExpense": "873000", "nonInterestIncome": "None", "otherNonOperatingIncome": "473000", "depreciation": "None", "depreciationAndAmortization": "12799000", "incomeBeforeTax": "62512000", "incomeTaxExpense": "19639000", "interestAndDebtExpense": "None", "netIncomeFromContinuingOperations": "42873000", "comprehensiveIncomeNetOfTax": "None", "ebit": "63385000", "ebitda": "76184000", "netIncome": "42853000"}, {"fiscalDateEnding": "2012-06-30", "reportedCurrency": "USD", "grossProfit": "184689000", "totalRevenue": "335649000", "costOfRevenue": "150960000", "costofGoodsAndServicesSold": "150960000", "operatingIncome": "75817000", "sellingGeneralAndAdministrative": "34275000", "researchAndDevelopment": "20058000", "operatingExpenses": "108872000", "investmentIncomeNet": "None", "netInterestIncome": "None", "interestIncome": "None", "interestExpense": "446000", "nonInterestIncome": "None", "otherNonOperatingIncome": "480000", "depreciation": "None", "depreciationAndAmortization": "12986000", "incomeBeforeTax": "75371000", "incomeTaxExpense": "24051000", "interestAndDebtExpense": "None", "netIncomeFromContinuingOperations": "51320000", "comprehensiveIncomeNetOfTax": "None", "ebit": "76297000", "ebitda": "89283000", "netIncome": "51317000"}, {"fiscalDateEnding": "2012-03-31", "reportedCurrency": "USD", "grossProfit": "174774000", "totalRevenue": "322676000", "costOfRevenue": "147902000", "costofGoodsAndServicesSold": "147902000", "operatingIncome": "60407000", "sellingGeneralAndAdministrative": "36178000", "researchAndDevelopment": "20557000", "operatingExpenses": "114367000", "investmentIncomeNet": "None", "netInterestIncome": "None", "interestIncome": "None", "interestExpense": "757000", "nonInterestIncome": "None", "otherNonOperatingIncome": "None", "depreciation": "None", "depreciationAndAmortization": "12705000", "incomeBeforeTax": "59650000", "incomeTaxExpense": "18916000", "interestAndDebtExpense": "None", "netIncomeFromContinuingOperations": "40734000", "comprehensiveIncomeNetOfTax": "None", "ebit": "60843000", "ebitda": "73548000", "netIncome": "40743000"}, {"fiscalDateEnding": "2011-12-31", "reportedCurrency": "USD", "grossProfit": "158881000", "totalRevenue": "307201000", "costOfRevenue": "148320000", "costofGoodsAndServicesSold": "148320000", "operatingIncome": "55299000", "sellingGeneralAndAdministrative": "31170000", "researchAndDevelopment": "20203000", "operatingExpenses": "103582000", "investmentIncomeNet": "None", "netInterestIncome": "None", "interestIncome": "None", "interestExpense": "1109000", "nonInterestIncome": "None", "otherNonOperatingIncome": "None", "depreciation": "None", "depreciationAndAmortization": "12814000", "incomeBeforeTax": "54696000", "incomeTaxExpense": "16698000", "interestAndDebtExpense": "None", "netIncomeFromContinuingOperations": "183334000", "comprehensiveIncomeNetOfTax": "None", "ebit": "55805000", "ebitda": "68619000", "netIncome": "38010000"}, {"fiscalDateEnding": "2011-09-30", "reportedCurrency": "USD", "grossProfit": "158667000", "totalRevenue": "300954000", "costOfRevenue": "142287000", "costofGoodsAndServicesSold": "142287000", "operatingIncome": "56096000", "sellingGeneralAndAdministrative": "32483000", "researchAndDevelopment": "19406000", "operatingExpenses": "102571000", "investmentIncomeNet": "None", "netInterestIncome": "None", "interestIncome": "None", "interestExpense": "928000", "nonInterestIncome": "None", "otherNonOperatingIncome": "None", "depreciation": "None", "depreciationAndAmortization": "12045000", "incomeBeforeTax": "55618000", "incomeTaxExpense": "17122000", "interestAndDebtExpense": "None", "netIncomeFromContinuingOperations": "38496000", "comprehensiveIncomeNetOfTax": "None", "ebit": "56546000", "ebitda": "68591000", "netIncome": "38507000"}, {"fiscalDateEnding": "2011-06-30", "reportedCurrency": "USD", "grossProfit": "174033000", "totalRevenue": "317862000", "costOfRevenue": "143829000", "costofGoodsAndServicesSold": "143829000", "operatingIncome": "71298000", "sellingGeneralAndAdministrative": "33140000", "researchAndDevelopment": "18621000", "operatingExpenses": "102735000", "investmentIncomeNet": "None", "netInterestIncome": "None", "interestIncome": "None", "interestExpense": "782000", "nonInterestIncome": "None", "otherNonOperatingIncome": "None", "depreciation": "None", "depreciationAndAmortization": "11879000", "incomeBeforeTax": "70935000", "incomeTaxExpense": "22281000", "interestAndDebtExpense": "None", "netIncomeFromContinuingOperations": "48654000", "comprehensiveIncomeNetOfTax": "None", "ebit": "71717000", "ebitda": "83596000", "netIncome": "48657000"}, {"fiscalDateEnding": "2011-03-31", "reportedCurrency": "USD", "grossProfit": "154925000", "totalRevenue": "292672000", "costOfRevenue": "137747000", "costofGoodsAndServicesSold": "137747000", "operatingIncome": "53532000", "sellingGeneralAndAdministrative": "32596000", "researchAndDevelopment": "17812000", "operatingExpenses": "101393000", "investmentIncomeNet": "None", "netInterestIncome": "None", "interestIncome": "None", "interestExpense": "728000", "nonInterestIncome": "None", "otherNonOperatingIncome": "None", "depreciation": "None", "depreciationAndAmortization": "11464000", "incomeBeforeTax": "53173000", "incomeTaxExpense": "16567000", "interestAndDebtExpense": "None", "netIncomeFromContinuingOperations": "36606000", "comprehensiveIncomeNetOfTax": "None", "ebit": "53901000", "ebitda": "65365000", "netIncome": "36612000"}, {"fiscalDateEnding": "2010-12-31", "reportedCurrency": "USD", "grossProfit": "144771000", "totalRevenue": "283757000", "costOfRevenue": "138986000", "costofGoodsAndServicesSold": "138986000", "operatingIncome": "50804000", "sellingGeneralAndAdministrative": "29931000", "researchAndDevelopment": "17479000", "operatingExpenses": "93967000", "investmentIncomeNet": "None", "netInterestIncome": "None", "interestIncome": "None", "interestExpense": "674000", "nonInterestIncome": "None", "otherNonOperatingIncome": "None", "depreciation": "None", "depreciationAndAmortization": "11839000", "incomeBeforeTax": "50466000", "incomeTaxExpense": "14086000", "interestAndDebtExpense": "None", "netIncomeFromContinuingOperations": "0", "comprehensiveIncomeNetOfTax": "None", "ebit": "51140000", "ebitda": "62979000", "netIncome": "36371000"}, {"fiscalDateEnding": "2010-09-30", "reportedCurrency": "USD", "grossProfit": "142207000", "totalRevenue": "269628000", "costOfRevenue": "127421000", "costofGoodsAndServicesSold": "127421000", "operatingIncome": "49814000", "sellingGeneralAndAdministrative": "30704000", "researchAndDevelopment": "17203000", "operatingExpenses": "92393000", "investmentIncomeNet": "None", "netInterestIncome": "None", "interestIncome": "None", "interestExpense": "687000", "nonInterestIncome": "None", "otherNonOperatingIncome": "None", "depreciation": "None", "depreciationAndAmortization": "11485000", "incomeBeforeTax": "49263000", "incomeTaxExpense": "14548000", "interestAndDebtExpense": "None", "netIncomeFromContinuingOperations": "34715000", "comprehensiveIncomeNetOfTax": "None", "ebit": "49950000", "ebitda": "61435000", "netIncome": "34694000"}, {"fiscalDateEnding": "2010-06-30", "reportedCurrency": "USD", "grossProfit": "149284000", "totalRevenue": "281482000", "costOfRevenue": "132198000", "costofGoodsAndServicesSold": "132198000", "operatingIncome": "54835000", "sellingGeneralAndAdministrative": "33076000", "researchAndDevelopment": "17206000", "operatingExpenses": "94449000", "investmentIncomeNet": "None", "netInterestIncome": "None", "interestIncome": "None", "interestExpense": "689000", "nonInterestIncome": "None", "otherNonOperatingIncome": "None", "depreciation": "None", "depreciationAndAmortization": "11386000", "incomeBeforeTax": "54284000", "incomeTaxExpense": "17087000", "interestAndDebtExpense": "None", "netIncomeFromContinuingOperations": "37197000", "comprehensiveIncomeNetOfTax": "None", "ebit": "54973000", "ebitda": "66359000", "netIncome": "37193000"}, {"fiscalDateEnding": "2010-03-31", "reportedCurrency": "USD", "grossProfit": "142361000", "totalRevenue": "268525000", "costOfRevenue": "126164000", "costofGoodsAndServicesSold": "126164000", "operatingIncome": "48428000", "sellingGeneralAndAdministrative": "32808000", "researchAndDevelopment": "16709000", "operatingExpenses": "93933000", "investmentIncomeNet": "None", "netInterestIncome": "None", "interestIncome": "None", "interestExpense": "365000", "nonInterestIncome": "None", "otherNonOperatingIncome": "None", "depreciation": "None", "depreciationAndAmortization": "11246000", "incomeBeforeTax": "48116000", "incomeTaxExpense": "15088000", "interestAndDebtExpense": "None", "netIncomeFromContinuingOperations": "0", "comprehensiveIncomeNetOfTax": "None", "ebit": "48481000", "ebitda": "59727000", "netIncome": "33026000"}, {"fiscalDateEnding": "2009-12-31", "reportedCurrency": "USD", "grossProfit": "132931000", "totalRevenue": "270335000", "costOfRevenue": "137404000", "costofGoodsAndServicesSold": "137404000", "operatingIncome": "44147000", "sellingGeneralAndAdministrative": "29393000", "researchAndDevelopment": "16008000", "operatingExpenses": "88784000", "investmentIncomeNet": "None", "netInterestIncome": "None", "interestIncome": "None", "interestExpense": "381000", "nonInterestIncome": "None", "otherNonOperatingIncome": "None", "depreciation": "None", "depreciationAndAmortization": "12555000", "incomeBeforeTax": "43904000", "incomeTaxExpense": "12943000", "interestAndDebtExpense": "None", "netIncomeFromContinuingOperations": "0", "comprehensiveIncomeNetOfTax": "None", "ebit": "44285000", "ebitda": "56840000", "netIncome": "30951000"}, {"fiscalDateEnding": "2009-09-30", "reportedCurrency": "USD", "grossProfit": "130477000", "totalRevenue": "259120000", "costOfRevenue": "128643000", "costofGoodsAndServicesSold": "128643000", "operatingIncome": "44205000", "sellingGeneralAndAdministrative": "28185000", "researchAndDevelopment": "16583000", "operatingExpenses": "86272000", "investmentIncomeNet": "None", "netInterestIncome": "None", "interestIncome": "None", "interestExpense": "436000", "nonInterestIncome": "None", "otherNonOperatingIncome": "None", "depreciation": "None", "depreciationAndAmortization": "12506000", "incomeBeforeTax": "43817000", "incomeTaxExpense": "12281000", "interestAndDebtExpense": "None", "netIncomeFromContinuingOperations": "0", "comprehensiveIncomeNetOfTax": "None", "ebit": "44253000", "ebitda": "56759000", "netIncome": "31536000"}, {"fiscalDateEnding": "2009-06-30", "reportedCurrency": "USD", "grossProfit": "138440000", "totalRevenue": "265723000", "costOfRevenue": "127283000", "costofGoodsAndServicesSold": "127283000", "operatingIncome": "49176000", "sellingGeneralAndAdministrative": "30794000", "researchAndDevelopment": "16594000", "operatingExpenses": "89264000", "investmentIncomeNet": "None", "netInterestIncome": "None", "interestIncome": "None", "interestExpense": "403000", "nonInterestIncome": "None", "otherNonOperatingIncome": "None", "depreciation": "None", "depreciationAndAmortization": "11665000", "incomeBeforeTax": "48773000", "incomeTaxExpense": "15106000", "interestAndDebtExpense": "None", "netIncomeFromContinuingOperations": "0", "comprehensiveIncomeNetOfTax": "None", "ebit": "49723000", "ebitda": "61388000", "netIncome": "33667000"}, {"fiscalDateEnding": "2009-03-31", "reportedCurrency": "USD", "grossProfit": "124433000", "totalRevenue": "236455000", "costOfRevenue": "112022000", "costofGoodsAndServicesSold": "112022000", "operatingIncome": "38441000", "sellingGeneralAndAdministrative": "29068000", "researchAndDevelopment": "15939000", "operatingExpenses": "85992000", "investmentIncomeNet": "None", "netInterestIncome": "None", "interestIncome": "None", "interestExpense": "640000", "nonInterestIncome": "None", "otherNonOperatingIncome": "None", "depreciation": "None", "depreciationAndAmortization": "13047000", "incomeBeforeTax": "38045000", "incomeTaxExpense": "11974000", "interestAndDebtExpense": "None", "netIncomeFromContinuingOperations": "0", "comprehensiveIncomeNetOfTax": "None", "ebit": "38194000", "ebitda": "51241000", "netIncome": "26071000"}, {"fiscalDateEnding": "2008-12-31", "reportedCurrency": "USD", "grossProfit": "120521000", "totalRevenue": "243293000", "costOfRevenue": "122772000", "costofGoodsAndServicesSold": "122772000", "operatingIncome": "35849000", "sellingGeneralAndAdministrative": "67488000", "researchAndDevelopment": "17184000", "operatingExpenses": "84672000", "investmentIncomeNet": "None", "netInterestIncome": "None", "interestIncome": "None", "interestExpense": "2269000", "nonInterestIncome": "None", "otherNonOperatingIncome": "None", "depreciation": "None", "depreciationAndAmortization": "12649000", "incomeBeforeTax": "35268000", "incomeTaxExpense": "11713000", "interestAndDebtExpense": "None", "netIncomeFromContinuingOperations": "0", "comprehensiveIncomeNetOfTax": "None", "ebit": "38169000", "ebitda": "50818000", "netIncome": "23555000"}, {"fiscalDateEnding": "2008-09-30", "reportedCurrency": "USD", "grossProfit": "128149000", "totalRevenue": "251093000", "costOfRevenue": "122944000", "costofGoodsAndServicesSold": "122944000", "operatingIncome": "38997000", "sellingGeneralAndAdministrative": "71232000", "researchAndDevelopment": "17920000", "operatingExpenses": "89152000", "investmentIncomeNet": "None", "netInterestIncome": "None", "interestIncome": "None", "interestExpense": "1242000", "nonInterestIncome": "None", "otherNonOperatingIncome": "None", "depreciation": "None", "depreciationAndAmortization": "12190000", "incomeBeforeTax": "38437000", "incomeTaxExpense": "12738000", "interestAndDebtExpense": "None", "netIncomeFromContinuingOperations": "0", "comprehensiveIncomeNetOfTax": "None", "ebit": "26807000", "ebitda": "38997000", "netIncome": "25699000"}, {"fiscalDateEnding": "2008-06-30", "reportedCurrency": "USD", "grossProfit": "151260000", "totalRevenue": "280570000", "costOfRevenue": "129310000", "costofGoodsAndServicesSold": "129310000", "operatingIncome": "58891000", "sellingGeneralAndAdministrative": "74095000", "researchAndDevelopment": "18274000", "operatingExpenses": "92369000", "investmentIncomeNet": "None", "netInterestIncome": "None", "interestIncome": "None", "interestExpense": "1213000", "nonInterestIncome": "None", "otherNonOperatingIncome": "None", "depreciation": "None", "depreciationAndAmortization": "12585000", "incomeBeforeTax": "58248000", "incomeTaxExpense": "18884000", "interestAndDebtExpense": "None", "netIncomeFromContinuingOperations": "0", "comprehensiveIncomeNetOfTax": "None", "ebit": "58977000", "ebitda": "71562000", "netIncome": "39364000"}, {"fiscalDateEnding": "2008-03-31", "reportedCurrency": "USD", "grossProfit": "129836000", "totalRevenue": "249074000", "costOfRevenue": "119238000", "costofGoodsAndServicesSold": "119238000", "operatingIncome": "38719000", "sellingGeneralAndAdministrative": "73822000", "researchAndDevelopment": "17295000", "operatingExpenses": "91117000", "investmentIncomeNet": "None", "netInterestIncome": "None", "interestIncome": "None", "interestExpense": "1031000", "nonInterestIncome": "None", "otherNonOperatingIncome": "None", "depreciation": "None", "depreciationAndAmortization": "11395000", "incomeBeforeTax": "38234000", "incomeTaxExpense": "10683000", "interestAndDebtExpense": "None", "netIncomeFromContinuingOperations": "0", "comprehensiveIncomeNetOfTax": "None", "ebit": "27324000", "ebitda": "38719000", "netIncome": "27551000"}, {"fiscalDateEnding": "2007-12-31", "reportedCurrency": "USD", "grossProfit": "122244000", "totalRevenue": "244969000", "costOfRevenue": "122725000", "costofGoodsAndServicesSold": "122725000", "operatingIncome": "36742000", "sellingGeneralAndAdministrative": "68733000", "researchAndDevelopment": "16769000", "operatingExpenses": "85502000", "investmentIncomeNet": "None", "netInterestIncome": "None", "interestIncome": "None", "interestExpense": "1340000", "nonInterestIncome": "None", "otherNonOperatingIncome": "None", "depreciation": "None", "depreciationAndAmortization": "11562000", "incomeBeforeTax": "36723000", "incomeTaxExpense": "11195000", "interestAndDebtExpense": "None", "netIncomeFromContinuingOperations": "0", "comprehensiveIncomeNetOfTax": "None", "ebit": "36742000", "ebitda": "48304000", "netIncome": "25528000"}, {"fiscalDateEnding": "2007-09-30", "reportedCurrency": "USD", "grossProfit": "118478000", "totalRevenue": "229385000", "costOfRevenue": "110907000", "costofGoodsAndServicesSold": "110907000", "operatingIncome": "36097000", "sellingGeneralAndAdministrative": "65100000", "researchAndDevelopment": "17281000", "operatingExpenses": "82381000", "investmentIncomeNet": "None", "netInterestIncome": "None", "interestIncome": "None", "interestExpense": "1202000", "nonInterestIncome": "None", "otherNonOperatingIncome": "None", "depreciation": "None", "depreciationAndAmortization": "10267000", "incomeBeforeTax": "35582000", "incomeTaxExpense": "9787000", "interestAndDebtExpense": "None", "netIncomeFromContinuingOperations": "0", "comprehensiveIncomeNetOfTax": "None", "ebit": "25830000", "ebitda": "36097000", "netIncome": "25795000"}, {"fiscalDateEnding": "2007-06-30", "reportedCurrency": "USD", "grossProfit": "114221000", "totalRevenue": "237046000", "costOfRevenue": "122825000", "costofGoodsAndServicesSold": "122825000", "operatingIncome": "32467000", "sellingGeneralAndAdministrative": "64437000", "researchAndDevelopment": "17317000", "operatingExpenses": "81754000", "investmentIncomeNet": "None", "netInterestIncome": "None", "interestIncome": "None", "interestExpense": "1454000", "nonInterestIncome": "None", "otherNonOperatingIncome": "None", "depreciation": "None", "depreciationAndAmortization": "10224000", "incomeBeforeTax": "31633000", "incomeTaxExpense": "9969000", "interestAndDebtExpense": "None", "netIncomeFromContinuingOperations": "0", "comprehensiveIncomeNetOfTax": "None", "ebit": "22243000", "ebitda": "32467000", "netIncome": "21664000"}, {"fiscalDateEnding": "2007-03-31", "reportedCurrency": "USD", "grossProfit": "108579000", "totalRevenue": "211155000", "costOfRevenue": "102576000", "costofGoodsAndServicesSold": "102576000", "operatingIncome": "30877000", "sellingGeneralAndAdministrative": "61731000", "researchAndDevelopment": "15971000", "operatingExpenses": "77702000", "investmentIncomeNet": "None", "netInterestIncome": "None", "interestIncome": "None", "interestExpense": "634000", "nonInterestIncome": "None", "otherNonOperatingIncome": "None", "depreciation": "None", "depreciationAndAmortization": "9047000", "incomeBeforeTax": "30905000", "incomeTaxExpense": "9878000", "interestAndDebtExpense": "None", "netIncomeFromContinuingOperations": "0", "comprehensiveIncomeNetOfTax": "None", "ebit": "21830000", "ebitda": "30877000", "netIncome": "21027000"}, {"fiscalDateEnding": "2006-12-31", "reportedCurrency": "USD", "grossProfit": "96269000", "totalRevenue": "192209000", "costOfRevenue": "95940000", "costofGoodsAndServicesSold": "95940000", "operatingIncome": "29470000", "sellingGeneralAndAdministrative": "52848000", "researchAndDevelopment": "13951000", "operatingExpenses": "66799000", "investmentIncomeNet": "None", "netInterestIncome": "None", "interestIncome": "None", "interestExpense": "462000", "nonInterestIncome": "None", "otherNonOperatingIncome": "None", "depreciation": "None", "depreciationAndAmortization": "8079000", "incomeBeforeTax": "30315000", "incomeTaxExpense": "5643000", "interestAndDebtExpense": "None", "netIncomeFromContinuingOperations": "0", "comprehensiveIncomeNetOfTax": "None", "ebit": "29470000", "ebitda": "37549000", "netIncome": "24672000"}, {"fiscalDateEnding": "2006-09-30", "reportedCurrency": "USD", "grossProfit": "98199000", "totalRevenue": "187380000", "costOfRevenue": "89181000", "costofGoodsAndServicesSold": "89181000", "operatingIncome": "34462000", "sellingGeneralAndAdministrative": "50041000", "researchAndDevelopment": "13696000", "operatingExpenses": "63737000", "investmentIncomeNet": "None", "netInterestIncome": "None", "interestIncome": "None", "interestExpense": "159000", "nonInterestIncome": "None", "otherNonOperatingIncome": "None", "depreciation": "None", "depreciationAndAmortization": "7528000", "incomeBeforeTax": "35071000", "incomeTaxExpense": "10118000", "interestAndDebtExpense": "None", "netIncomeFromContinuingOperations": "0", "comprehensiveIncomeNetOfTax": "None", "ebit": "26934000", "ebitda": "34462000", "netIncome": "24953000"}, {"fiscalDateEnding": "2006-06-30", "reportedCurrency": "USD", "grossProfit": "99036000", "totalRevenue": "191364000", "costOfRevenue": "92328000", "costofGoodsAndServicesSold": "92328000", "operatingIncome": "37026000", "sellingGeneralAndAdministrative": "48718000", "researchAndDevelopment": "13292000", "operatingExpenses": "62010000", "investmentIncomeNet": "None", "netInterestIncome": "None", "interestIncome": "None", "interestExpense": "76000", "nonInterestIncome": "None", "otherNonOperatingIncome": "None", "depreciation": "None", "depreciationAndAmortization": "7551000", "incomeBeforeTax": "37620000", "incomeTaxExpense": "11879000", "interestAndDebtExpense": "None", "netIncomeFromContinuingOperations": "0", "comprehensiveIncomeNetOfTax": "None", "ebit": "29475000", "ebitda": "37026000", "netIncome": "25780000"}, {"fiscalDateEnding": "2006-03-31", "reportedCurrency": "USD", "grossProfit": "86025000", "totalRevenue": "168164000", "costOfRevenue": "82139000", "costofGoodsAndServicesSold": "82139000", "operatingIncome": "26975000", "sellingGeneralAndAdministrative": "46372000", "researchAndDevelopment": "12678000", "operatingExpenses": "59050000", "investmentIncomeNet": "None", "netInterestIncome": "None", "interestIncome": "None", "interestExpense": "113000", "nonInterestIncome": "None", "otherNonOperatingIncome": "None", "depreciation": "None", "depreciationAndAmortization": "6658000", "incomeBeforeTax": "27744000", "incomeTaxExpense": "9584000", "interestAndDebtExpense": "None", "netIncomeFromContinuingOperations": "0", "comprehensiveIncomeNetOfTax": "None", "ebit": "20317000", "ebitda": "26975000", "netIncome": "18273000"}, {"fiscalDateEnding": "2005-12-31", "reportedCurrency": "USD", "grossProfit": "84916000", "totalRevenue": "166970000", "costOfRevenue": "82054000", "costofGoodsAndServicesSold": "82054000", "operatingIncome": "30184000", "sellingGeneralAndAdministrative": "44096000", "researchAndDevelopment": "10636000", "operatingExpenses": "54732000", "investmentIncomeNet": "None", "netInterestIncome": "None", "interestIncome": "None", "interestExpense": "0", "nonInterestIncome": "None", "otherNonOperatingIncome": "None", "depreciation": "None", "depreciationAndAmortization": "6278000", "incomeBeforeTax": "31033000", "incomeTaxExpense": "11137000", "interestAndDebtExpense": "None", "netIncomeFromContinuingOperations": "0", "comprehensiveIncomeNetOfTax": "None", "ebit": "30184000", "ebitda": "36462000", "netIncome": "20027000"}, {"fiscalDateEnding": "2005-09-30", "reportedCurrency": "USD", "grossProfit": "81329000", "totalRevenue": "158069000", "costOfRevenue": "76740000", "costofGoodsAndServicesSold": "76740000", "operatingIncome": "30123000", "sellingGeneralAndAdministrative": "40663000", "researchAndDevelopment": "10543000", "operatingExpenses": "51206000", "investmentIncomeNet": "None", "netInterestIncome": "None", "interestIncome": "None", "interestExpense": "0", "nonInterestIncome": "None", "otherNonOperatingIncome": "None", "depreciation": "None", "depreciationAndAmortization": "6138000", "incomeBeforeTax": "31041000", "incomeTaxExpense": "10547000", "interestAndDebtExpense": "None", "netIncomeFromContinuingOperations": "0", "comprehensiveIncomeNetOfTax": "None", "ebit": "23985000", "ebitda": "30123000", "netIncome": "20604000"}, {"fiscalDateEnding": "2005-06-30", "reportedCurrency": "USD", "grossProfit": "80575000", "totalRevenue": "160630000", "costOfRevenue": "80055000", "costofGoodsAndServicesSold": "80055000", "operatingIncome": "28886000", "sellingGeneralAndAdministrative": "41694000", "researchAndDevelopment": "9995000", "operatingExpenses": "51689000", "investmentIncomeNet": "None", "netInterestIncome": "None", "interestIncome": "None", "interestExpense": "0", "nonInterestIncome": "None", "otherNonOperatingIncome": "None", "depreciation": "None", "depreciationAndAmortization": "6137000", "incomeBeforeTax": "29757000", "incomeTaxExpense": "9934000", "interestAndDebtExpense": "None", "netIncomeFromContinuingOperations": "0", "comprehensiveIncomeNetOfTax": "None", "ebit": "22749000", "ebitda": "28886000", "netIncome": "19933000"}, {"fiscalDateEnding": "2005-03-31", "reportedCurrency": "USD", "grossProfit": "76080000", "totalRevenue": "152426000", "costOfRevenue": "76346000", "costofGoodsAndServicesSold": "76346000", "operatingIncome": "26138000", "sellingGeneralAndAdministrative": "40168000", "researchAndDevelopment": "9774000", "operatingExpenses": "49942000", "investmentIncomeNet": "None", "netInterestIncome": "None", "interestIncome": "None", "interestExpense": "0", "nonInterestIncome": "None", "otherNonOperatingIncome": "None", "depreciation": "None", "depreciationAndAmortization": "5816000", "incomeBeforeTax": "26641000", "incomeTaxExpense": "9052000", "interestAndDebtExpense": "None", "netIncomeFromContinuingOperations": "0", "comprehensiveIncomeNetOfTax": "None", "ebit": "20322000", "ebitda": "26138000", "netIncome": "17690000"}, {"fiscalDateEnding": "2004-12-31", "reportedCurrency": "USD", "grossProfit": "68911000", "totalRevenue": "144274000", "costOfRevenue": "75363000", "costofGoodsAndServicesSold": "75363000", "operatingIncome": "23275000", "sellingGeneralAndAdministrative": "36263000", "researchAndDevelopment": "9373000", "operatingExpenses": "45636000", "investmentIncomeNet": "None", "netInterestIncome": "None", "interestIncome": "None", "interestExpense": "0", "nonInterestIncome": "None", "otherNonOperatingIncome": "None", "depreciation": "None", "depreciationAndAmortization": "5237000", "incomeBeforeTax": "24028000", "incomeTaxExpense": "7172000", "interestAndDebtExpense": "None", "netIncomeFromContinuingOperations": "0", "comprehensiveIncomeNetOfTax": "None", "ebit": "23275000", "ebitda": "28512000", "netIncome": "16935000"}]}