{"symbol": "BLK", "annualReports": [{"fiscalDateEnding": "2024-12-31", "reportedCurrency": "USD", "grossProfit": "10086000000", "totalRevenue": "20407000000", "costOfRevenue": "10321000000", "costofGoodsAndServicesSold": "10321000000", "operatingIncome": "7574000000", "sellingGeneralAndAdministrative": "1853000000", "researchAndDevelopment": "674000000", "operatingExpenses": "2512000000", "investmentIncomeNet": "None", "netInterestIncome": "229000000", "interestIncome": "767000000", "interestExpense": "538000000", "nonInterestIncome": "None", "otherNonOperatingIncome": "None", "depreciation": "None", "depreciationAndAmortization": "438666557", "incomeBeforeTax": "8295000000", "incomeTaxExpense": "1783000000", "interestAndDebtExpense": "None", "netIncomeFromContinuingOperations": "6512000000", "comprehensiveIncomeNetOfTax": "None", "ebit": "7678000000", "ebitda": "8116666557", "netIncome": "6369000000"}, {"fiscalDateEnding": "2023-12-31", "reportedCurrency": "USD", "grossProfit": "8347000000", "totalRevenue": "17859000000", "costOfRevenue": "9512000000", "costofGoodsAndServicesSold": "9512000000", "operatingIncome": "6275000000", "sellingGeneralAndAdministrative": "1519000000", "researchAndDevelopment": "607000000", "operatingExpenses": "2072000000", "investmentIncomeNet": "None", "netInterestIncome": "122000000", "interestIncome": "386000000", "interestExpense": "292000000", "nonInterestIncome": "None", "otherNonOperatingIncome": "None", "depreciation": "None", "depreciationAndAmortization": "427000000", "incomeBeforeTax": "7155000000", "incomeTaxExpense": "1479000000", "interestAndDebtExpense": "None", "netIncomeFromContinuingOperations": "5494000000", "comprehensiveIncomeNetOfTax": "None", "ebit": "7447000000", "ebitda": "7874000000", "netIncome": "5502000000"}, {"fiscalDateEnding": "2022-12-31", "reportedCurrency": "USD", "grossProfit": "8787000000", "totalRevenue": "17873000000", "costOfRevenue": "9086000000", "costofGoodsAndServicesSold": "9086000000", "operatingIncome": "6385000000", "sellingGeneralAndAdministrative": "1816000000", "researchAndDevelopment": "600000000", "operatingExpenses": "2298000000", "investmentIncomeNet": "None", "netInterestIncome": "-60000000", "interestIncome": "95000000", "interestExpense": "212000000", "nonInterestIncome": "None", "otherNonOperatingIncome": "117000000", "depreciation": "None", "depreciationAndAmortization": "11162000000", "incomeBeforeTax": "6290000000", "incomeTaxExpense": "1296000000", "interestAndDebtExpense": "None", "netIncomeFromContinuingOperations": "4994000000", "comprehensiveIncomeNetOfTax": "None", "ebit": "-4265000000", "ebitda": "6897000000", "netIncome": "5178000000"}, {"fiscalDateEnding": "2021-12-31", "reportedCurrency": "USD", "grossProfit": "9818000000", "totalRevenue": "19374000000", "costOfRevenue": "9556000000", "costofGoodsAndServicesSold": "9556000000", "operatingIncome": "7450000000", "sellingGeneralAndAdministrative": "1945000000", "researchAndDevelopment": "508000000", "operatingExpenses": "2330000000", "investmentIncomeNet": "None", "netInterestIncome": "-118000000", "interestIncome": "723000000", "interestExpense": "205000000", "nonInterestIncome": "None", "otherNonOperatingIncome": "928000000", "depreciation": "None", "depreciationAndAmortization": "11857000000", "incomeBeforeTax": "8173000000", "incomeTaxExpense": "1968000000", "interestAndDebtExpense": "None", "netIncomeFromContinuingOperations": "6205000000", "comprehensiveIncomeNetOfTax": "None", "ebit": "-3958000000", "ebitda": "7899000000", "netIncome": "5901000000"}, {"fiscalDateEnding": "2020-12-31", "reportedCurrency": "USD", "grossProfit": "8266000000", "totalRevenue": "16205000000", "costOfRevenue": "7939000000", "costofGoodsAndServicesSold": "7939000000", "operatingIncome": "5695000000", "sellingGeneralAndAdministrative": "1618000000", "researchAndDevelopment": "0.39", "operatingExpenses": "1953000000", "investmentIncomeNet": "None", "netInterestIncome": "-143000000", "interestIncome": "62000000", "interestExpense": "205000000", "nonInterestIncome": "None", "otherNonOperatingIncome": "1034000000", "depreciation": "None", "depreciationAndAmortization": "10224000000", "incomeBeforeTax": "6524000000", "incomeTaxExpense": "1238000000", "interestAndDebtExpense": "None", "netIncomeFromContinuingOperations": "5286000000", "comprehensiveIncomeNetOfTax": "None", "ebit": "-4148000000", "ebitda": "6076000000", "netIncome": "4932000000"}, {"fiscalDateEnding": "2019-12-31", "reportedCurrency": "USD", "grossProfit": "7406000000", "totalRevenue": "14539000000", "costOfRevenue": "7133000000", "costofGoodsAndServicesSold": "7133000000", "operatingIncome": "5551000000", "sellingGeneralAndAdministrative": "1324000000", "researchAndDevelopment": "0.39", "operatingExpenses": "1771000000", "investmentIncomeNet": "None", "netInterestIncome": "-106000000", "interestIncome": "97000000", "interestExpense": "203000000", "nonInterestIncome": "None", "otherNonOperatingIncome": "439000000", "depreciation": "None", "depreciationAndAmortization": "8904000000", "incomeBeforeTax": "5787000000", "incomeTaxExpense": "1261000000", "interestAndDebtExpense": "None", "netIncomeFromContinuingOperations": "4526000000", "comprehensiveIncomeNetOfTax": "None", "ebit": "-3004000000", "ebitda": "5900000000", "netIncome": "4476000000"}, {"fiscalDateEnding": "2018-12-31", "reportedCurrency": "USD", "grossProfit": "7205000000", "totalRevenue": "14198000000", "costOfRevenue": "6993000000", "costofGoodsAndServicesSold": "6993000000", "operatingIncome": "5457000000", "sellingGeneralAndAdministrative": "1196000000", "researchAndDevelopment": "0.38", "operatingExpenses": "1607000000", "investmentIncomeNet": "None", "netInterestIncome": "-80000000", "interestIncome": "104000000", "interestExpense": "184000000", "nonInterestIncome": "None", "otherNonOperatingIncome": "105000000", "depreciation": "None", "depreciationAndAmortization": "8784000000", "incomeBeforeTax": "5378000000", "incomeTaxExpense": "1076000000", "interestAndDebtExpense": "None", "netIncomeFromContinuingOperations": "4302000000", "comprehensiveIncomeNetOfTax": "None", "ebit": "-2982000000", "ebitda": "5802000000", "netIncome": "4305000000"}, {"fiscalDateEnding": "2017-12-31", "reportedCurrency": "USD", "grossProfit": "6789000000", "totalRevenue": "13600000000", "costOfRevenue": "6811000000", "costofGoodsAndServicesSold": "6811000000", "operatingIncome": "5254000000", "sellingGeneralAndAdministrative": "1446000000", "researchAndDevelopment": "0.38", "operatingExpenses": "1535000000", "investmentIncomeNet": "None", "netInterestIncome": "-156000000", "interestIncome": "49000000", "interestExpense": "205000000", "nonInterestIncome": "None", "otherNonOperatingIncome": "210000000", "depreciation": "None", "depreciationAndAmortization": "8516000000", "incomeBeforeTax": "5259000000", "incomeTaxExpense": "270000000", "interestAndDebtExpense": "None", "netIncomeFromContinuingOperations": "5007000000", "comprehensiveIncomeNetOfTax": "None", "ebit": "-3014000000", "ebitda": "5502000000", "netIncome": "4952000000"}, {"fiscalDateEnding": "2016-12-31", "reportedCurrency": "USD", "grossProfit": "6046000000", "totalRevenue": "11155000000", "costOfRevenue": "5109000000", "costofGoodsAndServicesSold": "5109000000", "operatingIncome": "4570000000", "sellingGeneralAndAdministrative": "1301000000", "researchAndDevelopment": "175000000", "operatingExpenses": "1400000000", "investmentIncomeNet": "None", "netInterestIncome": "-165000000", "interestIncome": "40000000", "interestExpense": "205000000", "nonInterestIncome": "None", "otherNonOperatingIncome": "95000000", "depreciation": "None", "depreciationAndAmortization": "6515000000", "incomeBeforeTax": "4460000000", "incomeTaxExpense": "1290000000", "interestAndDebtExpense": "None", "netIncomeFromContinuingOperations": "3170000000", "comprehensiveIncomeNetOfTax": "None", "ebit": "-1613000000", "ebitda": "4902000000", "netIncome": "3172000000"}, {"fiscalDateEnding": "2015-12-31", "reportedCurrency": "USD", "grossProfit": "6172000000", "totalRevenue": "11401000000", "costOfRevenue": "5229000000", "costofGoodsAndServicesSold": "5229000000", "operatingIncome": "4664000000", "sellingGeneralAndAdministrative": "1380000000", "researchAndDevelopment": "170000000", "operatingExpenses": "1508000000", "investmentIncomeNet": "None", "netInterestIncome": "None", "interestIncome": "62000000", "interestExpense": "204000000", "nonInterestIncome": "None", "otherNonOperatingIncome": "84000000", "depreciation": "None", "depreciationAndAmortization": "128000000", "incomeBeforeTax": "4602000000", "incomeTaxExpense": "1250000000", "interestAndDebtExpense": "None", "netIncomeFromContinuingOperations": "3352000000", "comprehensiveIncomeNetOfTax": "None", "ebit": "4831000000", "ebitda": "4959000000", "netIncome": "3345000000"}, {"fiscalDateEnding": "2014-12-31", "reportedCurrency": "USD", "grossProfit": "6084000000", "totalRevenue": "11081000000", "costOfRevenue": "4997000000", "costofGoodsAndServicesSold": "4997000000", "operatingIncome": "4474000000", "sellingGeneralAndAdministrative": "1453000000", "researchAndDevelopment": "164000000", "operatingExpenses": "1610000000", "investmentIncomeNet": "None", "netInterestIncome": "None", "interestIncome": "None", "interestExpense": "232000000", "nonInterestIncome": "None", "otherNonOperatingIncome": "-79000000", "depreciation": "None", "depreciationAndAmortization": "157000000", "incomeBeforeTax": "4395000000", "incomeTaxExpense": "1131000000", "interestAndDebtExpense": "None", "netIncomeFromContinuingOperations": "3264000000", "comprehensiveIncomeNetOfTax": "None", "ebit": "4595000000", "ebitda": "4752000000", "netIncome": "3294000000"}, {"fiscalDateEnding": "2013-12-31", "reportedCurrency": "USD", "grossProfit": "5558000000", "totalRevenue": "10180000000", "costOfRevenue": "4622000000", "costofGoodsAndServicesSold": "4622000000", "operatingIncome": "3857000000", "sellingGeneralAndAdministrative": "1540000000", "researchAndDevelopment": "160000000", "operatingExpenses": "1701000000", "investmentIncomeNet": "None", "netInterestIncome": "None", "interestIncome": "None", "interestExpense": "211000000", "nonInterestIncome": "None", "otherNonOperatingIncome": "116000000", "depreciation": "None", "depreciationAndAmortization": "161000000", "incomeBeforeTax": "3973000000", "incomeTaxExpense": "1022000000", "interestAndDebtExpense": "None", "netIncomeFromContinuingOperations": "2951000000", "comprehensiveIncomeNetOfTax": "None", "ebit": "4111000000", "ebitda": "4272000000", "netIncome": "2932000000"}, {"fiscalDateEnding": "2012-12-31", "reportedCurrency": "USD", "grossProfit": "5040000000", "totalRevenue": "9337000000", "costOfRevenue": "4297000000", "costofGoodsAndServicesSold": "4297000000", "operatingIncome": "3524000000", "sellingGeneralAndAdministrative": "1359000000", "researchAndDevelopment": "150000000", "operatingExpenses": "1516000000", "investmentIncomeNet": "None", "netInterestIncome": "None", "interestIncome": "None", "interestExpense": "215000000", "nonInterestIncome": "None", "otherNonOperatingIncome": "-54000000", "depreciation": "None", "depreciationAndAmortization": "157000000", "incomeBeforeTax": "3470000000", "incomeTaxExpense": "1030000000", "interestAndDebtExpense": "None", "netIncomeFromContinuingOperations": "2440000000", "comprehensiveIncomeNetOfTax": "None", "ebit": "3662000000", "ebitda": "3819000000", "netIncome": "2458000000"}, {"fiscalDateEnding": "2011-12-31", "reportedCurrency": "USD", "grossProfit": "5496000000", "totalRevenue": "9081000000", "costOfRevenue": "3585000000", "costofGoodsAndServicesSold": "3585000000", "operatingIncome": "3249000000", "sellingGeneralAndAdministrative": "5177000000", "researchAndDevelopment": "0", "operatingExpenses": "2215000000", "investmentIncomeNet": "None", "netInterestIncome": "None", "interestIncome": "None", "interestExpense": "176000000", "nonInterestIncome": "None", "otherNonOperatingIncome": "-114000000", "depreciation": "None", "depreciationAndAmortization": "156000000", "incomeBeforeTax": "3135000000", "incomeTaxExpense": "796000000", "interestAndDebtExpense": "None", "netIncomeFromContinuingOperations": "2339000000", "comprehensiveIncomeNetOfTax": "None", "ebit": "3315000000", "ebitda": "3471000000", "netIncome": "2337000000"}, {"fiscalDateEnding": "2010-12-31", "reportedCurrency": "USD", "grossProfit": "5107000000", "totalRevenue": "8612000000", "costOfRevenue": "3505000000", "costofGoodsAndServicesSold": "3505000000", "operatingIncome": "2998000000", "sellingGeneralAndAdministrative": "4944000000", "researchAndDevelopment": "0", "operatingExpenses": "2109000000", "investmentIncomeNet": "None", "netInterestIncome": "None", "interestIncome": "None", "interestExpense": "150000000", "nonInterestIncome": "None", "otherNonOperatingIncome": "23000000", "depreciation": "None", "depreciationAndAmortization": "160000000", "incomeBeforeTax": "3021000000", "incomeTaxExpense": "971000000", "interestAndDebtExpense": "None", "netIncomeFromContinuingOperations": "2050000000", "comprehensiveIncomeNetOfTax": "None", "ebit": "3027000000", "ebitda": "3187000000", "netIncome": "2063000000"}, {"fiscalDateEnding": "2009-12-31", "reportedCurrency": "USD", "grossProfit": "2421000000", "totalRevenue": "4700000000", "costOfRevenue": "2279000000", "costofGoodsAndServicesSold": "2279000000", "operatingIncome": "1278000000", "sellingGeneralAndAdministrative": "2676000000", "researchAndDevelopment": "0", "operatingExpenses": "1121000000", "investmentIncomeNet": "None", "netInterestIncome": "None", "interestIncome": "None", "interestExpense": "68000000", "nonInterestIncome": "None", "otherNonOperatingIncome": "None", "depreciation": "None", "depreciationAndAmortization": "147000000", "incomeBeforeTax": "1272000000", "incomeTaxExpense": "375000000", "interestAndDebtExpense": "None", "netIncomeFromContinuingOperations": "None", "comprehensiveIncomeNetOfTax": "None", "ebit": "1320000000", "ebitda": "1467000000", "netIncome": "875000000"}, {"fiscalDateEnding": "2008-12-31", "reportedCurrency": "USD", "grossProfit": "4466908000", "totalRevenue": "5063908000", "costOfRevenue": "597000000", "costofGoodsAndServicesSold": "597000000", "operatingIncome": "1592597000", "sellingGeneralAndAdministrative": "1342218000", "researchAndDevelopment": "None", "operatingExpenses": "3432958000", "investmentIncomeNet": "None", "netInterestIncome": "None", "interestIncome": "None", "interestExpense": "65702000", "nonInterestIncome": "None", "otherNonOperatingIncome": "None", "depreciation": "None", "depreciationAndAmortization": "275749000", "incomeBeforeTax": "1019052000", "incomeTaxExpense": "387340000", "interestAndDebtExpense": "None", "netIncomeFromContinuingOperations": "None", "comprehensiveIncomeNetOfTax": "None", "ebit": "1695671000", "ebitda": "1971420000", "netIncome": "786419000"}, {"fiscalDateEnding": "2007-12-31", "reportedCurrency": "USD", "grossProfit": "4297035000", "totalRevenue": "4844655000", "costOfRevenue": "547620000", "costofGoodsAndServicesSold": "547620000", "operatingIncome": "1293664000", "sellingGeneralAndAdministrative": "2765544000", "researchAndDevelopment": "None", "operatingExpenses": "3003371000", "investmentIncomeNet": "None", "netInterestIncome": "None", "interestIncome": "None", "interestExpense": "49412000", "nonInterestIncome": "None", "otherNonOperatingIncome": "None", "depreciation": "None", "depreciationAndAmortization": "198824000", "incomeBeforeTax": "1822719000", "incomeTaxExpense": "463832000", "interestAndDebtExpense": "None", "netIncomeFromContinuingOperations": "None", "comprehensiveIncomeNetOfTax": "None", "ebit": "1368130000", "ebitda": "1566954000", "netIncome": "995272000"}, {"fiscalDateEnding": "2006-12-31", "reportedCurrency": "USD", "grossProfit": "2097976000", "totalRevenue": "2097976000", "costOfRevenue": "1376985000", "costofGoodsAndServicesSold": "1376985000", "operatingIncome": "471800000", "sellingGeneralAndAdministrative": "443260000", "researchAndDevelopment": "None", "operatingExpenses": "1626176000", "investmentIncomeNet": "None", "netInterestIncome": "None", "interestIncome": "None", "interestExpense": "10000000", "nonInterestIncome": "None", "otherNonOperatingIncome": "None", "depreciation": "None", "depreciationAndAmortization": "72809000", "incomeBeforeTax": "528233000", "incomeTaxExpense": "189463000", "interestAndDebtExpense": "None", "netIncomeFromContinuingOperations": "None", "comprehensiveIncomeNetOfTax": "None", "ebit": "405451000", "ebitda": "478260000", "netIncome": "322602000"}, {"fiscalDateEnding": "2005-12-31", "reportedCurrency": "USD", "grossProfit": "1191386000", "totalRevenue": "1191386000", "costOfRevenue": "819943000", "costofGoodsAndServicesSold": "819943000", "operatingIncome": "340541000", "sellingGeneralAndAdministrative": "204850000", "researchAndDevelopment": "None", "operatingExpenses": "850845000", "investmentIncomeNet": "None", "netInterestIncome": "None", "interestIncome": "None", "interestExpense": "7924000", "nonInterestIncome": "None", "otherNonOperatingIncome": "None", "depreciation": "None", "depreciationAndAmortization": "30902000", "incomeBeforeTax": "375755000", "incomeTaxExpense": "138558000", "interestAndDebtExpense": "None", "netIncomeFromContinuingOperations": "None", "comprehensiveIncomeNetOfTax": "None", "ebit": "297403000", "ebitda": "328305000", "netIncome": "233908000"}], "quarterlyReports": [{"fiscalDateEnding": "2024-12-31", "reportedCurrency": "USD", "grossProfit": "2796000000", "totalRevenue": "5677000000", "costOfRevenue": "2881000000", "costofGoodsAndServicesSold": "2881000000", "operatingIncome": "2075000000", "sellingGeneralAndAdministrative": "494000000", "researchAndDevelopment": "182000000", "operatingExpenses": "721000000", "investmentIncomeNet": "None", "netInterestIncome": "46000000", "interestIncome": "212000000", "interestExpense": "166000000", "nonInterestIncome": "None", "otherNonOperatingIncome": "None", "depreciation": "None", "depreciationAndAmortization": "110000000", "incomeBeforeTax": "2103000000", "incomeTaxExpense": "442000000", "interestAndDebtExpense": "None", "netIncomeFromContinuingOperations": "1661000000", "comprehensiveIncomeNetOfTax": "None", "ebit": "2085000000", "ebitda": "2195000000", "netIncome": "1670000000"}, {"fiscalDateEnding": "2024-09-30", "reportedCurrency": "USD", "grossProfit": "4412000000", "totalRevenue": "5374000000", "costOfRevenue": "962000000", "costofGoodsAndServicesSold": "962000000", "operatingIncome": "2184000000", "sellingGeneralAndAdministrative": "561000000", "researchAndDevelopment": "None", "operatingExpenses": "-2228000000", "investmentIncomeNet": "None", "netInterestIncome": "82000000", "interestIncome": "236000000", "interestExpense": "154000000", "nonInterestIncome": "None", "otherNonOperatingIncome": "None", "depreciation": "None", "depreciationAndAmortization": "None", "incomeBeforeTax": "2265000000", "incomeTaxExpense": "574000000", "interestAndDebtExpense": "None", "netIncomeFromContinuingOperations": "1691000000", "comprehensiveIncomeNetOfTax": "None", "ebit": "None", "ebitda": "2184000000", "netIncome": "1631000000"}, {"fiscalDateEnding": "2024-06-30", "reportedCurrency": "USD", "grossProfit": "3971000000", "totalRevenue": "4976000000", "costOfRevenue": "1005000000", "costofGoodsAndServicesSold": "1005000000", "operatingIncome": "1965000000", "sellingGeneralAndAdministrative": "392000000", "researchAndDevelopment": "157000000", "operatingExpenses": "507000000", "investmentIncomeNet": "None", "netInterestIncome": "52000000", "interestIncome": "178000000", "interestExpense": "126000000", "nonInterestIncome": "None", "otherNonOperatingIncome": "None", "depreciation": "None", "depreciationAndAmortization": "108000000", "incomeBeforeTax": "2014000000", "incomeTaxExpense": "477000000", "interestAndDebtExpense": "None", "netIncomeFromContinuingOperations": "1537000000", "comprehensiveIncomeNetOfTax": "None", "ebit": "1814000000", "ebitda": "1922000000", "netIncome": "1495000000"}, {"fiscalDateEnding": "2024-03-31", "reportedCurrency": "USD", "grossProfit": "4011000000", "totalRevenue": "4899000000", "costOfRevenue": "888000000", "costofGoodsAndServicesSold": "888000000", "operatingIncome": "1859000000", "sellingGeneralAndAdministrative": "440000000", "researchAndDevelopment": "160000000", "operatingExpenses": "2152000000", "investmentIncomeNet": "None", "netInterestIncome": "49000000", "interestIncome": "141000000", "interestExpense": "92000000", "nonInterestIncome": "None", "otherNonOperatingIncome": "None", "depreciation": "None", "depreciationAndAmortization": "111000000", "incomeBeforeTax": "1913000000", "incomeTaxExpense": "290000000", "interestAndDebtExpense": "None", "netIncomeFromContinuingOperations": "1623000000", "comprehensiveIncomeNetOfTax": "None", "ebit": "1722000000", "ebitda": "1833000000", "netIncome": "1573000000"}, {"fiscalDateEnding": "2023-12-31", "reportedCurrency": "USD", "grossProfit": "4076000000", "totalRevenue": "4896000000", "costOfRevenue": "820000000", "costofGoodsAndServicesSold": "820000000", "operatingIncome": "1909000000", "sellingGeneralAndAdministrative": "526000000", "researchAndDevelopment": "186000000", "operatingExpenses": "2167000000", "investmentIncomeNet": "None", "netInterestIncome": "77000000", "interestIncome": "159000000", "interestExpense": "82000000", "nonInterestIncome": "None", "otherNonOperatingIncome": "None", "depreciation": "None", "depreciationAndAmortization": "111000000", "incomeBeforeTax": "1927000000", "incomeTaxExpense": "438000000", "interestAndDebtExpense": "None", "netIncomeFromContinuingOperations": "1489000000", "comprehensiveIncomeNetOfTax": "None", "ebit": "1648000000", "ebitda": "1759000000", "netIncome": "1375000000"}, {"fiscalDateEnding": "2023-09-30", "reportedCurrency": "USD", "grossProfit": "3642000000", "totalRevenue": "4522000000", "costOfRevenue": "880000000", "costofGoodsAndServicesSold": "880000000", "operatingIncome": "1637000000", "sellingGeneralAndAdministrative": "1962000000", "researchAndDevelopment": "145000000", "operatingExpenses": "588000000", "investmentIncomeNet": "None", "netInterestIncome": "-9000000", "interestIncome": "171000000", "interestExpense": "50000000", "nonInterestIncome": "None", "otherNonOperatingIncome": "None", "depreciation": "None", "depreciationAndAmortization": "38000000", "incomeBeforeTax": "1808000000", "incomeTaxExpense": "330000000", "interestAndDebtExpense": "None", "netIncomeFromContinuingOperations": "1361000000", "comprehensiveIncomeNetOfTax": "None", "ebit": "1571000000", "ebitda": "1609000000", "netIncome": "1604000000"}, {"fiscalDateEnding": "2023-06-30", "reportedCurrency": "USD", "grossProfit": "2172000000", "totalRevenue": "4463000000", "costOfRevenue": "2291000000", "costofGoodsAndServicesSold": "2291000000", "operatingIncome": "1615000000", "sellingGeneralAndAdministrative": "435000000", "researchAndDevelopment": "141000000", "operatingExpenses": "554000000", "investmentIncomeNet": "None", "netInterestIncome": "20000000", "interestIncome": "89000000", "interestExpense": "69000000", "nonInterestIncome": "None", "otherNonOperatingIncome": "None", "depreciation": "None", "depreciationAndAmortization": "136000000", "incomeBeforeTax": "1866000000", "incomeTaxExpense": "443000000", "interestAndDebtExpense": "None", "netIncomeFromContinuingOperations": "1423000000", "comprehensiveIncomeNetOfTax": "None", "ebit": "1849000000", "ebitda": "1985000000", "netIncome": "1366000000"}, {"fiscalDateEnding": "2023-03-31", "reportedCurrency": "USD", "grossProfit": "1996000000", "totalRevenue": "4243000000", "costOfRevenue": "2247000000", "costofGoodsAndServicesSold": "2247000000", "operatingIncome": "1438000000", "sellingGeneralAndAdministrative": "442000000", "researchAndDevelopment": "135000000", "operatingExpenses": "559000000", "investmentIncomeNet": "None", "netInterestIncome": "27000000", "interestIncome": "86000000", "interestExpense": "59000000", "nonInterestIncome": "None", "otherNonOperatingIncome": "175000000", "depreciation": "None", "depreciationAndAmortization": "149000000", "incomeBeforeTax": "1554000000", "incomeTaxExpense": "385000000", "interestAndDebtExpense": "None", "netIncomeFromContinuingOperations": "1169000000", "comprehensiveIncomeNetOfTax": "None", "ebit": "1561000000", "ebitda": "1710000000", "netIncome": "1157000000"}, {"fiscalDateEnding": "2022-12-31", "reportedCurrency": "USD", "grossProfit": "2135000000", "totalRevenue": "4337000000", "costOfRevenue": "2202000000", "costofGoodsAndServicesSold": "2202000000", "operatingIncome": "1427000000", "sellingGeneralAndAdministrative": "471000000", "researchAndDevelopment": "151000000", "operatingExpenses": "608000000", "investmentIncomeNet": "None", "netInterestIncome": "18000000", "interestIncome": "225000000", "interestExpense": "54000000", "nonInterestIncome": "None", "otherNonOperatingIncome": "279000000", "depreciation": "None", "depreciationAndAmortization": "136000000", "incomeBeforeTax": "1652000000", "incomeTaxExpense": "345000000", "interestAndDebtExpense": "None", "netIncomeFromContinuingOperations": "1307000000", "comprehensiveIncomeNetOfTax": "None", "ebit": "1734000000", "ebitda": "1870000000", "netIncome": "1259000000"}, {"fiscalDateEnding": "2022-09-30", "reportedCurrency": "USD", "grossProfit": "2118000000", "totalRevenue": "4311000000", "costOfRevenue": "2193000000", "costofGoodsAndServicesSold": "2193000000", "operatingIncome": "1526000000", "sellingGeneralAndAdministrative": "455000000", "researchAndDevelopment": "156000000", "operatingExpenses": "588000000", "investmentIncomeNet": "None", "netInterestIncome": "-9000000", "interestIncome": "41000000", "interestExpense": "50000000", "nonInterestIncome": "None", "otherNonOperatingIncome": "215000000", "depreciation": "None", "depreciationAndAmortization": "150000000", "incomeBeforeTax": "1691000000", "incomeTaxExpense": "330000000", "interestAndDebtExpense": "None", "netIncomeFromContinuingOperations": "1361000000", "comprehensiveIncomeNetOfTax": "None", "ebit": "1704000000", "ebitda": "1854000000", "netIncome": "1406000000"}, {"fiscalDateEnding": "2022-06-30", "reportedCurrency": "USD", "grossProfit": "2236000000", "totalRevenue": "4526000000", "costOfRevenue": "2290000000", "costofGoodsAndServicesSold": "2290000000", "operatingIncome": "1668000000", "sellingGeneralAndAdministrative": "452000000", "researchAndDevelopment": "148000000", "operatingExpenses": "566000000", "investmentIncomeNet": "None", "netInterestIncome": "-33000000", "interestIncome": "21000000", "interestExpense": "54000000", "nonInterestIncome": "None", "otherNonOperatingIncome": "-293000000", "depreciation": "None", "depreciationAndAmortization": "141000000", "incomeBeforeTax": "1321000000", "incomeTaxExpense": "358000000", "interestAndDebtExpense": "None", "netIncomeFromContinuingOperations": "963000000", "comprehensiveIncomeNetOfTax": "None", "ebit": "1356000000", "ebitda": "1497000000", "netIncome": "1077000000"}, {"fiscalDateEnding": "2022-03-31", "reportedCurrency": "USD", "grossProfit": "2298000000", "totalRevenue": "4699000000", "costOfRevenue": "2401000000", "costofGoodsAndServicesSold": "2401000000", "operatingIncome": "1764000000", "sellingGeneralAndAdministrative": "438000000", "researchAndDevelopment": "145000000", "operatingExpenses": "536000000", "investmentIncomeNet": "None", "netInterestIncome": "-36000000", "interestIncome": "138000000", "interestExpense": "54000000", "nonInterestIncome": "None", "otherNonOperatingIncome": "-84000000", "depreciation": "None", "depreciationAndAmortization": "140000000", "incomeBeforeTax": "1626000000", "incomeTaxExpense": "263000000", "interestAndDebtExpense": "None", "netIncomeFromContinuingOperations": "1363000000", "comprehensiveIncomeNetOfTax": "None", "ebit": "1660000000", "ebitda": "1800000000", "netIncome": "1436000000"}, {"fiscalDateEnding": "2021-12-31", "reportedCurrency": "USD", "grossProfit": "2641000000", "totalRevenue": "5106000000", "costOfRevenue": "2465000000", "costofGoodsAndServicesSold": "2465000000", "operatingIncome": "2039000000", "sellingGeneralAndAdministrative": "466000000", "researchAndDevelopment": "135000000", "operatingExpenses": "600000000", "investmentIncomeNet": "None", "netInterestIncome": "-4000000", "interestIncome": "71000000", "interestExpense": "50000000", "nonInterestIncome": "None", "otherNonOperatingIncome": "121000000", "depreciation": "None", "depreciationAndAmortization": "134000000", "incomeBeforeTax": "2110000000", "incomeTaxExpense": "478000000", "interestAndDebtExpense": "None", "netIncomeFromContinuingOperations": "1632000000", "comprehensiveIncomeNetOfTax": "None", "ebit": "2116000000", "ebitda": "2250000000", "netIncome": "1643000000"}, {"fiscalDateEnding": "2021-09-30", "reportedCurrency": "USD", "grossProfit": "2584000000", "totalRevenue": "5050000000", "costOfRevenue": "2466000000", "costofGoodsAndServicesSold": "2466000000", "operatingIncome": "1935000000", "sellingGeneralAndAdministrative": "527000000", "researchAndDevelopment": "140000000", "operatingExpenses": "619000000", "investmentIncomeNet": "None", "netInterestIncome": "-34000000", "interestIncome": "336000000", "interestExpense": "48000000", "nonInterestIncome": "None", "otherNonOperatingIncome": "384000000", "depreciation": "None", "depreciationAndAmortization": "145000000", "incomeBeforeTax": "2271000000", "incomeTaxExpense": "518000000", "interestAndDebtExpense": "None", "netIncomeFromContinuingOperations": "1753000000", "comprehensiveIncomeNetOfTax": "None", "ebit": "2335000000", "ebitda": "2480000000", "netIncome": "1681000000"}, {"fiscalDateEnding": "2021-06-30", "reportedCurrency": "USD", "grossProfit": "2429000000", "totalRevenue": "4820000000", "costOfRevenue": "2391000000", "costofGoodsAndServicesSold": "2391000000", "operatingIncome": "1931000000", "sellingGeneralAndAdministrative": "409000000", "researchAndDevelopment": "129000000", "operatingExpenses": "499000000", "investmentIncomeNet": "None", "netInterestIncome": "-44000000", "interestIncome": "8000000", "interestExpense": "52000000", "nonInterestIncome": "None", "otherNonOperatingIncome": "322000000", "depreciation": "None", "depreciationAndAmortization": "133000000", "incomeBeforeTax": "2201000000", "incomeTaxExpense": "654000000", "interestAndDebtExpense": "None", "netIncomeFromContinuingOperations": "1547000000", "comprehensiveIncomeNetOfTax": "None", "ebit": "2244000000", "ebitda": "2377000000", "netIncome": "1378000000"}, {"fiscalDateEnding": "2021-03-31", "reportedCurrency": "USD", "grossProfit": "2164000000", "totalRevenue": "4398000000", "costOfRevenue": "2234000000", "costofGoodsAndServicesSold": "2234000000", "operatingIncome": "1545000000", "sellingGeneralAndAdministrative": "543000000", "researchAndDevelopment": "104000000", "operatingExpenses": "612000000", "investmentIncomeNet": "None", "netInterestIncome": "-36000000", "interestIncome": "19000000", "interestExpense": "55000000", "nonInterestIncome": "None", "otherNonOperatingIncome": "101000000", "depreciation": "None", "depreciationAndAmortization": "97000000", "incomeBeforeTax": "1591000000", "incomeTaxExpense": "318000000", "interestAndDebtExpense": "None", "netIncomeFromContinuingOperations": "1273000000", "comprehensiveIncomeNetOfTax": "None", "ebit": "1548000000", "ebitda": "1645000000", "netIncome": "1199000000"}, {"fiscalDateEnding": "2020-12-31", "reportedCurrency": "USD", "grossProfit": "2349000000", "totalRevenue": "4478000000", "costOfRevenue": "2129000000", "costofGoodsAndServicesSold": "2129000000", "operatingIncome": "1848000000", "sellingGeneralAndAdministrative": "402000000", "researchAndDevelopment": "124000000", "operatingExpenses": "502000000", "investmentIncomeNet": "None", "netInterestIncome": "-26000000", "interestIncome": "28000000", "interestExpense": "54000000", "nonInterestIncome": "None", "otherNonOperatingIncome": "373000000", "depreciation": "None", "depreciationAndAmortization": "16000000", "incomeBeforeTax": "2167000000", "incomeTaxExpense": "427000000", "interestAndDebtExpense": "None", "netIncomeFromContinuingOperations": "1740000000", "comprehensiveIncomeNetOfTax": "None", "ebit": "1886000000", "ebitda": "1902000000", "netIncome": "1548000000"}, {"fiscalDateEnding": "2020-09-30", "reportedCurrency": "USD", "grossProfit": "2245000000", "totalRevenue": "4369000000", "costOfRevenue": "2124000000", "costofGoodsAndServicesSold": "2124000000", "operatingIncome": "1757000000", "sellingGeneralAndAdministrative": "412000000", "researchAndDevelopment": "93000000", "operatingExpenses": "487000000", "investmentIncomeNet": "None", "netInterestIncome": "-45000000", "interestIncome": "224000000", "interestExpense": "54000000", "nonInterestIncome": "None", "otherNonOperatingIncome": "278000000", "depreciation": "None", "depreciationAndAmortization": "87000000", "incomeBeforeTax": "1981000000", "incomeTaxExpense": "464000000", "interestAndDebtExpense": "None", "netIncomeFromContinuingOperations": "1517000000", "comprehensiveIncomeNetOfTax": "None", "ebit": "1757000000", "ebitda": "1844000000", "netIncome": "1364000000"}, {"fiscalDateEnding": "2020-06-30", "reportedCurrency": "USD", "grossProfit": "1821000000", "totalRevenue": "3648000000", "costOfRevenue": "1827000000", "costofGoodsAndServicesSold": "1827000000", "operatingIncome": "1406000000", "sellingGeneralAndAdministrative": "350000000", "researchAndDevelopment": "92000000", "operatingExpenses": "416000000", "investmentIncomeNet": "None", "netInterestIncome": "-41000000", "interestIncome": "10000000", "interestExpense": "51000000", "nonInterestIncome": "None", "otherNonOperatingIncome": "408000000", "depreciation": "None", "depreciationAndAmortization": "86000000", "incomeBeforeTax": "1763000000", "incomeTaxExpense": "361000000", "interestAndDebtExpense": "None", "netIncomeFromContinuingOperations": "1402000000", "comprehensiveIncomeNetOfTax": "None", "ebit": "1404000000", "ebitda": "1490000000", "netIncome": "1214000000"}, {"fiscalDateEnding": "2020-03-31", "reportedCurrency": "USD", "grossProfit": "1851000000", "totalRevenue": "3710000000", "costOfRevenue": "1859000000", "costofGoodsAndServicesSold": "1859000000", "operatingIncome": "684000000", "sellingGeneralAndAdministrative": "454000000", "researchAndDevelopment": "88000000", "operatingExpenses": "548000000", "investmentIncomeNet": "None", "netInterestIncome": "-31000000", "interestIncome": "15000000", "interestExpense": "46000000", "nonInterestIncome": "None", "otherNonOperatingIncome": "-25000000", "depreciation": "None", "depreciationAndAmortization": "82000000", "incomeBeforeTax": "613000000", "incomeTaxExpense": "-14000000", "interestAndDebtExpense": "None", "netIncomeFromContinuingOperations": "627000000", "comprehensiveIncomeNetOfTax": "None", "ebit": "709000000", "ebitda": "791000000", "netIncome": "806000000"}, {"fiscalDateEnding": "2019-12-31", "reportedCurrency": "USD", "grossProfit": "2082000000", "totalRevenue": "3977000000", "costOfRevenue": "1895000000", "costofGoodsAndServicesSold": "1895000000", "operatingIncome": "1538000000", "sellingGeneralAndAdministrative": "358000000", "researchAndDevelopment": "83000000", "operatingExpenses": "496000000", "investmentIncomeNet": "None", "netInterestIncome": "-22000000", "interestIncome": "29000000", "interestExpense": "51000000", "nonInterestIncome": "None", "otherNonOperatingIncome": "147000000", "depreciation": "None", "depreciationAndAmortization": "111000000", "incomeBeforeTax": "1634000000", "incomeTaxExpense": "300000000", "interestAndDebtExpense": "None", "netIncomeFromContinuingOperations": "1334000000", "comprehensiveIncomeNetOfTax": "None", "ebit": "1704000000", "ebitda": "1815000000", "netIncome": "1301000000"}, {"fiscalDateEnding": "2019-09-30", "reportedCurrency": "USD", "grossProfit": "1915000000", "totalRevenue": "3692000000", "costOfRevenue": "1777000000", "costofGoodsAndServicesSold": "1777000000", "operatingIncome": "1502000000", "sellingGeneralAndAdministrative": "385000000", "researchAndDevelopment": "70000000", "operatingExpenses": "413000000", "investmentIncomeNet": "None", "netInterestIncome": "-35000000", "interestIncome": "19000000", "interestExpense": "54000000", "nonInterestIncome": "None", "otherNonOperatingIncome": "12000000", "depreciation": "None", "depreciationAndAmortization": "105000000", "incomeBeforeTax": "1460000000", "incomeTaxExpense": "341000000", "interestAndDebtExpense": "None", "netIncomeFromContinuingOperations": "1119000000", "comprehensiveIncomeNetOfTax": "None", "ebit": "1501000000", "ebitda": "1606000000", "netIncome": "1119000000"}, {"fiscalDateEnding": "2019-06-30", "reportedCurrency": "USD", "grossProfit": "1773000000", "totalRevenue": "3524000000", "costOfRevenue": "1751000000", "costofGoodsAndServicesSold": "1751000000", "operatingIncome": "1278000000", "sellingGeneralAndAdministrative": "470000000", "researchAndDevelopment": "67000000", "operatingExpenses": "495000000", "investmentIncomeNet": "None", "netInterestIncome": "-32000000", "interestIncome": "20000000", "interestExpense": "52000000", "nonInterestIncome": "None", "otherNonOperatingIncome": "109000000", "depreciation": "None", "depreciationAndAmortization": "100000000", "incomeBeforeTax": "1335000000", "incomeTaxExpense": "322000000", "interestAndDebtExpense": "None", "netIncomeFromContinuingOperations": "1013000000", "comprehensiveIncomeNetOfTax": "None", "ebit": "1291000000", "ebitda": "1391000000", "netIncome": "1003000000"}, {"fiscalDateEnding": "2019-03-31", "reportedCurrency": "USD", "grossProfit": "1636000000", "totalRevenue": "3346000000", "costOfRevenue": "1710000000", "costofGoodsAndServicesSold": "1710000000", "operatingIncome": "1233000000", "sellingGeneralAndAdministrative": "293000000", "researchAndDevelopment": "69000000", "operatingExpenses": "389000000", "investmentIncomeNet": "None", "netInterestIncome": "-17000000", "interestIncome": "29000000", "interestExpense": "46000000", "nonInterestIncome": "None", "otherNonOperatingIncome": "171000000", "depreciation": "None", "depreciationAndAmortization": "89000000", "incomeBeforeTax": "1358000000", "incomeTaxExpense": "298000000", "interestAndDebtExpense": "None", "netIncomeFromContinuingOperations": "1060000000", "comprehensiveIncomeNetOfTax": "None", "ebit": "1239000000", "ebitda": "1328000000", "netIncome": "1053000000"}, {"fiscalDateEnding": "2018-12-31", "reportedCurrency": "USD", "grossProfit": "1770000000", "totalRevenue": "3434000000", "costOfRevenue": "1664000000", "costofGoodsAndServicesSold": "1664000000", "operatingIncome": "1246000000", "sellingGeneralAndAdministrative": "306000000", "researchAndDevelopment": "62000000", "operatingExpenses": "429000000", "investmentIncomeNet": "None", "netInterestIncome": "None", "interestIncome": "None", "interestExpense": "46000000", "nonInterestIncome": "None", "otherNonOperatingIncome": "-26000000", "depreciation": "None", "depreciationAndAmortization": "15000000", "incomeBeforeTax": "1174000000", "incomeTaxExpense": "247000000", "interestAndDebtExpense": "None", "netIncomeFromContinuingOperations": "927000000", "comprehensiveIncomeNetOfTax": "None", "ebit": "1378000000", "ebitda": "1393000000", "netIncome": "927000000"}, {"fiscalDateEnding": "2018-09-30", "reportedCurrency": "USD", "grossProfit": "1822000000", "totalRevenue": "3576000000", "costOfRevenue": "1754000000", "costofGoodsAndServicesSold": "1754000000", "operatingIncome": "1396000000", "sellingGeneralAndAdministrative": "413000000", "researchAndDevelopment": "61000000", "operatingExpenses": "426000000", "investmentIncomeNet": "None", "netInterestIncome": "None", "interestIncome": "None", "interestExpense": "46000000", "nonInterestIncome": "None", "otherNonOperatingIncome": "79000000", "depreciation": "None", "depreciationAndAmortization": "13000000", "incomeBeforeTax": "1429000000", "incomeTaxExpense": "226000000", "interestAndDebtExpense": "None", "netIncomeFromContinuingOperations": "1203000000", "comprehensiveIncomeNetOfTax": "None", "ebit": "1469000000", "ebitda": "1482000000", "netIncome": "1216000000"}, {"fiscalDateEnding": "2018-06-30", "reportedCurrency": "USD", "grossProfit": "1844000000", "totalRevenue": "3605000000", "costOfRevenue": "1761000000", "costofGoodsAndServicesSold": "1761000000", "operatingIncome": "1440000000", "sellingGeneralAndAdministrative": "299000000", "researchAndDevelopment": "58000000", "operatingExpenses": "401000000", "investmentIncomeNet": "None", "netInterestIncome": "None", "interestIncome": "None", "interestExpense": "46000000", "nonInterestIncome": "None", "otherNonOperatingIncome": "22000000", "depreciation": "None", "depreciationAndAmortization": "11000000", "incomeBeforeTax": "1416000000", "incomeTaxExpense": "338000000", "interestAndDebtExpense": "None", "netIncomeFromContinuingOperations": "1078000000", "comprehensiveIncomeNetOfTax": "None", "ebit": "1482000000", "ebitda": "1493000000", "netIncome": "1073000000"}, {"fiscalDateEnding": "2018-03-31", "reportedCurrency": "USD", "grossProfit": "1769000000", "totalRevenue": "3583000000", "costOfRevenue": "1814000000", "costofGoodsAndServicesSold": "1814000000", "operatingIncome": "1375000000", "sellingGeneralAndAdministrative": "291000000", "researchAndDevelopment": "53000000", "operatingExpenses": "387000000", "investmentIncomeNet": "None", "netInterestIncome": "None", "interestIncome": "None", "interestExpense": "46000000", "nonInterestIncome": "None", "otherNonOperatingIncome": "30000000", "depreciation": "None", "depreciationAndAmortization": "11000000", "incomeBeforeTax": "1359000000", "incomeTaxExpense": "265000000", "interestAndDebtExpense": "None", "netIncomeFromContinuingOperations": "1094000000", "comprehensiveIncomeNetOfTax": "None", "ebit": "1423000000", "ebitda": "1434000000", "netIncome": "1089000000"}, {"fiscalDateEnding": "2017-12-31", "reportedCurrency": "USD", "grossProfit": "1947000000", "totalRevenue": "3764000000", "costOfRevenue": "1817000000", "costofGoodsAndServicesSold": "1817000000", "operatingIncome": "1485000000", "sellingGeneralAndAdministrative": "450000000", "researchAndDevelopment": "58000000", "operatingExpenses": "462000000", "investmentIncomeNet": "None", "netInterestIncome": "None", "interestIncome": "None", "interestExpense": "46000000", "nonInterestIncome": "None", "otherNonOperatingIncome": "47000000", "depreciation": "None", "depreciationAndAmortization": "12000000", "incomeBeforeTax": "1486000000", "incomeTaxExpense": "-815000000", "interestAndDebtExpense": "None", "netIncomeFromContinuingOperations": "2310000000", "comprehensiveIncomeNetOfTax": "None", "ebit": "1532000000", "ebitda": "1544000000", "netIncome": "2304000000"}, {"fiscalDateEnding": "2017-09-30", "reportedCurrency": "USD", "grossProfit": "1784000000", "totalRevenue": "3233000000", "costOfRevenue": "1449000000", "costofGoodsAndServicesSold": "1449000000", "operatingIncome": "1394000000", "sellingGeneralAndAdministrative": "363000000", "researchAndDevelopment": "51000000", "operatingExpenses": "390000000", "investmentIncomeNet": "None", "netInterestIncome": "None", "interestIncome": "None", "interestExpense": "46000000", "nonInterestIncome": "None", "otherNonOperatingIncome": "56000000", "depreciation": "None", "depreciationAndAmortization": "27000000", "incomeBeforeTax": "1404000000", "incomeTaxExpense": "445000000", "interestAndDebtExpense": "None", "netIncomeFromContinuingOperations": "959000000", "comprehensiveIncomeNetOfTax": "None", "ebit": "1434000000", "ebitda": "1461000000", "netIncome": "944000000"}, {"fiscalDateEnding": "2017-06-30", "reportedCurrency": "USD", "grossProfit": "1617000000", "totalRevenue": "2965000000", "costOfRevenue": "1348000000", "costofGoodsAndServicesSold": "1348000000", "operatingIncome": "1242000000", "sellingGeneralAndAdministrative": "350000000", "researchAndDevelopment": "51000000", "operatingExpenses": "375000000", "investmentIncomeNet": "None", "netInterestIncome": "None", "interestIncome": "None", "interestExpense": "48000000", "nonInterestIncome": "None", "otherNonOperatingIncome": "49000000", "depreciation": "None", "depreciationAndAmortization": "25000000", "incomeBeforeTax": "1243000000", "incomeTaxExpense": "376000000", "interestAndDebtExpense": "None", "netIncomeFromContinuingOperations": "867000000", "comprehensiveIncomeNetOfTax": "None", "ebit": "1270000000", "ebitda": "1295000000", "netIncome": "854000000"}, {"fiscalDateEnding": "2017-03-31", "reportedCurrency": "USD", "grossProfit": "1473000000", "totalRevenue": "2824000000", "costOfRevenue": "1351000000", "costofGoodsAndServicesSold": "1351000000", "operatingIncome": "1147000000", "sellingGeneralAndAdministrative": "301000000", "researchAndDevelopment": "43000000", "operatingExpenses": "326000000", "investmentIncomeNet": "None", "netInterestIncome": "None", "interestIncome": "None", "interestExpense": "65000000", "nonInterestIncome": "None", "otherNonOperatingIncome": "58000000", "depreciation": "None", "depreciationAndAmortization": "25000000", "incomeBeforeTax": "1140000000", "incomeTaxExpense": "269000000", "interestAndDebtExpense": "None", "netIncomeFromContinuingOperations": "871000000", "comprehensiveIncomeNetOfTax": "None", "ebit": "1197000000", "ebitda": "1222000000", "netIncome": "859000000"}, {"fiscalDateEnding": "2016-12-31", "reportedCurrency": "USD", "grossProfit": "1604000000", "totalRevenue": "2890000000", "costOfRevenue": "1286000000", "costofGoodsAndServicesSold": "1286000000", "operatingIncome": "1225000000", "sellingGeneralAndAdministrative": "355000000", "researchAndDevelopment": "46000000", "operatingExpenses": "379000000", "investmentIncomeNet": "None", "netInterestIncome": "None", "interestIncome": "None", "interestExpense": "51000000", "nonInterestIncome": "None", "otherNonOperatingIncome": "13000000", "depreciation": "None", "depreciationAndAmortization": "24000000", "incomeBeforeTax": "1187000000", "incomeTaxExpense": "336000000", "interestAndDebtExpense": "None", "netIncomeFromContinuingOperations": "851000000", "comprehensiveIncomeNetOfTax": "None", "ebit": "1265000000", "ebitda": "1289000000", "netIncome": "851000000"}, {"fiscalDateEnding": "2016-09-30", "reportedCurrency": "USD", "grossProfit": "1546000000", "totalRevenue": "2837000000", "costOfRevenue": "1291000000", "costofGoodsAndServicesSold": "1291000000", "operatingIncome": "1209000000", "sellingGeneralAndAdministrative": "312000000", "researchAndDevelopment": "41000000", "operatingExpenses": "337000000", "investmentIncomeNet": "None", "netInterestIncome": "None", "interestIncome": "None", "interestExpense": "52000000", "nonInterestIncome": "None", "otherNonOperatingIncome": "53000000", "depreciation": "None", "depreciationAndAmortization": "25000000", "incomeBeforeTax": "1210000000", "incomeTaxExpense": "333000000", "interestAndDebtExpense": "None", "netIncomeFromContinuingOperations": "877000000", "comprehensiveIncomeNetOfTax": "None", "ebit": "1249000000", "ebitda": "1274000000", "netIncome": "875000000"}, {"fiscalDateEnding": "2016-06-30", "reportedCurrency": "USD", "grossProfit": "1514000000", "totalRevenue": "2804000000", "costOfRevenue": "1290000000", "costofGoodsAndServicesSold": "1290000000", "operatingIncome": "1173000000", "sellingGeneralAndAdministrative": "316000000", "researchAndDevelopment": "42000000", "operatingExpenses": "341000000", "investmentIncomeNet": "None", "netInterestIncome": "None", "interestIncome": "None", "interestExpense": "51000000", "nonInterestIncome": "None", "otherNonOperatingIncome": "26000000", "depreciation": "None", "depreciationAndAmortization": "25000000", "incomeBeforeTax": "1148000000", "incomeTaxExpense": "353000000", "interestAndDebtExpense": "None", "netIncomeFromContinuingOperations": "795000000", "comprehensiveIncomeNetOfTax": "None", "ebit": "1225000000", "ebitda": "1250000000", "netIncome": "789000000"}, {"fiscalDateEnding": "2016-03-31", "reportedCurrency": "USD", "grossProfit": "1382000000", "totalRevenue": "2624000000", "costOfRevenue": "1242000000", "costofGoodsAndServicesSold": "1242000000", "operatingIncome": "963000000", "sellingGeneralAndAdministrative": "318000000", "researchAndDevelopment": "46000000", "operatingExpenses": "343000000", "investmentIncomeNet": "None", "netInterestIncome": "None", "interestIncome": "None", "interestExpense": "51000000", "nonInterestIncome": "None", "otherNonOperatingIncome": "3000000", "depreciation": "None", "depreciationAndAmortization": "25000000", "incomeBeforeTax": "915000000", "incomeTaxExpense": "268000000", "interestAndDebtExpense": "None", "netIncomeFromContinuingOperations": "647000000", "comprehensiveIncomeNetOfTax": "None", "ebit": "1070000000", "ebitda": "1095000000", "netIncome": "657000000"}, {"fiscalDateEnding": "2015-12-31", "reportedCurrency": "USD", "grossProfit": "1571000000", "totalRevenue": "2863000000", "costOfRevenue": "1292000000", "costofGoodsAndServicesSold": "1292000000", "operatingIncome": "1137000000", "sellingGeneralAndAdministrative": "410000000", "researchAndDevelopment": "49000000", "operatingExpenses": "434000000", "investmentIncomeNet": "None", "netInterestIncome": "None", "interestIncome": "None", "interestExpense": "51000000", "nonInterestIncome": "None", "otherNonOperatingIncome": "58000000", "depreciation": "None", "depreciationAndAmortization": "24000000", "incomeBeforeTax": "1148000000", "incomeTaxExpense": "279000000", "interestAndDebtExpense": "None", "netIncomeFromContinuingOperations": "834000000", "comprehensiveIncomeNetOfTax": "None", "ebit": "1164000000", "ebitda": "1188000000", "netIncome": "861000000"}, {"fiscalDateEnding": "2015-09-30", "reportedCurrency": "USD", "grossProfit": "1575000000", "totalRevenue": "2910000000", "costOfRevenue": "1335000000", "costofGoodsAndServicesSold": "1335000000", "operatingIncome": "1222000000", "sellingGeneralAndAdministrative": "319000000", "researchAndDevelopment": "40000000", "operatingExpenses": "353000000", "investmentIncomeNet": "None", "netInterestIncome": "None", "interestIncome": "None", "interestExpense": "50000000", "nonInterestIncome": "None", "otherNonOperatingIncome": "16000000", "depreciation": "None", "depreciationAndAmortization": "34000000", "incomeBeforeTax": "1174000000", "incomeTaxExpense": "342000000", "interestAndDebtExpense": "None", "netIncomeFromContinuingOperations": "832000000", "comprehensiveIncomeNetOfTax": "None", "ebit": "1220000000", "ebitda": "1254000000", "netIncome": "843000000"}, {"fiscalDateEnding": "2015-06-30", "reportedCurrency": "USD", "grossProfit": "1585000000", "totalRevenue": "2905000000", "costOfRevenue": "1320000000", "costofGoodsAndServicesSold": "1320000000", "operatingIncome": "1238000000", "sellingGeneralAndAdministrative": "312000000", "researchAndDevelopment": "39000000", "operatingExpenses": "347000000", "investmentIncomeNet": "None", "netInterestIncome": "None", "interestIncome": "None", "interestExpense": "52000000", "nonInterestIncome": "None", "otherNonOperatingIncome": "-41000000", "depreciation": "None", "depreciationAndAmortization": "35000000", "incomeBeforeTax": "1197000000", "incomeTaxExpense": "371000000", "interestAndDebtExpense": "None", "netIncomeFromContinuingOperations": "826000000", "comprehensiveIncomeNetOfTax": "None", "ebit": "1268000000", "ebitda": "1303000000", "netIncome": "819000000"}, {"fiscalDateEnding": "2015-03-31", "reportedCurrency": "USD", "grossProfit": "1441000000", "totalRevenue": "2723000000", "costOfRevenue": "1282000000", "costofGoodsAndServicesSold": "1282000000", "operatingIncome": "1067000000", "sellingGeneralAndAdministrative": "339000000", "researchAndDevelopment": "41000000", "operatingExpenses": "374000000", "investmentIncomeNet": "None", "netInterestIncome": "None", "interestIncome": "None", "interestExpense": "51000000", "nonInterestIncome": "None", "otherNonOperatingIncome": "51000000", "depreciation": "None", "depreciationAndAmortization": "35000000", "incomeBeforeTax": "1118000000", "incomeTaxExpense": "258000000", "interestAndDebtExpense": "None", "netIncomeFromContinuingOperations": "860000000", "comprehensiveIncomeNetOfTax": "None", "ebit": "1095000000", "ebitda": "1130000000", "netIncome": "822000000"}, {"fiscalDateEnding": "2014-12-31", "reportedCurrency": "USD", "grossProfit": "1566000000", "totalRevenue": "2784000000", "costOfRevenue": "1218000000", "costofGoodsAndServicesSold": "1218000000", "operatingIncome": "1144000000", "sellingGeneralAndAdministrative": "387000000", "researchAndDevelopment": "40000000", "operatingExpenses": "422000000", "investmentIncomeNet": "None", "netInterestIncome": "None", "interestIncome": "None", "interestExpense": "58000000", "nonInterestIncome": "None", "otherNonOperatingIncome": "-60000000", "depreciation": "None", "depreciationAndAmortization": "35000000", "incomeBeforeTax": "1084000000", "incomeTaxExpense": "278000000", "interestAndDebtExpense": "None", "netIncomeFromContinuingOperations": "806000000", "comprehensiveIncomeNetOfTax": "None", "ebit": "1144000000", "ebitda": "1179000000", "netIncome": "813000000"}, {"fiscalDateEnding": "2014-09-30", "reportedCurrency": "USD", "grossProfit": "1573000000", "totalRevenue": "2849000000", "costOfRevenue": "1276000000", "costofGoodsAndServicesSold": "1276000000", "operatingIncome": "1157000000", "sellingGeneralAndAdministrative": "376000000", "researchAndDevelopment": "40000000", "operatingExpenses": "416000000", "investmentIncomeNet": "None", "netInterestIncome": "None", "interestIncome": "None", "interestExpense": "61000000", "nonInterestIncome": "None", "otherNonOperatingIncome": "-52000000", "depreciation": "None", "depreciationAndAmortization": "40000000", "incomeBeforeTax": "1105000000", "incomeTaxExpense": "232000000", "interestAndDebtExpense": "None", "netIncomeFromContinuingOperations": "873000000", "comprehensiveIncomeNetOfTax": "None", "ebit": "1187000000", "ebitda": "1227000000", "netIncome": "917000000"}, {"fiscalDateEnding": "2014-06-30", "reportedCurrency": "USD", "grossProfit": "1540000000", "totalRevenue": "2778000000", "costOfRevenue": "1238000000", "costofGoodsAndServicesSold": "1238000000", "operatingIncome": "1122000000", "sellingGeneralAndAdministrative": "377000000", "researchAndDevelopment": "43000000", "operatingExpenses": "418000000", "investmentIncomeNet": "None", "netInterestIncome": "None", "interestIncome": "None", "interestExpense": "60000000", "nonInterestIncome": "None", "otherNonOperatingIncome": "16000000", "depreciation": "None", "depreciationAndAmortization": "41000000", "incomeBeforeTax": "1138000000", "incomeTaxExpense": "297000000", "interestAndDebtExpense": "None", "netIncomeFromContinuingOperations": "841000000", "comprehensiveIncomeNetOfTax": "None", "ebit": "1153000000", "ebitda": "1194000000", "netIncome": "808000000"}, {"fiscalDateEnding": "2014-03-31", "reportedCurrency": "USD", "grossProfit": "1405000000", "totalRevenue": "2670000000", "costOfRevenue": "1265000000", "costofGoodsAndServicesSold": "1265000000", "operatingIncome": "1051000000", "sellingGeneralAndAdministrative": "313000000", "researchAndDevelopment": "41000000", "operatingExpenses": "354000000", "investmentIncomeNet": "None", "netInterestIncome": "None", "interestIncome": "None", "interestExpense": "53000000", "nonInterestIncome": "None", "otherNonOperatingIncome": "17000000", "depreciation": "None", "depreciationAndAmortization": "41000000", "incomeBeforeTax": "1068000000", "incomeTaxExpense": "324000000", "interestAndDebtExpense": "None", "netIncomeFromContinuingOperations": "744000000", "comprehensiveIncomeNetOfTax": "None", "ebit": "1083000000", "ebitda": "1124000000", "netIncome": "756000000"}, {"fiscalDateEnding": "2013-12-31", "reportedCurrency": "USD", "grossProfit": "1584000000", "totalRevenue": "2777000000", "costOfRevenue": "1193000000", "costofGoodsAndServicesSold": "1193000000", "operatingIncome": "1133000000", "sellingGeneralAndAdministrative": "410000000", "researchAndDevelopment": "43000000", "operatingExpenses": "451000000", "investmentIncomeNet": "None", "netInterestIncome": "None", "interestIncome": "None", "interestExpense": "52000000", "nonInterestIncome": "None", "otherNonOperatingIncome": "24000000", "depreciation": "None", "depreciationAndAmortization": "41000000", "incomeBeforeTax": "1157000000", "incomeTaxExpense": "307000000", "interestAndDebtExpense": "None", "netIncomeFromContinuingOperations": "850000000", "comprehensiveIncomeNetOfTax": "None", "ebit": "1168000000", "ebitda": "1209000000", "netIncome": "841000000"}, {"fiscalDateEnding": "2013-09-30", "reportedCurrency": "USD", "grossProfit": "1340000000", "totalRevenue": "2472000000", "costOfRevenue": "1132000000", "costofGoodsAndServicesSold": "1132000000", "operatingIncome": "966000000", "sellingGeneralAndAdministrative": "334000000", "researchAndDevelopment": "39000000", "operatingExpenses": "374000000", "investmentIncomeNet": "None", "netInterestIncome": "None", "interestIncome": "None", "interestExpense": "52000000", "nonInterestIncome": "None", "otherNonOperatingIncome": "-18000000", "depreciation": "None", "depreciationAndAmortization": "40000000", "incomeBeforeTax": "948000000", "incomeTaxExpense": "219000000", "interestAndDebtExpense": "None", "netIncomeFromContinuingOperations": "729000000", "comprehensiveIncomeNetOfTax": "None", "ebit": "997000000", "ebitda": "1037000000", "netIncome": "730000000"}, {"fiscalDateEnding": "2013-06-30", "reportedCurrency": "USD", "grossProfit": "1354000000", "totalRevenue": "2482000000", "costOfRevenue": "1128000000", "costofGoodsAndServicesSold": "1128000000", "operatingIncome": "849000000", "sellingGeneralAndAdministrative": "465000000", "researchAndDevelopment": "40000000", "operatingExpenses": "505000000", "investmentIncomeNet": "None", "netInterestIncome": "None", "interestIncome": "None", "interestExpense": "53000000", "nonInterestIncome": "None", "otherNonOperatingIncome": "69000000", "depreciation": "None", "depreciationAndAmortization": "40000000", "incomeBeforeTax": "918000000", "incomeTaxExpense": "212000000", "interestAndDebtExpense": "None", "netIncomeFromContinuingOperations": "706000000", "comprehensiveIncomeNetOfTax": "None", "ebit": "830000000", "ebitda": "870000000", "netIncome": "729000000"}, {"fiscalDateEnding": "2013-03-31", "reportedCurrency": "USD", "grossProfit": "1280000000", "totalRevenue": "2449000000", "costOfRevenue": "1169000000", "costofGoodsAndServicesSold": "1169000000", "operatingIncome": "909000000", "sellingGeneralAndAdministrative": "331000000", "researchAndDevelopment": "38000000", "operatingExpenses": "371000000", "investmentIncomeNet": "None", "netInterestIncome": "None", "interestIncome": "None", "interestExpense": "54000000", "nonInterestIncome": "None", "otherNonOperatingIncome": "41000000", "depreciation": "None", "depreciationAndAmortization": "40000000", "incomeBeforeTax": "950000000", "incomeTaxExpense": "284000000", "interestAndDebtExpense": "None", "netIncomeFromContinuingOperations": "666000000", "comprehensiveIncomeNetOfTax": "None", "ebit": "1036000000", "ebitda": "1076000000", "netIncome": "632000000"}, {"fiscalDateEnding": "2012-12-31", "reportedCurrency": "USD", "grossProfit": "1446000000", "totalRevenue": "2539000000", "costOfRevenue": "1093000000", "costofGoodsAndServicesSold": "1093000000", "operatingIncome": "1005000000", "sellingGeneralAndAdministrative": "401000000", "researchAndDevelopment": "35000000", "operatingExpenses": "441000000", "investmentIncomeNet": "None", "netInterestIncome": "None", "interestIncome": "None", "interestExpense": "57000000", "nonInterestIncome": "None", "otherNonOperatingIncome": "-67000000", "depreciation": "None", "depreciationAndAmortization": "40000000", "incomeBeforeTax": "938000000", "incomeTaxExpense": "288000000", "interestAndDebtExpense": "None", "netIncomeFromContinuingOperations": "650000000", "comprehensiveIncomeNetOfTax": "None", "ebit": "1031000000", "ebitda": "1071000000", "netIncome": "690000000"}, {"fiscalDateEnding": "2012-09-30", "reportedCurrency": "USD", "grossProfit": "2226000000", "totalRevenue": "2320000000", "costOfRevenue": "94000000", "costofGoodsAndServicesSold": "94000000", "operatingIncome": "875000000", "sellingGeneralAndAdministrative": "1299000000", "researchAndDevelopment": "0", "operatingExpenses": "1351000000", "investmentIncomeNet": "None", "netInterestIncome": "None", "interestIncome": "None", "interestExpense": "57000000", "nonInterestIncome": "None", "otherNonOperatingIncome": "30000000", "depreciation": "None", "depreciationAndAmortization": "39000000", "incomeBeforeTax": "905000000", "incomeTaxExpense": "250000000", "interestAndDebtExpense": "None", "netIncomeFromContinuingOperations": "655000000", "comprehensiveIncomeNetOfTax": "None", "ebit": "885000000", "ebitda": "924000000", "netIncome": "642000000"}, {"fiscalDateEnding": "2012-06-30", "reportedCurrency": "USD", "grossProfit": "1350000000", "totalRevenue": "2229000000", "costOfRevenue": "879000000", "costofGoodsAndServicesSold": "879000000", "operatingIncome": "829000000", "sellingGeneralAndAdministrative": "1254000000", "researchAndDevelopment": "0", "operatingExpenses": "521000000", "investmentIncomeNet": "None", "netInterestIncome": "None", "interestIncome": "None", "interestExpense": "52000000", "nonInterestIncome": "None", "otherNonOperatingIncome": "-40000000", "depreciation": "None", "depreciationAndAmortization": "39000000", "incomeBeforeTax": "789000000", "incomeTaxExpense": "229000000", "interestAndDebtExpense": "None", "netIncomeFromContinuingOperations": "560000000", "comprehensiveIncomeNetOfTax": "None", "ebit": "837000000", "ebitda": "876000000", "netIncome": "554000000"}, {"fiscalDateEnding": "2012-03-31", "reportedCurrency": "USD", "grossProfit": "1329000000", "totalRevenue": "2249000000", "costOfRevenue": "920000000", "costofGoodsAndServicesSold": "920000000", "operatingIncome": "815000000", "sellingGeneralAndAdministrative": "1284000000", "researchAndDevelopment": "0", "operatingExpenses": "514000000", "investmentIncomeNet": "None", "netInterestIncome": "None", "interestIncome": "None", "interestExpense": "49000000", "nonInterestIncome": "None", "otherNonOperatingIncome": "23000000", "depreciation": "None", "depreciationAndAmortization": "39000000", "incomeBeforeTax": "838000000", "incomeTaxExpense": "263000000", "interestAndDebtExpense": "None", "netIncomeFromContinuingOperations": "575000000", "comprehensiveIncomeNetOfTax": "None", "ebit": "824000000", "ebitda": "863000000", "netIncome": "572000000"}, {"fiscalDateEnding": "2011-12-31", "reportedCurrency": "USD", "grossProfit": "2140000000", "totalRevenue": "2227000000", "costOfRevenue": "87000000", "costofGoodsAndServicesSold": "87000000", "operatingIncome": "808000000", "sellingGeneralAndAdministrative": "1243000000", "researchAndDevelopment": "0", "operatingExpenses": "1300000000", "investmentIncomeNet": "None", "netInterestIncome": "None", "interestIncome": "None", "interestExpense": "48000000", "nonInterestIncome": "None", "otherNonOperatingIncome": "7000000", "depreciation": "None", "depreciationAndAmortization": "77000000", "incomeBeforeTax": "815000000", "incomeTaxExpense": "232000000", "interestAndDebtExpense": "None", "netIncomeFromContinuingOperations": "583000000", "comprehensiveIncomeNetOfTax": "None", "ebit": "863000000", "ebitda": "940000000", "netIncome": "555000000"}, {"fiscalDateEnding": "2011-09-30", "reportedCurrency": "USD", "grossProfit": "1364000000", "totalRevenue": "2225000000", "costOfRevenue": "861000000", "costofGoodsAndServicesSold": "861000000", "operatingIncome": "777000000", "sellingGeneralAndAdministrative": "1299000000", "researchAndDevelopment": "0", "operatingExpenses": "587000000", "investmentIncomeNet": "None", "netInterestIncome": "None", "interestIncome": "None", "interestExpense": "49000000", "nonInterestIncome": "None", "otherNonOperatingIncome": "-112000000", "depreciation": "None", "depreciationAndAmortization": "39000000", "incomeBeforeTax": "665000000", "incomeTaxExpense": "95000000", "interestAndDebtExpense": "None", "netIncomeFromContinuingOperations": "570000000", "comprehensiveIncomeNetOfTax": "None", "ebit": "789000000", "ebitda": "828000000", "netIncome": "595000000"}, {"fiscalDateEnding": "2011-06-30", "reportedCurrency": "USD", "grossProfit": "1423000000", "totalRevenue": "2347000000", "costOfRevenue": "924000000", "costofGoodsAndServicesSold": "924000000", "operatingIncome": "866000000", "sellingGeneralAndAdministrative": "1322000000", "researchAndDevelopment": "0", "operatingExpenses": "557000000", "investmentIncomeNet": "None", "netInterestIncome": "None", "interestIncome": "None", "interestExpense": "41000000", "nonInterestIncome": "None", "otherNonOperatingIncome": "-24000000", "depreciation": "None", "depreciationAndAmortization": "38000000", "incomeBeforeTax": "842000000", "incomeTaxExpense": "220000000", "interestAndDebtExpense": "None", "netIncomeFromContinuingOperations": "622000000", "comprehensiveIncomeNetOfTax": "None", "ebit": "870000000", "ebitda": "908000000", "netIncome": "619000000"}, {"fiscalDateEnding": "2011-03-31", "reportedCurrency": "USD", "grossProfit": "1343000000", "totalRevenue": "2282000000", "costOfRevenue": "939000000", "costofGoodsAndServicesSold": "939000000", "operatingIncome": "798000000", "sellingGeneralAndAdministrative": "1313000000", "researchAndDevelopment": "0", "operatingExpenses": "545000000", "investmentIncomeNet": "None", "netInterestIncome": "None", "interestIncome": "None", "interestExpense": "38000000", "nonInterestIncome": "None", "otherNonOperatingIncome": "15000000", "depreciation": "None", "depreciationAndAmortization": "40000000", "incomeBeforeTax": "813000000", "incomeTaxExpense": "249000000", "interestAndDebtExpense": "None", "netIncomeFromContinuingOperations": "564000000", "comprehensiveIncomeNetOfTax": "None", "ebit": "807000000", "ebitda": "847000000", "netIncome": "568000000"}, {"fiscalDateEnding": "2010-12-31", "reportedCurrency": "USD", "grossProfit": "2387000000", "totalRevenue": "2493000000", "costOfRevenue": "106000000", "costofGoodsAndServicesSold": "106000000", "operatingIncome": "940000000", "sellingGeneralAndAdministrative": "1384000000", "researchAndDevelopment": "0", "operatingExpenses": "1447000000", "investmentIncomeNet": "None", "netInterestIncome": "None", "interestIncome": "None", "interestExpense": "35000000", "nonInterestIncome": "None", "otherNonOperatingIncome": "18000000", "depreciation": "None", "depreciationAndAmortization": "79000000", "incomeBeforeTax": "958000000", "incomeTaxExpense": "309000000", "interestAndDebtExpense": "None", "netIncomeFromContinuingOperations": "649000000", "comprehensiveIncomeNetOfTax": "None", "ebit": "993000000", "ebitda": "1072000000", "netIncome": "657000000"}, {"fiscalDateEnding": "2010-09-30", "reportedCurrency": "USD", "grossProfit": "1213000000", "totalRevenue": "2092000000", "costOfRevenue": "879000000", "costofGoodsAndServicesSold": "879000000", "operatingIncome": "707000000", "sellingGeneralAndAdministrative": "1214000000", "researchAndDevelopment": "0", "operatingExpenses": "506000000", "investmentIncomeNet": "None", "netInterestIncome": "None", "interestIncome": "None", "interestExpense": "37000000", "nonInterestIncome": "None", "otherNonOperatingIncome": "78000000", "depreciation": "None", "depreciationAndAmortization": "40000000", "incomeBeforeTax": "785000000", "incomeTaxExpense": "201000000", "interestAndDebtExpense": "None", "netIncomeFromContinuingOperations": "584000000", "comprehensiveIncomeNetOfTax": "None", "ebit": "717000000", "ebitda": "757000000", "netIncome": "551000000"}, {"fiscalDateEnding": "2010-06-30", "reportedCurrency": "USD", "grossProfit": "1226000000", "totalRevenue": "2032000000", "costOfRevenue": "806000000", "costofGoodsAndServicesSold": "806000000", "operatingIncome": "697000000", "sellingGeneralAndAdministrative": "1049000000", "researchAndDevelopment": "0", "operatingExpenses": "1335000000", "investmentIncomeNet": "None", "netInterestIncome": "None", "interestIncome": "None", "interestExpense": "38000000", "nonInterestIncome": "None", "otherNonOperatingIncome": "-75000000", "depreciation": "None", "depreciationAndAmortization": "67000000", "incomeBeforeTax": "622000000", "incomeTaxExpense": "233000000", "interestAndDebtExpense": "None", "netIncomeFromContinuingOperations": "389000000", "comprehensiveIncomeNetOfTax": "None", "ebit": "672000000", "ebitda": "739000000", "netIncome": "432000000"}, {"fiscalDateEnding": "2010-03-31", "reportedCurrency": "USD", "grossProfit": "1122000000", "totalRevenue": "1995000000", "costOfRevenue": "873000000", "costofGoodsAndServicesSold": "873000000", "operatingIncome": "654000000", "sellingGeneralAndAdministrative": "1062000000", "researchAndDevelopment": "0", "operatingExpenses": "1341000000", "investmentIncomeNet": "None", "netInterestIncome": "None", "interestIncome": "None", "interestExpense": "40000000", "nonInterestIncome": "None", "otherNonOperatingIncome": "2000000", "depreciation": "None", "depreciationAndAmortization": "40000000", "incomeBeforeTax": "656000000", "incomeTaxExpense": "228000000", "interestAndDebtExpense": "None", "netIncomeFromContinuingOperations": "428000000", "comprehensiveIncomeNetOfTax": "None", "ebit": "658000000", "ebitda": "698000000", "netIncome": "423000000"}, {"fiscalDateEnding": "2009-12-31", "reportedCurrency": "USD", "grossProfit": "2623000000", "totalRevenue": "1544000000", "costOfRevenue": "-1079000000", "costofGoodsAndServicesSold": "-1079000000", "operatingIncome": "389000000", "sellingGeneralAndAdministrative": "2171000000", "researchAndDevelopment": "0", "operatingExpenses": "2234000000", "investmentIncomeNet": "None", "netInterestIncome": "None", "interestIncome": "None", "interestExpense": "23000000", "nonInterestIncome": "None", "otherNonOperatingIncome": "None", "depreciation": "None", "depreciationAndAmortization": "64000000", "incomeBeforeTax": "407000000", "incomeTaxExpense": "150000000", "interestAndDebtExpense": "None", "netIncomeFromContinuingOperations": "0", "comprehensiveIncomeNetOfTax": "None", "ebit": "430000000", "ebitda": "494000000", "netIncome": "256000000"}, {"fiscalDateEnding": "2009-09-30", "reportedCurrency": "USD", "grossProfit": "577000000", "totalRevenue": "1140000000", "costOfRevenue": "563000000", "costofGoodsAndServicesSold": "563000000", "operatingIncome": "357000000", "sellingGeneralAndAdministrative": "605000000", "researchAndDevelopment": "0", "operatingExpenses": "220000000", "investmentIncomeNet": "None", "netInterestIncome": "None", "interestIncome": "None", "interestExpense": "15000000", "nonInterestIncome": "None", "otherNonOperatingIncome": "None", "depreciation": "None", "depreciationAndAmortization": "36000000", "incomeBeforeTax": "435000000", "incomeTaxExpense": "101000000", "interestAndDebtExpense": "None", "netIncomeFromContinuingOperations": "0", "comprehensiveIncomeNetOfTax": "None", "ebit": "361000000", "ebitda": "397000000", "netIncome": "317000000"}, {"fiscalDateEnding": "2009-06-30", "reportedCurrency": "USD", "grossProfit": "514", "totalRevenue": "1029", "costOfRevenue": "515", "costofGoodsAndServicesSold": "515", "operatingIncome": "261", "sellingGeneralAndAdministrative": "191000000", "researchAndDevelopment": "0", "operatingExpenses": "253", "investmentIncomeNet": "None", "netInterestIncome": "None", "interestIncome": "None", "interestExpense": "15", "nonInterestIncome": "None", "otherNonOperatingIncome": "None", "depreciation": "None", "depreciationAndAmortization": "36", "incomeBeforeTax": "338", "incomeTaxExpense": "94", "interestAndDebtExpense": "None", "netIncomeFromContinuingOperations": "0", "comprehensiveIncomeNetOfTax": "None", "ebit": "410999964", "ebitda": "411000000", "netIncome": "244"}, {"fiscalDateEnding": "2009-03-31", "reportedCurrency": "USD", "grossProfit": "507000000", "totalRevenue": "987000000", "costOfRevenue": "480000000", "costofGoodsAndServicesSold": "480000000", "operatingIncome": "271000000", "sellingGeneralAndAdministrative": "151000000", "researchAndDevelopment": "0", "operatingExpenses": "214000000", "investmentIncomeNet": "None", "netInterestIncome": "None", "interestIncome": "None", "interestExpense": "15000000", "nonInterestIncome": "None", "otherNonOperatingIncome": "None", "depreciation": "None", "depreciationAndAmortization": "57000000", "incomeBeforeTax": "92000000", "incomeTaxExpense": "30000000", "interestAndDebtExpense": "None", "netIncomeFromContinuingOperations": "0", "comprehensiveIncomeNetOfTax": "None", "ebit": "301000000", "ebitda": "358000000", "netIncome": "84000000"}, {"fiscalDateEnding": "2008-12-31", "reportedCurrency": "USD", "grossProfit": "2415302000", "totalRevenue": "1063690000", "costOfRevenue": "-1351612000", "costofGoodsAndServicesSold": "-1351612000", "operatingIncome": "338784000", "sellingGeneralAndAdministrative": "1969703000", "researchAndDevelopment": "0", "operatingExpenses": "2038518000", "investmentIncomeNet": "None", "netInterestIncome": "None", "interestIncome": "None", "interestExpense": "15165000", "nonInterestIncome": "None", "otherNonOperatingIncome": "None", "depreciation": "None", "depreciationAndAmortization": "56515000", "incomeBeforeTax": "-73741000", "incomeTaxExpense": "-6937000", "interestAndDebtExpense": "None", "netIncomeFromContinuingOperations": "0", "comprehensiveIncomeNetOfTax": "None", "ebit": "-312669000", "ebitda": "-256154000", "netIncome": "52545000"}, {"fiscalDateEnding": "2008-09-30", "reportedCurrency": "USD", "grossProfit": "694867000", "totalRevenue": "1313220000", "costOfRevenue": "618353000", "costofGoodsAndServicesSold": "618353000", "operatingIncome": "453536000", "sellingGeneralAndAdministrative": "170917000", "researchAndDevelopment": "0", "operatingExpenses": "859684000", "investmentIncomeNet": "None", "netInterestIncome": "None", "interestIncome": "None", "interestExpense": "16737000", "nonInterestIncome": "None", "otherNonOperatingIncome": "None", "depreciation": "None", "depreciationAndAmortization": "70414000", "incomeBeforeTax": "313852000", "incomeTaxExpense": "117237000", "interestAndDebtExpense": "None", "netIncomeFromContinuingOperations": "0", "comprehensiveIncomeNetOfTax": "None", "ebit": "473141000", "ebitda": "543555000", "netIncome": "217000000"}, {"fiscalDateEnding": "2008-06-30", "reportedCurrency": "USD", "grossProfit": "681379000", "totalRevenue": "1386951000", "costOfRevenue": "705572000", "costofGoodsAndServicesSold": "705572000", "operatingIncome": "404990000", "sellingGeneralAndAdministrative": "206395000", "researchAndDevelopment": "0", "operatingExpenses": "276389000", "investmentIncomeNet": "None", "netInterestIncome": "None", "interestIncome": "None", "interestExpense": "16720000", "nonInterestIncome": "None", "otherNonOperatingIncome": "None", "depreciation": "None", "depreciationAndAmortization": "27647000", "incomeBeforeTax": "401727000", "incomeTaxExpense": "147569000", "interestAndDebtExpense": "None", "netIncomeFromContinuingOperations": "0", "comprehensiveIncomeNetOfTax": "None", "ebit": "449353000", "ebitda": "477000000", "netIncome": "274000000"}, {"fiscalDateEnding": "2008-03-31", "reportedCurrency": "USD", "grossProfit": "675138000", "totalRevenue": "1300138000", "costOfRevenue": "625000000", "costofGoodsAndServicesSold": "625000000", "operatingIncome": "395690000", "sellingGeneralAndAdministrative": "212983000", "researchAndDevelopment": "0", "operatingExpenses": "904448000", "investmentIncomeNet": "None", "netInterestIncome": "None", "interestIncome": "None", "interestExpense": "18000000", "nonInterestIncome": "None", "otherNonOperatingIncome": "None", "depreciation": "None", "depreciationAndAmortization": "87699000", "incomeBeforeTax": "377162000", "incomeTaxExpense": "130131000", "interestAndDebtExpense": "None", "netIncomeFromContinuingOperations": "0", "comprehensiveIncomeNetOfTax": "None", "ebit": "365301000", "ebitda": "453000000", "netIncome": "241000000"}, {"fiscalDateEnding": "2007-12-31", "reportedCurrency": "USD", "grossProfit": "1444179000", "totalRevenue": "1444179000", "costOfRevenue": "919784000", "costofGoodsAndServicesSold": "919784000", "operatingIncome": "467716000", "sellingGeneralAndAdministrative": "2163254000", "researchAndDevelopment": "0", "operatingExpenses": "428843000", "investmentIncomeNet": "None", "netInterestIncome": "None", "interestIncome": "None", "interestExpense": "18389000", "nonInterestIncome": "None", "otherNonOperatingIncome": "None", "depreciation": "None", "depreciationAndAmortization": "55437000", "incomeBeforeTax": "497132000", "incomeTaxExpense": "165746000", "interestAndDebtExpense": "None", "netIncomeFromContinuingOperations": "0", "comprehensiveIncomeNetOfTax": "None", "ebit": "1046183000", "ebitda": "1101620000", "netIncome": "322440000"}, {"fiscalDateEnding": "2007-09-30", "reportedCurrency": "USD", "grossProfit": "659487000", "totalRevenue": "1298079000", "costOfRevenue": "638592000", "costofGoodsAndServicesSold": "638592000", "operatingIncome": "271718000", "sellingGeneralAndAdministrative": "194442000", "researchAndDevelopment": "0", "operatingExpenses": "1026361000", "investmentIncomeNet": "None", "netInterestIncome": "None", "interestIncome": "None", "interestExpense": "9815000", "nonInterestIncome": "None", "otherNonOperatingIncome": "None", "depreciation": "None", "depreciationAndAmortization": "49305000", "incomeBeforeTax": "399907000", "incomeTaxExpense": "63168000", "interestAndDebtExpense": "None", "netIncomeFromContinuingOperations": "0", "comprehensiveIncomeNetOfTax": "None", "ebit": "222413000", "ebitda": "271718000", "netIncome": "255200000"}, {"fiscalDateEnding": "2007-06-30", "reportedCurrency": "USD", "grossProfit": "557173000", "totalRevenue": "1097023000", "costOfRevenue": "539850000", "costofGoodsAndServicesSold": "539850000", "operatingIncome": "282001000", "sellingGeneralAndAdministrative": "210780000", "researchAndDevelopment": "0", "operatingExpenses": "815022000", "investmentIncomeNet": "None", "netInterestIncome": "None", "interestIncome": "None", "interestExpense": "10223000", "nonInterestIncome": "None", "otherNonOperatingIncome": "None", "depreciation": "None", "depreciationAndAmortization": "48020000", "incomeBeforeTax": "495719000", "incomeTaxExpense": "125012000", "interestAndDebtExpense": "None", "netIncomeFromContinuingOperations": "0", "comprehensiveIncomeNetOfTax": "None", "ebit": "233981000", "ebitda": "282001000", "netIncome": "222244000"}, {"fiscalDateEnding": "2007-03-31", "reportedCurrency": "USD", "grossProfit": "1005374000", "totalRevenue": "1005374000", "costOfRevenue": "0", "costofGoodsAndServicesSold": "0", "operatingIncome": "272231000", "sellingGeneralAndAdministrative": "223036000", "researchAndDevelopment": "0", "operatingExpenses": "733143000", "investmentIncomeNet": "None", "netInterestIncome": "None", "interestIncome": "None", "interestExpense": "10986000", "nonInterestIncome": "None", "otherNonOperatingIncome": "None", "depreciation": "None", "depreciationAndAmortization": "46062000", "incomeBeforeTax": "429962000", "incomeTaxExpense": "109906000", "interestAndDebtExpense": "None", "netIncomeFromContinuingOperations": "0", "comprehensiveIncomeNetOfTax": "None", "ebit": "226169000", "ebitda": "272231000", "netIncome": "195388000"}, {"fiscalDateEnding": "2006-12-31", "reportedCurrency": "USD", "grossProfit": "1018525000", "totalRevenue": "1018525000", "costOfRevenue": "677584000", "costofGoodsAndServicesSold": "677584000", "operatingIncome": "246083000", "sellingGeneralAndAdministrative": "229004000", "researchAndDevelopment": "0", "operatingExpenses": "772442000", "investmentIncomeNet": "None", "netInterestIncome": "None", "interestIncome": "None", "interestExpense": "3895000", "nonInterestIncome": "None", "otherNonOperatingIncome": "None", "depreciation": "None", "depreciationAndAmortization": "43508000", "incomeBeforeTax": "282697000", "incomeTaxExpense": "99500000", "interestAndDebtExpense": "None", "netIncomeFromContinuingOperations": "0", "comprehensiveIncomeNetOfTax": "None", "ebit": "246083000", "ebitda": "289591000", "netIncome": "169423000"}, {"fiscalDateEnding": "2006-09-30", "reportedCurrency": "USD", "grossProfit": "323058000", "totalRevenue": "323058000", "costOfRevenue": "211811000", "costofGoodsAndServicesSold": "211811000", "operatingIncome": "29008000", "sellingGeneralAndAdministrative": "82905000", "researchAndDevelopment": "0", "operatingExpenses": "294050000", "investmentIncomeNet": "None", "netInterestIncome": "None", "interestIncome": "None", "interestExpense": "2022000", "nonInterestIncome": "None", "otherNonOperatingIncome": "None", "depreciation": "None", "depreciationAndAmortization": "10180000", "incomeBeforeTax": "30917000", "incomeTaxExpense": "11108000", "interestAndDebtExpense": "None", "netIncomeFromContinuingOperations": "0", "comprehensiveIncomeNetOfTax": "None", "ebit": "18828000", "ebitda": "29008000", "netIncome": "18914000"}, {"fiscalDateEnding": "2006-06-30", "reportedCurrency": "USD", "grossProfit": "360733000", "totalRevenue": "360733000", "costOfRevenue": "242095000", "costofGoodsAndServicesSold": "242095000", "operatingIncome": "96683000", "sellingGeneralAndAdministrative": "74367000", "researchAndDevelopment": "0", "operatingExpenses": "264050000", "investmentIncomeNet": "None", "netInterestIncome": "None", "interestIncome": "None", "interestExpense": "2030000", "nonInterestIncome": "None", "otherNonOperatingIncome": "None", "depreciation": "None", "depreciationAndAmortization": "9710000", "incomeBeforeTax": "101498000", "incomeTaxExpense": "37237000", "interestAndDebtExpense": "None", "netIncomeFromContinuingOperations": "0", "comprehensiveIncomeNetOfTax": "None", "ebit": "96381000", "ebitda": "106091000", "netIncome": "63404000"}, {"fiscalDateEnding": "2006-03-31", "reportedCurrency": "USD", "grossProfit": "395660000", "totalRevenue": "395660000", "costOfRevenue": "245495000", "costofGoodsAndServicesSold": "245495000", "operatingIncome": "100027000", "sellingGeneralAndAdministrative": "56984000", "researchAndDevelopment": "0", "operatingExpenses": "295633000", "investmentIncomeNet": "None", "netInterestIncome": "None", "interestIncome": "None", "interestExpense": "1969000", "nonInterestIncome": "None", "otherNonOperatingIncome": "None", "depreciation": "None", "depreciationAndAmortization": "9411000", "incomeBeforeTax": "113122000", "incomeTaxExpense": "41618000", "interestAndDebtExpense": "None", "netIncomeFromContinuingOperations": "0", "comprehensiveIncomeNetOfTax": "None", "ebit": "99725000", "ebitda": "109136000", "netIncome": "70862000"}, {"fiscalDateEnding": "2005-12-31", "reportedCurrency": "USD", "grossProfit": "369108000", "totalRevenue": "369108000", "costOfRevenue": "248224000", "costofGoodsAndServicesSold": "248224000", "operatingIncome": "112396000", "sellingGeneralAndAdministrative": "60761000", "researchAndDevelopment": "0", "operatingExpenses": "256712000", "investmentIncomeNet": "None", "netInterestIncome": "None", "interestIncome": "None", "interestExpense": "1840000", "nonInterestIncome": "None", "otherNonOperatingIncome": "None", "depreciation": "None", "depreciationAndAmortization": "7788000", "incomeBeforeTax": "116442000", "incomeTaxExpense": "42826000", "interestAndDebtExpense": "None", "netIncomeFromContinuingOperations": "0", "comprehensiveIncomeNetOfTax": "None", "ebit": "112396000", "ebitda": "120184000", "netIncome": "72918000"}, {"fiscalDateEnding": "2005-09-30", "reportedCurrency": "USD", "grossProfit": "300807000", "totalRevenue": "300807000", "costOfRevenue": "213192000", "costofGoodsAndServicesSold": "213192000", "operatingIncome": "79669000", "sellingGeneralAndAdministrative": "51524000", "researchAndDevelopment": "0", "operatingExpenses": "221138000", "investmentIncomeNet": "None", "netInterestIncome": "None", "interestIncome": "None", "interestExpense": "2007000", "nonInterestIncome": "None", "otherNonOperatingIncome": "None", "depreciation": "None", "depreciationAndAmortization": "8646000", "incomeBeforeTax": "99100000", "incomeTaxExpense": "37077000", "interestAndDebtExpense": "None", "netIncomeFromContinuingOperations": "0", "comprehensiveIncomeNetOfTax": "None", "ebit": "78566000", "ebitda": "87212000", "netIncome": "61119000"}, {"fiscalDateEnding": "2005-06-30", "reportedCurrency": "USD", "grossProfit": "271389000", "totalRevenue": "271389000", "costOfRevenue": "182032000", "costofGoodsAndServicesSold": "182032000", "operatingIncome": "81895000", "sellingGeneralAndAdministrative": "46397000", "researchAndDevelopment": "0", "operatingExpenses": "189494000", "investmentIncomeNet": "None", "netInterestIncome": "None", "interestIncome": "None", "interestExpense": "2063000", "nonInterestIncome": "None", "otherNonOperatingIncome": "None", "depreciation": "None", "depreciationAndAmortization": "7462000", "incomeBeforeTax": "85859000", "incomeTaxExpense": "31324000", "interestAndDebtExpense": "None", "netIncomeFromContinuingOperations": "0", "comprehensiveIncomeNetOfTax": "None", "ebit": "82173000", "ebitda": "89635000", "netIncome": "53335000"}, {"fiscalDateEnding": "2005-03-31", "reportedCurrency": "USD", "grossProfit": "250083000", "totalRevenue": "250083000", "costOfRevenue": "176495000", "costofGoodsAndServicesSold": "176495000", "operatingIncome": "66582000", "sellingGeneralAndAdministrative": "46167000", "researchAndDevelopment": "0", "operatingExpenses": "183501000", "investmentIncomeNet": "None", "netInterestIncome": "None", "interestIncome": "None", "interestExpense": "2014000", "nonInterestIncome": "None", "otherNonOperatingIncome": "None", "depreciation": "None", "depreciationAndAmortization": "7006000", "incomeBeforeTax": "74354000", "incomeTaxExpense": "27331000", "interestAndDebtExpense": "None", "netIncomeFromContinuingOperations": "0", "comprehensiveIncomeNetOfTax": "None", "ebit": "66707000", "ebitda": "73713000", "netIncome": "46536000"}, {"fiscalDateEnding": "2004-12-31", "reportedCurrency": "USD", "grossProfit": "188677000", "totalRevenue": "188677000", "costOfRevenue": "113234000", "costofGoodsAndServicesSold": "113234000", "operatingIncome": "55826000", "sellingGeneralAndAdministrative": "36817000", "researchAndDevelopment": "0", "operatingExpenses": "132851000", "investmentIncomeNet": "None", "netInterestIncome": "None", "interestIncome": "None", "interestExpense": "835000", "nonInterestIncome": "None", "otherNonOperatingIncome": "None", "depreciation": "None", "depreciationAndAmortization": "5224000", "incomeBeforeTax": "63483000", "incomeTaxExpense": "12919000", "interestAndDebtExpense": "None", "netIncomeFromContinuingOperations": "0", "comprehensiveIncomeNetOfTax": "None", "ebit": "55826000", "ebitda": "61050000", "netIncome": "49752000"}]}