{"symbol": "RCL", "annualReports": [{"fiscalDateEnding": "2024-12-31", "reportedCurrency": "USD", "grossProfit": "7833000000", "totalRevenue": "16485000000", "costOfRevenue": "8652000000", "costofGoodsAndServicesSold": "8652000000", "operatingIncome": "4106000000", "sellingGeneralAndAdministrative": "2125000000", "researchAndDevelopment": "None", "operatingExpenses": "3727000000", "investmentIncomeNet": "None", "netInterestIncome": "-1574000000", "interestIncome": "16000000", "interestExpense": "1590000000", "nonInterestIncome": "None", "otherNonOperatingIncome": "None", "depreciation": "None", "depreciationAndAmortization": "1600000000", "incomeBeforeTax": "2897000000", "incomeTaxExpense": "-18000000", "interestAndDebtExpense": "None", "netIncomeFromContinuingOperations": "2897000000", "comprehensiveIncomeNetOfTax": "None", "ebit": "4487000000", "ebitda": "6087000000", "netIncome": "2877000000"}, {"fiscalDateEnding": "2023-12-31", "reportedCurrency": "USD", "grossProfit": "6125000000", "totalRevenue": "13900000000", "costOfRevenue": "7775000000", "costofGoodsAndServicesSold": "7775000000", "operatingIncome": "2878000000", "sellingGeneralAndAdministrative": "1475000000", "researchAndDevelopment": "None", "operatingExpenses": "3247000000", "investmentIncomeNet": "None", "netInterestIncome": "-1441174000", "interestIncome": "45955000", "interestExpense": "1402000000", "nonInterestIncome": "None", "otherNonOperatingIncome": "None", "depreciation": "None", "depreciationAndAmortization": "1455000000", "incomeBeforeTax": "1704000000", "incomeTaxExpense": "6000000", "interestAndDebtExpense": "None", "netIncomeFromContinuingOperations": "924872000", "comprehensiveIncomeNetOfTax": "None", "ebit": "3106000000", "ebitda": "4561000000", "netIncome": "1697000000"}, {"fiscalDateEnding": "2022-12-31", "reportedCurrency": "USD", "grossProfit": "2224000000", "totalRevenue": "8840000000", "costOfRevenue": "6616000000", "costofGoodsAndServicesSold": "6616000000", "operatingIncome": "-766000000", "sellingGeneralAndAdministrative": "1073329000", "researchAndDevelopment": "None", "operatingExpenses": "2990000000", "investmentIncomeNet": "None", "netInterestIncome": "-1328305000", "interestIncome": "1177800000", "interestExpense": "1364000000", "nonInterestIncome": "None", "otherNonOperatingIncome": "-27824000", "depreciation": "None", "depreciationAndAmortization": "1407000000", "incomeBeforeTax": "-2156000000", "incomeTaxExpense": "-56133000", "interestAndDebtExpense": "None", "netIncomeFromContinuingOperations": "-2155962000", "comprehensiveIncomeNetOfTax": "None", "ebit": "-792000000", "ebitda": "615000000", "netIncome": "-2156000000"}, {"fiscalDateEnding": "2021-12-31", "reportedCurrency": "USD", "grossProfit": "-1207000000", "totalRevenue": "1532000000", "costOfRevenue": "2739000000", "costofGoodsAndServicesSold": "2739000000", "operatingIncome": "-3870000000", "sellingGeneralAndAdministrative": "977976000", "researchAndDevelopment": "None", "operatingExpenses": "2663000000", "investmentIncomeNet": "None", "netInterestIncome": "-1274980000", "interestIncome": "16773000", "interestExpense": "1292000000", "nonInterestIncome": "None", "otherNonOperatingIncome": "-98412000", "depreciation": "None", "depreciationAndAmortization": "1293000000", "incomeBeforeTax": "-5260000000", "incomeTaxExpense": "1312037000", "interestAndDebtExpense": "None", "netIncomeFromContinuingOperations": "-5260499000", "comprehensiveIncomeNetOfTax": "None", "ebit": "-3968000000", "ebitda": "-2675000000", "netIncome": "-5260000000"}, {"fiscalDateEnding": "2020-12-31", "reportedCurrency": "USD", "grossProfit": "-556303000", "totalRevenue": "2208805000", "costOfRevenue": "2765108000", "costofGoodsAndServicesSold": "2765108000", "operatingIncome": "-4601557000", "sellingGeneralAndAdministrative": "992420000", "researchAndDevelopment": "None", "operatingExpenses": "2478874000", "investmentIncomeNet": "None", "netInterestIncome": "-823202000", "interestIncome": "1036488000", "interestExpense": "844238000", "nonInterestIncome": "None", "otherNonOperatingIncome": "-329335000", "depreciation": "None", "depreciationAndAmortization": "1264575000", "incomeBeforeTax": "-5775130000", "incomeTaxExpense": "729485000", "interestAndDebtExpense": "None", "netIncomeFromContinuingOperations": "-5817446000", "comprehensiveIncomeNetOfTax": "None", "ebit": "-4951153000", "ebitda": "-3686578000", "netIncome": "-6504615000"}, {"fiscalDateEnding": "2019-12-31", "reportedCurrency": "USD", "grossProfit": "4887896000", "totalRevenue": "10950661000", "costOfRevenue": "6062765000", "costofGoodsAndServicesSold": "6062765000", "operatingIncome": "2082701000", "sellingGeneralAndAdministrative": "1093853000", "researchAndDevelopment": "None", "operatingExpenses": "2805195000", "investmentIncomeNet": "None", "netInterestIncome": "-381568000", "interestIncome": "26945000", "interestExpense": "408513000", "nonInterestIncome": "None", "otherNonOperatingIncome": "233412000", "depreciation": "None", "depreciationAndAmortization": "1248374000", "incomeBeforeTax": "1907600000", "incomeTaxExpense": "412713000", "interestAndDebtExpense": "None", "netIncomeFromContinuingOperations": "1859352000", "comprehensiveIncomeNetOfTax": "None", "ebit": "2082701000", "ebitda": "3331075000", "netIncome": "1494887000"}, {"fiscalDateEnding": "2018-12-31", "reportedCurrency": "USD", "grossProfit": "4231642000", "totalRevenue": "9493849000", "costOfRevenue": "5262207000", "costofGoodsAndServicesSold": "5262207000", "operatingIncome": "1894801000", "sellingGeneralAndAdministrative": "1303144000", "researchAndDevelopment": "0", "operatingExpenses": "2336841000", "investmentIncomeNet": "None", "netInterestIncome": "-300872000", "interestIncome": "32800000", "interestExpense": "333672000", "nonInterestIncome": "None", "otherNonOperatingIncome": "254663000", "depreciation": "None", "depreciationAndAmortization": "1033697000", "incomeBeforeTax": "1815792000", "incomeTaxExpense": "254663000", "interestAndDebtExpense": "None", "netIncomeFromContinuingOperations": "1818685000", "comprehensiveIncomeNetOfTax": "None", "ebit": "1938708000", "ebitda": "2972405000", "netIncome": "1811042000"}, {"fiscalDateEnding": "2017-12-31", "reportedCurrency": "USD", "grossProfit": "3881266000", "totalRevenue": "8777845000", "costOfRevenue": "4896579000", "costofGoodsAndServicesSold": "4896579000", "operatingIncome": "1744056000", "sellingGeneralAndAdministrative": "1186016000", "researchAndDevelopment": "0", "operatingExpenses": "2137210000", "investmentIncomeNet": "None", "netInterestIncome": "-269881000", "interestIncome": "30101000", "interestExpense": "299982000", "nonInterestIncome": "None", "otherNonOperatingIncome": "181059000", "depreciation": "None", "depreciationAndAmortization": "951194000", "incomeBeforeTax": "1625133000", "incomeTaxExpense": "294693000", "interestAndDebtExpense": "None", "netIncomeFromContinuingOperations": "1619550000", "comprehensiveIncomeNetOfTax": "None", "ebit": "1768868000", "ebitda": "2720062000", "netIncome": "1625133000"}, {"fiscalDateEnding": "2016-12-31", "reportedCurrency": "USD", "grossProfit": "3480862000", "totalRevenue": "8496401000", "costOfRevenue": "5015539000", "costofGoodsAndServicesSold": "5015539000", "operatingIncome": "1477205000", "sellingGeneralAndAdministrative": "1100290000", "researchAndDevelopment": "0", "operatingExpenses": "1995205000", "investmentIncomeNet": "None", "netInterestIncome": "-286514000", "interestIncome": "20856000", "interestExpense": "307370000", "nonInterestIncome": "None", "otherNonOperatingIncome": "113553000", "depreciation": "None", "depreciationAndAmortization": "894915000", "incomeBeforeTax": "1283388000", "incomeTaxExpense": "271717000", "interestAndDebtExpense": "None", "netIncomeFromContinuingOperations": "1281752000", "comprehensiveIncomeNetOfTax": "None", "ebit": "1470860000", "ebitda": "2365775000", "netIncome": "1283388000"}, {"fiscalDateEnding": "2015-12-31", "reportedCurrency": "USD", "grossProfit": "3199681000", "totalRevenue": "8299074000", "costOfRevenue": "5099393000", "costofGoodsAndServicesSold": "5099393000", "operatingIncome": "874902000", "sellingGeneralAndAdministrative": "1086504000", "researchAndDevelopment": "0", "operatingExpenses": "1913512000", "investmentIncomeNet": "None", "netInterestIncome": "None", "interestIncome": "318567000", "interestExpense": "277725000", "nonInterestIncome": "None", "otherNonOperatingIncome": "68606000", "depreciation": "None", "depreciationAndAmortization": "827008000", "incomeBeforeTax": "665783000", "incomeTaxExpense": "334306000", "interestAndDebtExpense": "None", "netIncomeFromContinuingOperations": "670543000", "comprehensiveIncomeNetOfTax": "None", "ebit": "1354775000", "ebitda": "2181783000", "netIncome": "665783000"}, {"fiscalDateEnding": "2014-12-31", "reportedCurrency": "USD", "grossProfit": "2767574000", "totalRevenue": "8073855000", "costOfRevenue": "5306281000", "costofGoodsAndServicesSold": "5306281000", "operatingIncome": "941859000", "sellingGeneralAndAdministrative": "1048952000", "researchAndDevelopment": "0", "operatingExpenses": "1821397000", "investmentIncomeNet": "None", "netInterestIncome": "None", "interestIncome": "None", "interestExpense": "258299000", "nonInterestIncome": "None", "otherNonOperatingIncome": "80586000", "depreciation": "None", "depreciationAndAmortization": "772445000", "incomeBeforeTax": "764146000", "incomeTaxExpense": "328541000", "interestAndDebtExpense": "None", "netIncomeFromContinuingOperations": "764146000", "comprehensiveIncomeNetOfTax": "None", "ebit": "1026763000", "ebitda": "1799208000", "netIncome": "764146000"}, {"fiscalDateEnding": "2013-12-31", "reportedCurrency": "USD", "grossProfit": "2654624000", "totalRevenue": "7959894000", "costOfRevenue": "5305270000", "costofGoodsAndServicesSold": "5305270000", "operatingIncome": "798148000", "sellingGeneralAndAdministrative": "1044819000", "researchAndDevelopment": "0", "operatingExpenses": "1799530000", "investmentIncomeNet": "None", "netInterestIncome": "None", "interestIncome": "None", "interestExpense": "332422000", "nonInterestIncome": "None", "otherNonOperatingIncome": "7966000", "depreciation": "None", "depreciationAndAmortization": "754711000", "incomeBeforeTax": "473692000", "incomeTaxExpense": "330696000", "interestAndDebtExpense": "None", "netIncomeFromContinuingOperations": "484521000", "comprehensiveIncomeNetOfTax": "None", "ebit": "867266000", "ebitda": "1621977000", "netIncome": "473692000"}, {"fiscalDateEnding": "2012-12-31", "reportedCurrency": "USD", "grossProfit": "2530590000", "totalRevenue": "7688024000", "costOfRevenue": "5157434000", "costofGoodsAndServicesSold": "5157434000", "operatingIncome": "403110000", "sellingGeneralAndAdministrative": "1011543000", "researchAndDevelopment": "0", "operatingExpenses": "1742036000", "investmentIncomeNet": "None", "netInterestIncome": "None", "interestIncome": "None", "interestExpense": "355785000", "nonInterestIncome": "None", "otherNonOperatingIncome": "None", "depreciation": "None", "depreciationAndAmortization": "730493000", "incomeBeforeTax": "18287000", "incomeTaxExpense": "312917000", "interestAndDebtExpense": "None", "netIncomeFromContinuingOperations": "None", "comprehensiveIncomeNetOfTax": "None", "ebit": "767017000", "ebitda": "1497510000", "netIncome": "18287000"}, {"fiscalDateEnding": "2011-12-31", "reportedCurrency": "USD", "grossProfit": "2594656000", "totalRevenue": "7537263000", "costOfRevenue": "4942607000", "costofGoodsAndServicesSold": "4942607000", "operatingIncome": "931628000", "sellingGeneralAndAdministrative": "960602000", "researchAndDevelopment": "0", "operatingExpenses": "1663028000", "investmentIncomeNet": "None", "netInterestIncome": "None", "interestIncome": "None", "interestExpense": "382416000", "nonInterestIncome": "None", "otherNonOperatingIncome": "58209000", "depreciation": "None", "depreciationAndAmortization": "702426000", "incomeBeforeTax": "607421000", "incomeTaxExpense": "324207000", "interestAndDebtExpense": "None", "netIncomeFromContinuingOperations": "607421000", "comprehensiveIncomeNetOfTax": "None", "ebit": "898737000", "ebitda": "1601163000", "netIncome": "607421000"}, {"fiscalDateEnding": "2010-12-31", "reportedCurrency": "USD", "grossProfit": "2294428000", "totalRevenue": "6752504000", "costOfRevenue": "4458076000", "costofGoodsAndServicesSold": "4458076000", "operatingIncome": "802633000", "sellingGeneralAndAdministrative": "848079000", "researchAndDevelopment": "0", "operatingExpenses": "1491795000", "investmentIncomeNet": "None", "netInterestIncome": "None", "interestIncome": "None", "interestExpense": "339393000", "nonInterestIncome": "None", "otherNonOperatingIncome": "84227000", "depreciation": "None", "depreciationAndAmortization": "643716000", "incomeBeforeTax": "547467000", "incomeTaxExpense": "255166000", "interestAndDebtExpense": "None", "netIncomeFromContinuingOperations": "547467000", "comprehensiveIncomeNetOfTax": "None", "ebit": "727649000", "ebitda": "1371365000", "netIncome": "547467000"}, {"fiscalDateEnding": "2009-12-31", "reportedCurrency": "USD", "grossProfit": "1818724000", "totalRevenue": "5889826000", "costOfRevenue": "4071102000", "costofGoodsAndServicesSold": "4071102000", "operatingIncome": "488511000", "sellingGeneralAndAdministrative": "761999000", "researchAndDevelopment": "None", "operatingExpenses": "1330213000", "investmentIncomeNet": "None", "netInterestIncome": "None", "interestIncome": "None", "interestExpense": "300012000", "nonInterestIncome": "None", "otherNonOperatingIncome": "None", "depreciation": "None", "depreciationAndAmortization": "568214000", "incomeBeforeTax": "162421000", "incomeTaxExpense": "326090000", "interestAndDebtExpense": "None", "netIncomeFromContinuingOperations": "None", "comprehensiveIncomeNetOfTax": "None", "ebit": "521605000", "ebitda": "1089819000", "netIncome": "162421000"}, {"fiscalDateEnding": "2008-12-31", "reportedCurrency": "USD", "grossProfit": "3159476000", "totalRevenue": "6532525000", "costOfRevenue": "3373049000", "costofGoodsAndServicesSold": "3373049000", "operatingIncome": "831984000", "sellingGeneralAndAdministrative": "776522000", "researchAndDevelopment": "None", "operatingExpenses": "2327492000", "investmentIncomeNet": "None", "netInterestIncome": "None", "interestIncome": "None", "interestExpense": "327312000", "nonInterestIncome": "None", "otherNonOperatingIncome": "None", "depreciation": "None", "depreciationAndAmortization": "520353000", "incomeBeforeTax": "573722000", "incomeTaxExpense": "258262000", "interestAndDebtExpense": "None", "netIncomeFromContinuingOperations": "None", "comprehensiveIncomeNetOfTax": "None", "ebit": "777050000", "ebitda": "1297403000", "netIncome": "573722000"}, {"fiscalDateEnding": "2007-12-31", "reportedCurrency": "USD", "grossProfit": "2167441000", "totalRevenue": "6149139000", "costOfRevenue": "3981698000", "costofGoodsAndServicesSold": "3981698000", "operatingIncome": "901335000", "sellingGeneralAndAdministrative": "1907062000", "researchAndDevelopment": "None", "operatingExpenses": "1266106000", "investmentIncomeNet": "None", "netInterestIncome": "None", "interestIncome": "None", "interestExpense": "333784000", "nonInterestIncome": "None", "otherNonOperatingIncome": "None", "depreciation": "None", "depreciationAndAmortization": "483066000", "incomeBeforeTax": "603405000", "incomeTaxExpense": "297930000", "interestAndDebtExpense": "None", "netIncomeFromContinuingOperations": "None", "comprehensiveIncomeNetOfTax": "None", "ebit": "885506000", "ebitda": "1368572000", "netIncome": "603405000"}, {"fiscalDateEnding": "2006-12-31", "reportedCurrency": "USD", "grossProfit": "1979955000", "totalRevenue": "5229584000", "costOfRevenue": "3249629000", "costofGoodsAndServicesSold": "3249629000", "operatingIncome": "858446000", "sellingGeneralAndAdministrative": "1617793000", "researchAndDevelopment": "None", "operatingExpenses": "1121509000", "investmentIncomeNet": "None", "netInterestIncome": "None", "interestIncome": "None", "interestExpense": "267861000", "nonInterestIncome": "None", "otherNonOperatingIncome": "None", "depreciation": "None", "depreciationAndAmortization": "421645000", "incomeBeforeTax": "633922000", "incomeTaxExpense": "224524000", "interestAndDebtExpense": "None", "netIncomeFromContinuingOperations": "None", "comprehensiveIncomeNetOfTax": "None", "ebit": "830347000", "ebitda": "1251992000", "netIncome": "633922000"}, {"fiscalDateEnding": "2005-12-31", "reportedCurrency": "USD", "grossProfit": "1908942000", "totalRevenue": "4903174000", "costOfRevenue": "2994232000", "costofGoodsAndServicesSold": "2994232000", "operatingIncome": "871565000", "sellingGeneralAndAdministrative": "1493914000", "researchAndDevelopment": "None", "operatingExpenses": "1037377000", "investmentIncomeNet": "None", "netInterestIncome": "None", "interestIncome": "None", "interestExpense": "269750000", "nonInterestIncome": "None", "otherNonOperatingIncome": "None", "depreciation": "None", "depreciationAndAmortization": "402069000", "incomeBeforeTax": "715956000", "incomeTaxExpense": "155609000", "interestAndDebtExpense": "None", "netIncomeFromContinuingOperations": "None", "comprehensiveIncomeNetOfTax": "None", "ebit": "819044000", "ebitda": "1221113000", "netIncome": "715956000"}], "quarterlyReports": [{"fiscalDateEnding": "2024-12-31", "reportedCurrency": "USD", "grossProfit": "1709000000", "totalRevenue": "3761000000", "costOfRevenue": "2052000000", "costofGoodsAndServicesSold": "2052000000", "operatingIncome": "624000000", "sellingGeneralAndAdministrative": "673000000", "researchAndDevelopment": "None", "operatingExpenses": "1085000000", "investmentIncomeNet": "None", "netInterestIncome": "-263000000", "interestIncome": "3000000", "interestExpense": "266000000", "nonInterestIncome": "None", "otherNonOperatingIncome": "None", "depreciation": "None", "depreciationAndAmortization": "410000000", "incomeBeforeTax": "560000000", "incomeTaxExpense": "1000000", "interestAndDebtExpense": "None", "netIncomeFromContinuingOperations": "560000000", "comprehensiveIncomeNetOfTax": "None", "ebit": "826000000", "ebitda": "1236000000", "netIncome": "552000000"}, {"fiscalDateEnding": "2024-09-30", "reportedCurrency": "USD", "grossProfit": "2495000000", "totalRevenue": "4886000000", "costOfRevenue": "2391000000", "costofGoodsAndServicesSold": "2391000000", "operatingIncome": "1634000000", "sellingGeneralAndAdministrative": "451000000", "researchAndDevelopment": "None", "operatingExpenses": "861000000", "investmentIncomeNet": "None", "netInterestIncome": "-599000000", "interestIncome": "4000000", "interestExpense": "603000000", "nonInterestIncome": "None", "otherNonOperatingIncome": "None", "depreciation": "None", "depreciationAndAmortization": "410000000", "incomeBeforeTax": "1115000000", "incomeTaxExpense": "-21000000", "interestAndDebtExpense": "None", "netIncomeFromContinuingOperations": "1115000000", "comprehensiveIncomeNetOfTax": "None", "ebit": "1718000000", "ebitda": "2128000000", "netIncome": "1111000000"}, {"fiscalDateEnding": "2024-06-30", "reportedCurrency": "USD", "grossProfit": "1958000000", "totalRevenue": "4110000000", "costOfRevenue": "2152000000", "costofGoodsAndServicesSold": "2152000000", "operatingIncome": "1099000000", "sellingGeneralAndAdministrative": "466000000", "researchAndDevelopment": "None", "operatingExpenses": "859000000", "investmentIncomeNet": "None", "netInterestIncome": "-294000000", "interestIncome": "4000000", "interestExpense": "298000000", "nonInterestIncome": "None", "otherNonOperatingIncome": "None", "depreciation": "None", "depreciationAndAmortization": "393000000", "incomeBeforeTax": "858000000", "incomeTaxExpense": "17000000", "interestAndDebtExpense": "None", "netIncomeFromContinuingOperations": "858000000", "comprehensiveIncomeNetOfTax": "None", "ebit": "1156000000", "ebitda": "1549000000", "netIncome": "854000000"}, {"fiscalDateEnding": "2024-03-31", "reportedCurrency": "USD", "grossProfit": "1672000000", "totalRevenue": "3728000000", "costOfRevenue": "2056000000", "costofGoodsAndServicesSold": "2056000000", "operatingIncome": "750000000", "sellingGeneralAndAdministrative": "535000000", "researchAndDevelopment": "None", "operatingExpenses": "922000000", "investmentIncomeNet": "None", "netInterestIncome": "-419000000", "interestIncome": "5000000", "interestExpense": "424000000", "nonInterestIncome": "None", "otherNonOperatingIncome": "None", "depreciation": "None", "depreciationAndAmortization": "387000000", "incomeBeforeTax": "364000000", "incomeTaxExpense": "4000000", "interestAndDebtExpense": "None", "netIncomeFromContinuingOperations": "364000000", "comprehensiveIncomeNetOfTax": "None", "ebit": "788000000", "ebitda": "1175000000", "netIncome": "360000000"}, {"fiscalDateEnding": "2023-12-31", "reportedCurrency": "USD", "grossProfit": "1088000000", "totalRevenue": "3331000000", "costOfRevenue": "2243000000", "costofGoodsAndServicesSold": "2243000000", "operatingIncome": "585000000", "sellingGeneralAndAdministrative": "3000000", "researchAndDevelopment": "None", "operatingExpenses": "503000000", "investmentIncomeNet": "None", "netInterestIncome": "-342344000", "interestIncome": "4137000", "interestExpense": "346000000", "nonInterestIncome": "None", "otherNonOperatingIncome": "None", "depreciation": "None", "depreciationAndAmortization": "336895000", "incomeBeforeTax": "280000000", "incomeTaxExpense": "-1366872000", "interestAndDebtExpense": "None", "netIncomeFromContinuingOperations": "278922000", "comprehensiveIncomeNetOfTax": "None", "ebit": "600052000", "ebitda": "936947000", "netIncome": "277073000"}, {"fiscalDateEnding": "2023-09-30", "reportedCurrency": "USD", "grossProfit": "2023593000", "totalRevenue": "4160453000", "costOfRevenue": "2136860000", "costofGoodsAndServicesSold": "2136860000", "operatingIncome": "1265104000", "sellingGeneralAndAdministrative": "393016000", "researchAndDevelopment": "None", "operatingExpenses": "758489000", "investmentIncomeNet": "None", "netInterestIncome": "-333148000", "interestIncome": "7472000", "interestExpense": "340620000", "nonInterestIncome": "None", "otherNonOperatingIncome": "None", "depreciation": "None", "depreciationAndAmortization": "361094000", "incomeBeforeTax": "1010678000", "incomeTaxExpense": "334317000", "interestAndDebtExpense": "None", "netIncomeFromContinuingOperations": "1010678000", "comprehensiveIncomeNetOfTax": "None", "ebit": "1269050000", "ebitda": "1630144000", "netIncome": "1009076000"}, {"fiscalDateEnding": "2023-06-30", "reportedCurrency": "USD", "grossProfit": "1568106000", "totalRevenue": "3522982000", "costOfRevenue": "1954876000", "costofGoodsAndServicesSold": "1954876000", "operatingIncome": "771581000", "sellingGeneralAndAdministrative": "434848000", "researchAndDevelopment": "None", "operatingExpenses": "796525000", "investmentIncomeNet": "None", "netInterestIncome": "-345929000", "interestIncome": "9583000", "interestExpense": "355512000", "nonInterestIncome": "None", "otherNonOperatingIncome": "46211000", "depreciation": "None", "depreciationAndAmortization": "361677000", "incomeBeforeTax": "462280000", "incomeTaxExpense": "353645000", "interestAndDebtExpense": "None", "netIncomeFromContinuingOperations": "462280000", "comprehensiveIncomeNetOfTax": "None", "ebit": "775778000", "ebitda": "1137455000", "netIncome": "458761000"}, {"fiscalDateEnding": "2023-03-31", "reportedCurrency": "USD", "grossProfit": "1092241000", "totalRevenue": "2885146000", "costOfRevenue": "1792905000", "costofGoodsAndServicesSold": "1792905000", "operatingIncome": "271613000", "sellingGeneralAndAdministrative": "460855000", "researchAndDevelopment": "None", "operatingExpenses": "820628000", "investmentIncomeNet": "None", "netInterestIncome": "-344579000", "interestIncome": "14808000", "interestExpense": "359387000", "nonInterestIncome": "None", "otherNonOperatingIncome": "39864000", "depreciation": "None", "depreciationAndAmortization": "379166000", "incomeBeforeTax": "-47910000", "incomeTaxExpense": "678910000", "interestAndDebtExpense": "None", "netIncomeFromContinuingOperations": "-44397000", "comprehensiveIncomeNetOfTax": "None", "ebit": "271613000", "ebitda": "650779000", "netIncome": "-726820000"}, {"fiscalDateEnding": "2022-12-31", "reportedCurrency": "USD", "grossProfit": "821550000", "totalRevenue": "2603992000", "costOfRevenue": "1782442000", "costofGoodsAndServicesSold": "1782442000", "operatingIncome": "-94386000", "sellingGeneralAndAdministrative": "65242000", "researchAndDevelopment": "None", "operatingExpenses": "804953000", "investmentIncomeNet": "None", "netInterestIncome": "-417518000", "interestIncome": "313221000", "interestExpense": "431610000", "nonInterestIncome": "None", "otherNonOperatingIncome": "-84047000", "depreciation": "None", "depreciationAndAmortization": "360595000", "incomeBeforeTax": "-500206000", "incomeTaxExpense": "-25790000", "interestAndDebtExpense": "None", "netIncomeFromContinuingOperations": "-500206000", "comprehensiveIncomeNetOfTax": "None", "ebit": "-94386000", "ebitda": "266209000", "netIncome": "-474416000"}, {"fiscalDateEnding": "2022-09-30", "reportedCurrency": "USD", "grossProfit": "1036812000", "totalRevenue": "2993075000", "costOfRevenue": "1956263000", "costofGoodsAndServicesSold": "1956263000", "operatingIncome": "298425000", "sellingGeneralAndAdministrative": "373116000", "researchAndDevelopment": "None", "operatingExpenses": "728201000", "investmentIncomeNet": "None", "netInterestIncome": "-340234000", "interestIncome": "249788000", "interestExpense": "352187000", "nonInterestIncome": "None", "otherNonOperatingIncome": "86730000", "depreciation": "None", "depreciationAndAmortization": "452001000", "incomeBeforeTax": "32968000", "incomeTaxExpense": "10186000", "interestAndDebtExpense": "None", "netIncomeFromContinuingOperations": "40194000", "comprehensiveIncomeNetOfTax": "None", "ebit": "298425000", "ebitda": "750426000", "netIncome": "22782000"}, {"fiscalDateEnding": "2022-06-30", "reportedCurrency": "USD", "grossProfit": "493380000", "totalRevenue": "2184242000", "costOfRevenue": "1690862000", "costofGoodsAndServicesSold": "1690862000", "operatingIncome": "-229819000", "sellingGeneralAndAdministrative": "371425000", "researchAndDevelopment": "None", "operatingExpenses": "722967000", "investmentIncomeNet": "None", "netInterestIncome": "-296216000", "interestIncome": "6490000", "interestExpense": "302706000", "nonInterestIncome": "None", "otherNonOperatingIncome": "-232000", "depreciation": "None", "depreciationAndAmortization": "351542000", "incomeBeforeTax": "-521582000", "incomeTaxExpense": "-10943000", "interestAndDebtExpense": "None", "netIncomeFromContinuingOperations": "-506414000", "comprehensiveIncomeNetOfTax": "None", "ebit": "-229819000", "ebitda": "121723000", "netIncome": "-510639000"}, {"fiscalDateEnding": "2022-03-31", "reportedCurrency": "USD", "grossProfit": "-125538000", "totalRevenue": "1059231000", "costOfRevenue": "1184769000", "costofGoodsAndServicesSold": "1184769000", "operatingIncome": "-859208000", "sellingGeneralAndAdministrative": "394030000", "researchAndDevelopment": "None", "operatingExpenses": "733497000", "investmentIncomeNet": "None", "netInterestIncome": "-274337000", "interestIncome": "3322000", "interestExpense": "277659000", "nonInterestIncome": "None", "otherNonOperatingIncome": "-30275000", "depreciation": "None", "depreciationAndAmortization": "340424000", "incomeBeforeTax": "-1167142000", "incomeTaxExpense": "31232000", "interestAndDebtExpense": "None", "netIncomeFromContinuingOperations": "-1154545000", "comprehensiveIncomeNetOfTax": "None", "ebit": "-859208000", "ebitda": "-518784000", "netIncome": "-1198374000"}, {"fiscalDateEnding": "2021-12-31", "reportedCurrency": "USD", "grossProfit": "-153257000", "totalRevenue": "982247000", "costOfRevenue": "1135504000", "costofGoodsAndServicesSold": "1135504000", "operatingIncome": "-1031745000", "sellingGeneralAndAdministrative": "110955000", "researchAndDevelopment": "None", "operatingExpenses": "836421000", "investmentIncomeNet": "None", "netInterestIncome": "-280311000", "interestIncome": "3456000", "interestExpense": "283767000", "nonInterestIncome": "None", "otherNonOperatingIncome": "-41456000", "depreciation": "None", "depreciationAndAmortization": "333366000", "incomeBeforeTax": "-1356968000", "incomeTaxExpense": "283767000", "interestAndDebtExpense": "None", "netIncomeFromContinuingOperations": "-1356968000", "comprehensiveIncomeNetOfTax": "None", "ebit": "-1032709000", "ebitda": "-699343000", "netIncome": "-1356968000"}, {"fiscalDateEnding": "2021-09-30", "reportedCurrency": "USD", "grossProfit": "-356733000", "totalRevenue": "456958000", "costOfRevenue": "813691000", "costofGoodsAndServicesSold": "813691000", "operatingIncome": "-1005824000", "sellingGeneralAndAdministrative": "323422000", "researchAndDevelopment": "None", "operatingExpenses": "649329000", "investmentIncomeNet": "None", "netInterestIncome": "-426875000", "interestIncome": "3786000", "interestExpense": "430661000", "nonInterestIncome": "None", "otherNonOperatingIncome": "11931000", "depreciation": "None", "depreciationAndAmortization": "325907000", "incomeBeforeTax": "-1424554000", "incomeTaxExpense": "467891000", "interestAndDebtExpense": "None", "netIncomeFromContinuingOperations": "-1424554000", "comprehensiveIncomeNetOfTax": "None", "ebit": "-965046000", "ebitda": "-639139000", "netIncome": "-1424554000"}, {"fiscalDateEnding": "2021-06-30", "reportedCurrency": "USD", "grossProfit": "-373916000", "totalRevenue": "50914000", "costOfRevenue": "424830000", "costofGoodsAndServicesSold": "424830000", "operatingIncome": "-1023534000", "sellingGeneralAndAdministrative": "285558000", "researchAndDevelopment": "None", "operatingExpenses": "608997000", "investmentIncomeNet": "None", "netInterestIncome": "-300141000", "interestIncome": "4670000", "interestExpense": "304811000", "nonInterestIncome": "None", "otherNonOperatingIncome": "-18910000", "depreciation": "None", "depreciationAndAmortization": "323439000", "incomeBeforeTax": "-1347255000", "incomeTaxExpense": "329319000", "interestAndDebtExpense": "None", "netIncomeFromContinuingOperations": "-1347255000", "comprehensiveIncomeNetOfTax": "None", "ebit": "-953735000", "ebitda": "-630296000", "netIncome": "-1347255000"}, {"fiscalDateEnding": "2021-03-31", "reportedCurrency": "USD", "grossProfit": "-241473000", "totalRevenue": "42014000", "costOfRevenue": "283487000", "costofGoodsAndServicesSold": "283487000", "operatingIncome": "-809231000", "sellingGeneralAndAdministrative": "258041000", "researchAndDevelopment": "None", "operatingExpenses": "568207000", "investmentIncomeNet": "None", "netInterestIncome": "-267653000", "interestIncome": "4861000", "interestExpense": "272514000", "nonInterestIncome": "None", "otherNonOperatingIncome": "-49977000", "depreciation": "None", "depreciationAndAmortization": "310166000", "incomeBeforeTax": "-1131722000", "incomeTaxExpense": "277547000", "interestAndDebtExpense": "None", "netIncomeFromContinuingOperations": "-1121259000", "comprehensiveIncomeNetOfTax": "None", "ebit": "-799786000", "ebitda": "-489620000", "netIncome": "-1131722000"}, {"fiscalDateEnding": "2020-12-31", "reportedCurrency": "USD", "grossProfit": "-231118000", "totalRevenue": "34139000", "costOfRevenue": "265257000", "costofGoodsAndServicesSold": "265257000", "operatingIncome": "-1016545000", "sellingGeneralAndAdministrative": "395890000", "researchAndDevelopment": "None", "operatingExpenses": "573561000", "investmentIncomeNet": "None", "netInterestIncome": "-267809000", "interestIncome": "340837000", "interestExpense": "273089000", "nonInterestIncome": "None", "otherNonOperatingIncome": "-77297000", "depreciation": "None", "depreciationAndAmortization": "318028000", "incomeBeforeTax": "-1366933000", "incomeTaxExpense": "-22332000", "interestAndDebtExpense": "None", "netIncomeFromContinuingOperations": "-1369966000", "comprehensiveIncomeNetOfTax": "None", "ebit": "-808949000", "ebitda": "-490921000", "netIncome": "-1366933000"}, {"fiscalDateEnding": "2020-09-30", "reportedCurrency": "USD", "grossProfit": "-342297000", "totalRevenue": "-33688000", "costOfRevenue": "308609000", "costofGoodsAndServicesSold": "308609000", "operatingIncome": "-996114000", "sellingGeneralAndAdministrative": "246778055.91", "researchAndDevelopment": "None", "operatingExpenses": "563918000", "investmentIncomeNet": "None", "netInterestIncome": "-254332000", "interestIncome": "331571000", "interestExpense": "259349000", "nonInterestIncome": "None", "otherNonOperatingIncome": "-83849000", "depreciation": "None", "depreciationAndAmortization": "317139000", "incomeBeforeTax": "-1339312000", "incomeTaxExpense": "255940000", "interestAndDebtExpense": "None", "netIncomeFromContinuingOperations": "-1349842000", "comprehensiveIncomeNetOfTax": "None", "ebit": "-912051000", "ebitda": "-594912000", "netIncome": "-1346756000"}, {"fiscalDateEnding": "2020-06-30", "reportedCurrency": "USD", "grossProfit": "-504815000", "totalRevenue": "175605000", "costOfRevenue": "680420000", "costofGoodsAndServicesSold": "680420000", "operatingIncome": "-1282487000", "sellingGeneralAndAdministrative": "301418000", "researchAndDevelopment": "None", "operatingExpenses": "621175000", "investmentIncomeNet": "None", "netInterestIncome": "-213683000", "interestIncome": "294245000", "interestExpense": "218889000", "nonInterestIncome": "None", "otherNonOperatingIncome": "-130472000", "depreciation": "None", "depreciationAndAmortization": "319757000", "incomeBeforeTax": "-1631848000", "incomeTaxExpense": "142508000", "interestAndDebtExpense": "None", "netIncomeFromContinuingOperations": "-1631848000", "comprehensiveIncomeNetOfTax": "None", "ebit": "-1204609000", "ebitda": "-884852000", "netIncome": "-1639292000"}, {"fiscalDateEnding": "2020-03-31", "reportedCurrency": "USD", "grossProfit": "521931000", "totalRevenue": "2032750000", "costOfRevenue": "1510819000", "costofGoodsAndServicesSold": "1510819000", "operatingIncome": "-1306407000", "sellingGeneralAndAdministrative": "395890000", "researchAndDevelopment": "None", "operatingExpenses": "720220000", "investmentIncomeNet": "None", "netInterestIncome": "-87377000", "interestIncome": "5534000", "interestExpense": "92911000", "nonInterestIncome": "None", "otherNonOperatingIncome": "-37717000", "depreciation": "None", "depreciationAndAmortization": "324330000", "incomeBeforeTax": "-1437035000", "incomeTaxExpense": "67496000", "interestAndDebtExpense": "None", "netIncomeFromContinuingOperations": "-1452068000", "comprehensiveIncomeNetOfTax": "None", "ebit": "-225614000", "ebitda": "98716000", "netIncome": "-1444479000"}, {"fiscalDateEnding": "2019-12-31", "reportedCurrency": "USD", "grossProfit": "1035894000", "totalRevenue": "2517413000", "costOfRevenue": "1481519000", "costofGoodsAndServicesSold": "1481519000", "operatingIncome": "299425000", "sellingGeneralAndAdministrative": "414707000", "researchAndDevelopment": "None", "operatingExpenses": "736469000", "investmentIncomeNet": "None", "netInterestIncome": "-89562000", "interestIncome": "5194000", "interestExpense": "94756000", "nonInterestIncome": "None", "otherNonOperatingIncome": "75805000", "depreciation": "None", "depreciationAndAmortization": "321762000", "incomeBeforeTax": "280474000", "incomeTaxExpense": "-21375000", "interestAndDebtExpense": "None", "netIncomeFromContinuingOperations": "276432000", "comprehensiveIncomeNetOfTax": "None", "ebit": "314643000", "ebitda": "636405000", "netIncome": "273136000"}, {"fiscalDateEnding": "2019-09-30", "reportedCurrency": "USD", "grossProfit": "1563812000", "totalRevenue": "3186850000", "costOfRevenue": "1623038000", "costofGoodsAndServicesSold": "1623038000", "operatingIncome": "890792000", "sellingGeneralAndAdministrative": "352725000", "researchAndDevelopment": "None", "operatingExpenses": "673020000", "investmentIncomeNet": "None", "netInterestIncome": "-96413000", "interestIncome": "5625000", "interestExpense": "102038000", "nonInterestIncome": "None", "otherNonOperatingIncome": "101611000", "depreciation": "None", "depreciationAndAmortization": "320295000", "incomeBeforeTax": "890365000", "incomeTaxExpense": "101495000", "interestAndDebtExpense": "None", "netIncomeFromContinuingOperations": "870784000", "comprehensiveIncomeNetOfTax": "None", "ebit": "888749000", "ebitda": "1209044000", "netIncome": "883240000"}, {"fiscalDateEnding": "2019-06-30", "reportedCurrency": "USD", "grossProfit": "1262127000", "totalRevenue": "2806631000", "costOfRevenue": "1544504000", "costofGoodsAndServicesSold": "1544504000", "operatingIncome": "573653000", "sellingGeneralAndAdministrative": "376874000", "researchAndDevelopment": "None", "operatingExpenses": "688474000", "investmentIncomeNet": "None", "netInterestIncome": "-104962000", "interestIncome": "6342000", "interestExpense": "111304000", "nonInterestIncome": "None", "otherNonOperatingIncome": "17606000", "depreciation": "None", "depreciationAndAmortization": "311600000", "incomeBeforeTax": "479955000", "incomeTaxExpense": "96648000", "interestAndDebtExpense": "None", "netIncomeFromContinuingOperations": "463108000", "comprehensiveIncomeNetOfTax": "None", "ebit": "558214000", "ebitda": "869814000", "netIncome": "472830000"}, {"fiscalDateEnding": "2019-03-31", "reportedCurrency": "USD", "grossProfit": "1026063000", "totalRevenue": "2439767000", "costOfRevenue": "1413704000", "costofGoodsAndServicesSold": "1413704000", "operatingIncome": "318831000", "sellingGeneralAndAdministrative": "414947000", "researchAndDevelopment": "None", "operatingExpenses": "707232000", "investmentIncomeNet": "None", "netInterestIncome": "-90631000", "interestIncome": "44065000", "interestExpense": "100415000", "nonInterestIncome": "None", "otherNonOperatingIncome": "38390000", "depreciation": "None", "depreciationAndAmortization": "292285000", "incomeBeforeTax": "256806000", "incomeTaxExpense": "102452000", "interestAndDebtExpense": "None", "netIncomeFromContinuingOperations": "249028000", "comprehensiveIncomeNetOfTax": "None", "ebit": "323527000", "ebitda": "615812000", "netIncome": "249681000"}, {"fiscalDateEnding": "2018-12-31", "reportedCurrency": "USD", "grossProfit": "971888000", "totalRevenue": "2332301000", "costOfRevenue": "1360413000", "costofGoodsAndServicesSold": "1360413000", "operatingIncome": "364027000", "sellingGeneralAndAdministrative": "327693000", "researchAndDevelopment": "0", "operatingExpenses": "607861000", "investmentIncomeNet": "None", "netInterestIncome": "None", "interestIncome": "None", "interestExpense": "97420000", "nonInterestIncome": "None", "otherNonOperatingIncome": "53846000", "depreciation": "None", "depreciationAndAmortization": "280168000", "incomeBeforeTax": "320453000", "incomeTaxExpense": "107354000", "interestAndDebtExpense": "None", "netIncomeFromContinuingOperations": "316397000", "comprehensiveIncomeNetOfTax": "None", "ebit": "375349000", "ebitda": "655517000", "netIncome": "315703000"}, {"fiscalDateEnding": "2018-09-30", "reportedCurrency": "USD", "grossProfit": "1384823000", "totalRevenue": "2796187000", "costOfRevenue": "1411364000", "costofGoodsAndServicesSold": "1411364000", "operatingIncome": "799733000", "sellingGeneralAndAdministrative": "325167000", "researchAndDevelopment": "0", "operatingExpenses": "585090000", "investmentIncomeNet": "None", "netInterestIncome": "None", "interestIncome": "None", "interestExpense": "86510000", "nonInterestIncome": "None", "otherNonOperatingIncome": "97168000", "depreciation": "None", "depreciationAndAmortization": "259923000", "incomeBeforeTax": "810391000", "incomeTaxExpense": "82678000", "interestAndDebtExpense": "None", "netIncomeFromContinuingOperations": "811544000", "comprehensiveIncomeNetOfTax": "None", "ebit": "801732000", "ebitda": "1061655000", "netIncome": "810391000"}, {"fiscalDateEnding": "2018-06-30", "reportedCurrency": "USD", "grossProfit": "1023194000", "totalRevenue": "2337605000", "costOfRevenue": "1314411000", "costofGoodsAndServicesSold": "1314411000", "operatingIncome": "456895000", "sellingGeneralAndAdministrative": "312923000", "researchAndDevelopment": "0", "operatingExpenses": "566299000", "investmentIncomeNet": "None", "netInterestIncome": "None", "interestIncome": "None", "interestExpense": "81864000", "nonInterestIncome": "None", "otherNonOperatingIncome": "91264000", "depreciation": "None", "depreciationAndAmortization": "253376000", "incomeBeforeTax": "466295000", "incomeTaxExpense": "115719000", "interestAndDebtExpense": "None", "netIncomeFromContinuingOperations": "464331000", "comprehensiveIncomeNetOfTax": "None", "ebit": "503848000", "ebitda": "757224000", "netIncome": "466295000"}, {"fiscalDateEnding": "2018-03-31", "reportedCurrency": "USD", "grossProfit": "851737000", "totalRevenue": "2027756000", "costOfRevenue": "1176019000", "costofGoodsAndServicesSold": "1176019000", "operatingIncome": "274146000", "sellingGeneralAndAdministrative": "337361000", "researchAndDevelopment": "0", "operatingExpenses": "577591000", "investmentIncomeNet": "None", "netInterestIncome": "None", "interestIncome": "None", "interestExpense": "67878000", "nonInterestIncome": "None", "otherNonOperatingIncome": "12385000", "depreciation": "None", "depreciationAndAmortization": "240230000", "incomeBeforeTax": "218653000", "incomeTaxExpense": "67121000", "interestAndDebtExpense": "None", "netIncomeFromContinuingOperations": "226413000", "comprehensiveIncomeNetOfTax": "None", "ebit": "281122000", "ebitda": "521352000", "netIncome": "218653000"}, {"fiscalDateEnding": "2017-12-31", "reportedCurrency": "USD", "grossProfit": "858766000", "totalRevenue": "2004467000", "costOfRevenue": "1145701000", "costofGoodsAndServicesSold": "1145701000", "operatingIncome": "307349000", "sellingGeneralAndAdministrative": "311059000", "researchAndDevelopment": "0", "operatingExpenses": "551417000", "investmentIncomeNet": "None", "netInterestIncome": "None", "interestIncome": "None", "interestExpense": "69800000", "nonInterestIncome": "None", "otherNonOperatingIncome": "50490000", "depreciation": "None", "depreciationAndAmortization": "240358000", "incomeBeforeTax": "288039000", "incomeTaxExpense": "71057000", "interestAndDebtExpense": "None", "netIncomeFromContinuingOperations": "288736000", "comprehensiveIncomeNetOfTax": "None", "ebit": "321951000", "ebitda": "562309000", "netIncome": "288039000"}, {"fiscalDateEnding": "2017-09-30", "reportedCurrency": "USD", "grossProfit": "1251275000", "totalRevenue": "2569544000", "costOfRevenue": "1318269000", "costofGoodsAndServicesSold": "1318269000", "operatingIncome": "737488000", "sellingGeneralAndAdministrative": "273637000", "researchAndDevelopment": "0", "operatingExpenses": "513787000", "investmentIncomeNet": "None", "netInterestIncome": "None", "interestIncome": "None", "interestExpense": "73233000", "nonInterestIncome": "None", "otherNonOperatingIncome": "88587000", "depreciation": "None", "depreciationAndAmortization": "240150000", "incomeBeforeTax": "752842000", "incomeTaxExpense": "72007000", "interestAndDebtExpense": "None", "netIncomeFromContinuingOperations": "750852000", "comprehensiveIncomeNetOfTax": "None", "ebit": "740955000", "ebitda": "981105000", "netIncome": "752842000"}, {"fiscalDateEnding": "2017-06-30", "reportedCurrency": "USD", "grossProfit": "938489000", "totalRevenue": "2195274000", "costOfRevenue": "1256785000", "costofGoodsAndServicesSold": "1256785000", "operatingIncome": "419697000", "sellingGeneralAndAdministrative": "283855000", "researchAndDevelopment": "0", "operatingExpenses": "518792000", "investmentIncomeNet": "None", "netInterestIncome": "None", "interestIncome": "None", "interestExpense": "76632000", "nonInterestIncome": "None", "otherNonOperatingIncome": "26461000", "depreciation": "None", "depreciationAndAmortization": "234937000", "incomeBeforeTax": "369526000", "incomeTaxExpense": "73923000", "interestAndDebtExpense": "None", "netIncomeFromContinuingOperations": "365877000", "comprehensiveIncomeNetOfTax": "None", "ebit": "422799000", "ebitda": "657736000", "netIncome": "369526000"}, {"fiscalDateEnding": "2017-03-31", "reportedCurrency": "USD", "grossProfit": "832736000", "totalRevenue": "2008560000", "costOfRevenue": "1175824000", "costofGoodsAndServicesSold": "1175824000", "operatingIncome": "279522000", "sellingGeneralAndAdministrative": "317465000", "researchAndDevelopment": "0", "operatingExpenses": "553214000", "investmentIncomeNet": "None", "netInterestIncome": "None", "interestIncome": "None", "interestExpense": "80317000", "nonInterestIncome": "None", "otherNonOperatingIncome": "15521000", "depreciation": "None", "depreciationAndAmortization": "235749000", "incomeBeforeTax": "214726000", "incomeTaxExpense": "77706000", "interestAndDebtExpense": "None", "netIncomeFromContinuingOperations": "214085000", "comprehensiveIncomeNetOfTax": "None", "ebit": "283163000", "ebitda": "518912000", "netIncome": "214726000"}, {"fiscalDateEnding": "2016-12-31", "reportedCurrency": "USD", "grossProfit": "786352000", "totalRevenue": "1909603000", "costOfRevenue": "1123251000", "costofGoodsAndServicesSold": "1123251000", "operatingIncome": "296842000", "sellingGeneralAndAdministrative": "254482000", "researchAndDevelopment": "0", "operatingExpenses": "487685000", "investmentIncomeNet": "None", "netInterestIncome": "None", "interestIncome": "None", "interestExpense": "80567000", "nonInterestIncome": "None", "otherNonOperatingIncome": "44811000", "depreciation": "None", "depreciationAndAmortization": "233203000", "incomeBeforeTax": "261086000", "incomeTaxExpense": "85879000", "interestAndDebtExpense": "None", "netIncomeFromContinuingOperations": "271598000", "comprehensiveIncomeNetOfTax": "None", "ebit": "309960000", "ebitda": "543163000", "netIncome": "261086000"}, {"fiscalDateEnding": "2016-09-30", "reportedCurrency": "USD", "grossProfit": "1223618000", "totalRevenue": "2563741000", "costOfRevenue": "1340123000", "costofGoodsAndServicesSold": "1340123000", "operatingIncome": "734963000", "sellingGeneralAndAdministrative": "257430000", "researchAndDevelopment": "0", "operatingExpenses": "486758000", "investmentIncomeNet": "None", "netInterestIncome": "None", "interestIncome": "None", "interestExpense": "82610000", "nonInterestIncome": "None", "otherNonOperatingIncome": "40904000", "depreciation": "None", "depreciationAndAmortization": "229328000", "incomeBeforeTax": "693257000", "incomeTaxExpense": "117042000", "interestAndDebtExpense": "None", "netIncomeFromContinuingOperations": "688206000", "comprehensiveIncomeNetOfTax": "None", "ebit": "777764000", "ebitda": "1007092000", "netIncome": "693257000"}, {"fiscalDateEnding": "2016-06-30", "reportedCurrency": "USD", "grossProfit": "794675000", "totalRevenue": "2105262000", "costOfRevenue": "1310587000", "costofGoodsAndServicesSold": "1310587000", "operatingIncome": "282273000", "sellingGeneralAndAdministrative": "286357000", "researchAndDevelopment": "0", "operatingExpenses": "507977000", "investmentIncomeNet": "None", "netInterestIncome": "None", "interestIncome": "None", "interestExpense": "78747000", "nonInterestIncome": "None", "otherNonOperatingIncome": "26379000", "depreciation": "None", "depreciationAndAmortization": "221620000", "incomeBeforeTax": "229905000", "incomeTaxExpense": "99443000", "interestAndDebtExpense": "None", "netIncomeFromContinuingOperations": "226320000", "comprehensiveIncomeNetOfTax": "None", "ebit": "313077000", "ebitda": "534697000", "netIncome": "229905000"}, {"fiscalDateEnding": "2016-03-31", "reportedCurrency": "USD", "grossProfit": "676217000", "totalRevenue": "1917795000", "costOfRevenue": "1241578000", "costofGoodsAndServicesSold": "1241578000", "operatingIncome": "163127000", "sellingGeneralAndAdministrative": "302021000", "researchAndDevelopment": "0", "operatingExpenses": "512785000", "investmentIncomeNet": "None", "netInterestIncome": "None", "interestIncome": "None", "interestExpense": "65446000", "nonInterestIncome": "None", "otherNonOperatingIncome": "1459000", "depreciation": "None", "depreciationAndAmortization": "210764000", "incomeBeforeTax": "99140000", "incomeTaxExpense": "64185000", "interestAndDebtExpense": "None", "netIncomeFromContinuingOperations": "95628000", "comprehensiveIncomeNetOfTax": "None", "ebit": "164891000", "ebitda": "375655000", "netIncome": "99140000"}, {"fiscalDateEnding": "2015-12-31", "reportedCurrency": "USD", "grossProfit": "728712000", "totalRevenue": "1902053000", "costOfRevenue": "1173341000", "costofGoodsAndServicesSold": "1173341000", "operatingIncome": "249918000", "sellingGeneralAndAdministrative": "269464000", "researchAndDevelopment": "0", "operatingExpenses": "478794000", "investmentIncomeNet": "None", "netInterestIncome": "None", "interestIncome": "None", "interestExpense": "64127000", "nonInterestIncome": "None", "otherNonOperatingIncome": "21008000", "depreciation": "None", "depreciationAndAmortization": "209330000", "incomeBeforeTax": "206799000", "incomeTaxExpense": "81354000", "interestAndDebtExpense": "None", "netIncomeFromContinuingOperations": "205992000", "comprehensiveIncomeNetOfTax": "None", "ebit": "270926000", "ebitda": "480256000", "netIncome": "206799000"}, {"fiscalDateEnding": "2015-09-30", "reportedCurrency": "USD", "grossProfit": "1136074000", "totalRevenue": "2523100000", "costOfRevenue": "1387026000", "costofGoodsAndServicesSold": "1387026000", "operatingIncome": "258005000", "sellingGeneralAndAdministrative": "256060000", "researchAndDevelopment": "0", "operatingExpenses": "466802000", "investmentIncomeNet": "None", "netInterestIncome": "None", "interestIncome": "None", "interestExpense": "66819000", "nonInterestIncome": "None", "otherNonOperatingIncome": "37601000", "depreciation": "None", "depreciationAndAmortization": "210742000", "incomeBeforeTax": "228787000", "incomeTaxExpense": "102685000", "interestAndDebtExpense": "None", "netIncomeFromContinuingOperations": "232105000", "comprehensiveIncomeNetOfTax": "None", "ebit": "706873000", "ebitda": "917615000", "netIncome": "228787000"}, {"fiscalDateEnding": "2015-06-30", "reportedCurrency": "USD", "grossProfit": "741913000", "totalRevenue": "2058322000", "costOfRevenue": "1316409000", "costofGoodsAndServicesSold": "1316409000", "operatingIncome": "261297000", "sellingGeneralAndAdministrative": "274148000", "researchAndDevelopment": "0", "operatingExpenses": "480616000", "investmentIncomeNet": "None", "netInterestIncome": "None", "interestIncome": "None", "interestExpense": "76620000", "nonInterestIncome": "None", "otherNonOperatingIncome": "290000", "depreciation": "None", "depreciationAndAmortization": "206468000", "incomeBeforeTax": "184967000", "incomeTaxExpense": "74138000", "interestAndDebtExpense": "None", "netIncomeFromContinuingOperations": "188709000", "comprehensiveIncomeNetOfTax": "None", "ebit": "261587000", "ebitda": "468055000", "netIncome": "184967000"}, {"fiscalDateEnding": "2015-03-31", "reportedCurrency": "USD", "grossProfit": "592982000", "totalRevenue": "1815599000", "costOfRevenue": "1222617000", "costofGoodsAndServicesSold": "1222617000", "operatingIncome": "105682000", "sellingGeneralAndAdministrative": "286832000", "researchAndDevelopment": "0", "operatingExpenses": "487300000", "investmentIncomeNet": "None", "netInterestIncome": "None", "interestIncome": "None", "interestExpense": "70159000", "nonInterestIncome": "None", "otherNonOperatingIncome": "9707000", "depreciation": "None", "depreciationAndAmortization": "200468000", "incomeBeforeTax": "45230000", "incomeTaxExpense": "76129000", "interestAndDebtExpense": "None", "netIncomeFromContinuingOperations": "43737000", "comprehensiveIncomeNetOfTax": "None", "ebit": "115389000", "ebitda": "315857000", "netIncome": "45230000"}, {"fiscalDateEnding": "2014-12-31", "reportedCurrency": "USD", "grossProfit": "573081000", "totalRevenue": "1817826000", "costOfRevenue": "1244745000", "costofGoodsAndServicesSold": "1244745000", "operatingIncome": "119344000", "sellingGeneralAndAdministrative": "257995000", "researchAndDevelopment": "0", "operatingExpenses": "451377000", "investmentIncomeNet": "None", "netInterestIncome": "None", "interestIncome": "None", "interestExpense": "64368000", "nonInterestIncome": "None", "otherNonOperatingIncome": "54792000", "depreciation": "None", "depreciationAndAmortization": "193382000", "incomeBeforeTax": "109768000", "incomeTaxExpense": "116839000", "interestAndDebtExpense": "None", "netIncomeFromContinuingOperations": "108091000", "comprehensiveIncomeNetOfTax": "None", "ebit": "176496000", "ebitda": "369878000", "netIncome": "109768000"}, {"fiscalDateEnding": "2014-09-30", "reportedCurrency": "USD", "grossProfit": "961880000", "totalRevenue": "2388762000", "costOfRevenue": "1426882000", "costofGoodsAndServicesSold": "1426882000", "operatingIncome": "529462000", "sellingGeneralAndAdministrative": "239662000", "researchAndDevelopment": "0", "operatingExpenses": "432110000", "investmentIncomeNet": "None", "netInterestIncome": "None", "interestIncome": "None", "interestExpense": "60100000", "nonInterestIncome": "None", "otherNonOperatingIncome": "20886000", "depreciation": "None", "depreciationAndAmortization": "192448000", "incomeBeforeTax": "490248000", "incomeTaxExpense": "78869000", "interestAndDebtExpense": "None", "netIncomeFromContinuingOperations": "488797000", "comprehensiveIncomeNetOfTax": "None", "ebit": "550656000", "ebitda": "743104000", "netIncome": "490248000"}, {"fiscalDateEnding": "2014-06-30", "reportedCurrency": "USD", "grossProfit": "649369000", "totalRevenue": "1980043000", "costOfRevenue": "1330674000", "costofGoodsAndServicesSold": "1330674000", "operatingIncome": "195587000", "sellingGeneralAndAdministrative": "260988000", "researchAndDevelopment": "0", "operatingExpenses": "453868000", "investmentIncomeNet": "None", "netInterestIncome": "None", "interestIncome": "None", "interestExpense": "65260000", "nonInterestIncome": "None", "otherNonOperatingIncome": "7346000", "depreciation": "None", "depreciationAndAmortization": "192880000", "incomeBeforeTax": "137673000", "incomeTaxExpense": "69976000", "interestAndDebtExpense": "None", "netIncomeFromContinuingOperations": "135619000", "comprehensiveIncomeNetOfTax": "None", "ebit": "202847000", "ebitda": "395727000", "netIncome": "137673000"}, {"fiscalDateEnding": "2014-03-31", "reportedCurrency": "USD", "grossProfit": "583244000", "totalRevenue": "1887224000", "costOfRevenue": "1303980000", "costofGoodsAndServicesSold": "1303980000", "operatingIncome": "97466000", "sellingGeneralAndAdministrative": "290307000", "researchAndDevelopment": "0", "operatingExpenses": "484042000", "investmentIncomeNet": "None", "netInterestIncome": "None", "interestIncome": "None", "interestExpense": "68571000", "nonInterestIncome": "None", "otherNonOperatingIncome": "-2438000", "depreciation": "None", "depreciationAndAmortization": "193735000", "incomeBeforeTax": "26457000", "incomeTaxExpense": "62857000", "interestAndDebtExpense": "None", "netIncomeFromContinuingOperations": "24426000", "comprehensiveIncomeNetOfTax": "None", "ebit": "96764000", "ebitda": "290499000", "netIncome": "26457000"}, {"fiscalDateEnding": "2013-12-31", "reportedCurrency": "USD", "grossProfit": "571498000", "totalRevenue": "1854158000", "costOfRevenue": "1282660000", "costofGoodsAndServicesSold": "1282660000", "operatingIncome": "74969000", "sellingGeneralAndAdministrative": "262883000", "researchAndDevelopment": "0", "operatingExpenses": "453505000", "investmentIncomeNet": "None", "netInterestIncome": "None", "interestIncome": "None", "interestExpense": "75709000", "nonInterestIncome": "None", "otherNonOperatingIncome": "None", "depreciation": "None", "depreciationAndAmortization": "190622000", "incomeBeforeTax": "7018000", "incomeTaxExpense": "80020000", "interestAndDebtExpense": "None", "netIncomeFromContinuingOperations": "0", "comprehensiveIncomeNetOfTax": "None", "ebit": "125751000", "ebitda": "316373000", "netIncome": "7018000"}, {"fiscalDateEnding": "2013-09-30", "reportedCurrency": "USD", "grossProfit": "894948000", "totalRevenue": "2311749000", "costOfRevenue": "1416801000", "costofGoodsAndServicesSold": "1416801000", "operatingIncome": "444209000", "sellingGeneralAndAdministrative": "249954000", "researchAndDevelopment": "0", "operatingExpenses": "438495000", "investmentIncomeNet": "None", "netInterestIncome": "None", "interestIncome": "None", "interestExpense": "79654000", "nonInterestIncome": "None", "otherNonOperatingIncome": "None", "depreciation": "None", "depreciationAndAmortization": "188541000", "incomeBeforeTax": "365701000", "incomeTaxExpense": "81707000", "interestAndDebtExpense": "None", "netIncomeFromContinuingOperations": "0", "comprehensiveIncomeNetOfTax": "None", "ebit": "461805000", "ebitda": "650346000", "netIncome": "365701000"}, {"fiscalDateEnding": "2013-06-30", "reportedCurrency": "USD", "grossProfit": "559148000", "totalRevenue": "1882767000", "costOfRevenue": "1323619000", "costofGoodsAndServicesSold": "1323619000", "operatingIncome": "113338000", "sellingGeneralAndAdministrative": "259626000", "researchAndDevelopment": "0", "operatingExpenses": "445810000", "investmentIncomeNet": "None", "netInterestIncome": "None", "interestIncome": "None", "interestExpense": "86877000", "nonInterestIncome": "None", "otherNonOperatingIncome": "None", "depreciation": "None", "depreciationAndAmortization": "186184000", "incomeBeforeTax": "24747000", "incomeTaxExpense": "81758000", "interestAndDebtExpense": "None", "netIncomeFromContinuingOperations": "0", "comprehensiveIncomeNetOfTax": "None", "ebit": "111624000", "ebitda": "297808000", "netIncome": "24747000"}, {"fiscalDateEnding": "2013-03-31", "reportedCurrency": "USD", "grossProfit": "629030000", "totalRevenue": "1911220000", "costOfRevenue": "1282190000", "costofGoodsAndServicesSold": "1282190000", "operatingIncome": "165632000", "sellingGeneralAndAdministrative": "274034000", "researchAndDevelopment": "0", "operatingExpenses": "463398000", "investmentIncomeNet": "None", "netInterestIncome": "None", "interestIncome": "None", "interestExpense": "90182000", "nonInterestIncome": "None", "otherNonOperatingIncome": "None", "depreciation": "None", "depreciationAndAmortization": "189364000", "incomeBeforeTax": "76226000", "incomeTaxExpense": "87211000", "interestAndDebtExpense": "None", "netIncomeFromContinuingOperations": "0", "comprehensiveIncomeNetOfTax": "None", "ebit": "166408000", "ebitda": "355772000", "netIncome": "76226000"}, {"fiscalDateEnding": "2012-12-31", "reportedCurrency": "USD", "grossProfit": "548167000", "totalRevenue": "1806150000", "costOfRevenue": "1257983000", "costofGoodsAndServicesSold": "1257983000", "operatingIncome": "-281307000", "sellingGeneralAndAdministrative": "255494000", "researchAndDevelopment": "0", "operatingExpenses": "444030000", "investmentIncomeNet": "None", "netInterestIncome": "None", "interestIncome": "None", "interestExpense": "89036000", "nonInterestIncome": "None", "otherNonOperatingIncome": "None", "depreciation": "None", "depreciationAndAmortization": "188536000", "incomeBeforeTax": "-392803000", "incomeTaxExpense": "43311000", "interestAndDebtExpense": "None", "netIncomeFromContinuingOperations": "0", "comprehensiveIncomeNetOfTax": "None", "ebit": "81693000", "ebitda": "270229000", "netIncome": "-392803000"}, {"fiscalDateEnding": "2012-09-30", "reportedCurrency": "USD", "grossProfit": "878065000", "totalRevenue": "2226390000", "costOfRevenue": "1348325000", "costofGoodsAndServicesSold": "1348325000", "operatingIncome": "452137000", "sellingGeneralAndAdministrative": "243877000", "researchAndDevelopment": "0", "operatingExpenses": "425928000", "investmentIncomeNet": "None", "netInterestIncome": "None", "interestIncome": "None", "interestExpense": "84977000", "nonInterestIncome": "None", "otherNonOperatingIncome": "619000", "depreciation": "None", "depreciationAndAmortization": "182051000", "incomeBeforeTax": "367779000", "incomeTaxExpense": "88337000", "interestAndDebtExpense": "None", "netIncomeFromContinuingOperations": "367779000", "comprehensiveIncomeNetOfTax": "None", "ebit": "460241000", "ebitda": "642292000", "netIncome": "367779000"}, {"fiscalDateEnding": "2012-06-30", "reportedCurrency": "USD", "grossProfit": "524990000", "totalRevenue": "1821004000", "costOfRevenue": "1296014000", "costofGoodsAndServicesSold": "1296014000", "operatingIncome": "96905000", "sellingGeneralAndAdministrative": "247571000", "researchAndDevelopment": "0", "operatingExpenses": "428085000", "investmentIncomeNet": "None", "netInterestIncome": "None", "interestIncome": "None", "interestExpense": "89106000", "nonInterestIncome": "None", "otherNonOperatingIncome": "-11452000", "depreciation": "None", "depreciationAndAmortization": "180514000", "incomeBeforeTax": "93491000", "incomeTaxExpense": "100558000", "interestAndDebtExpense": "None", "netIncomeFromContinuingOperations": "-3653000", "comprehensiveIncomeNetOfTax": "None", "ebit": "113329000", "ebitda": "293843000", "netIncome": "-3653000"}, {"fiscalDateEnding": "2012-03-31", "reportedCurrency": "USD", "grossProfit": "579368000", "totalRevenue": "1834480000", "costOfRevenue": "1255112000", "costofGoodsAndServicesSold": "1255112000", "operatingIncome": "135375000", "sellingGeneralAndAdministrative": "264601000", "researchAndDevelopment": "0", "operatingExpenses": "443993000", "investmentIncomeNet": "None", "netInterestIncome": "None", "interestIncome": "None", "interestExpense": "92666000", "nonInterestIncome": "None", "otherNonOperatingIncome": "4255000", "depreciation": "None", "depreciationAndAmortization": "179392000", "incomeBeforeTax": "46964000", "incomeTaxExpense": "88411000", "interestAndDebtExpense": "None", "netIncomeFromContinuingOperations": "46964000", "comprehensiveIncomeNetOfTax": "None", "ebit": "137466000", "ebitda": "316858000", "netIncome": "46964000"}, {"fiscalDateEnding": "2011-12-31", "reportedCurrency": "USD", "grossProfit": "524540000", "totalRevenue": "1775401000", "costOfRevenue": "1250861000", "costofGoodsAndServicesSold": "1250861000", "operatingIncome": "106162000", "sellingGeneralAndAdministrative": "238445000", "researchAndDevelopment": "0", "operatingExpenses": "418378000", "investmentIncomeNet": "None", "netInterestIncome": "None", "interestIncome": "None", "interestExpense": "90625000", "nonInterestIncome": "None", "otherNonOperatingIncome": "21025000", "depreciation": "None", "depreciationAndAmortization": "179933000", "incomeBeforeTax": "607421000", "incomeTaxExpense": "584001000", "interestAndDebtExpense": "None", "netIncomeFromContinuingOperations": "23420000", "comprehensiveIncomeNetOfTax": "None", "ebit": "93126000", "ebitda": "273059000", "netIncome": "36562000"}, {"fiscalDateEnding": "2011-09-30", "reportedCurrency": "USD", "grossProfit": "916694000", "totalRevenue": "2321994000", "costOfRevenue": "1405300000", "costofGoodsAndServicesSold": "1405300000", "operatingIncome": "507742000", "sellingGeneralAndAdministrative": "231761000", "researchAndDevelopment": "0", "operatingExpenses": "408952000", "investmentIncomeNet": "None", "netInterestIncome": "None", "interestIncome": "None", "interestExpense": "98198000", "nonInterestIncome": "None", "otherNonOperatingIncome": "-10586000", "depreciation": "None", "depreciationAndAmortization": "177191000", "incomeBeforeTax": "398958000", "incomeTaxExpense": "108784000", "interestAndDebtExpense": "None", "netIncomeFromContinuingOperations": "398958000", "comprehensiveIncomeNetOfTax": "None", "ebit": "525398000", "ebitda": "702589000", "netIncome": "398958000"}, {"fiscalDateEnding": "2011-06-30", "reportedCurrency": "USD", "grossProfit": "582498000", "totalRevenue": "1767873000", "costOfRevenue": "1185375000", "costofGoodsAndServicesSold": "1185375000", "operatingIncome": "168190000", "sellingGeneralAndAdministrative": "242258000", "researchAndDevelopment": "0", "operatingExpenses": "414308000", "investmentIncomeNet": "None", "netInterestIncome": "None", "interestIncome": "None", "interestExpense": "92968000", "nonInterestIncome": "None", "otherNonOperatingIncome": "18269000", "depreciation": "None", "depreciationAndAmortization": "172050000", "incomeBeforeTax": "93491000", "incomeTaxExpense": "74699000", "interestAndDebtExpense": "None", "netIncomeFromContinuingOperations": "93491000", "comprehensiveIncomeNetOfTax": "None", "ebit": "156399000", "ebitda": "328449000", "netIncome": "93491000"}, {"fiscalDateEnding": "2011-03-31", "reportedCurrency": "USD", "grossProfit": "570924000", "totalRevenue": "1671995000", "costOfRevenue": "1101071000", "costofGoodsAndServicesSold": "1101071000", "operatingIncome": "149534000", "sellingGeneralAndAdministrative": "248138000", "researchAndDevelopment": "0", "operatingExpenses": "421390000", "investmentIncomeNet": "None", "netInterestIncome": "None", "interestIncome": "None", "interestExpense": "87483000", "nonInterestIncome": "None", "otherNonOperatingIncome": "29501000", "depreciation": "None", "depreciationAndAmortization": "173252000", "incomeBeforeTax": "91552000", "incomeTaxExpense": "57982000", "interestAndDebtExpense": "None", "netIncomeFromContinuingOperations": "91552000", "comprehensiveIncomeNetOfTax": "None", "ebit": "123814000", "ebitda": "297066000", "netIncome": "78410000"}, {"fiscalDateEnding": "2010-12-31", "reportedCurrency": "USD", "grossProfit": "497509000", "totalRevenue": "1604498000", "costOfRevenue": "1106989000", "costofGoodsAndServicesSold": "1106989000", "operatingIncome": "121695000", "sellingGeneralAndAdministrative": "211936000", "researchAndDevelopment": "0", "operatingExpenses": "375814000", "investmentIncomeNet": "None", "netInterestIncome": "None", "interestIncome": "None", "interestExpense": "89129000", "nonInterestIncome": "None", "otherNonOperatingIncome": "10141000", "depreciation": "None", "depreciationAndAmortization": "163878000", "incomeBeforeTax": "547467000", "incomeTaxExpense": "498172000", "interestAndDebtExpense": "None", "netIncomeFromContinuingOperations": "42707000", "comprehensiveIncomeNetOfTax": "None", "ebit": "116250000", "ebitda": "280128000", "netIncome": "42707000"}, {"fiscalDateEnding": "2010-09-30", "reportedCurrency": "USD", "grossProfit": "821034000", "totalRevenue": "2060659000", "costOfRevenue": "1239625000", "costofGoodsAndServicesSold": "1239625000", "operatingIncome": "445502000", "sellingGeneralAndAdministrative": "213300000", "researchAndDevelopment": "0", "operatingExpenses": "375532000", "investmentIncomeNet": "None", "netInterestIncome": "None", "interestIncome": "None", "interestExpense": "82494000", "nonInterestIncome": "None", "otherNonOperatingIncome": "-6241000", "depreciation": "None", "depreciationAndAmortization": "162232000", "incomeBeforeTax": "356767000", "incomeTaxExpense": "88735000", "interestAndDebtExpense": "None", "netIncomeFromContinuingOperations": "356767000", "comprehensiveIncomeNetOfTax": "None", "ebit": "453558000", "ebitda": "615790000", "netIncome": "350179000"}, {"fiscalDateEnding": "2010-06-30", "reportedCurrency": "USD", "grossProfit": "515510000", "totalRevenue": "1601697000", "costOfRevenue": "1086187000", "costofGoodsAndServicesSold": "1086187000", "operatingIncome": "143684000", "sellingGeneralAndAdministrative": "211795000", "researchAndDevelopment": "0", "operatingExpenses": "371826000", "investmentIncomeNet": "None", "netInterestIncome": "None", "interestIncome": "None", "interestExpense": "83846000", "nonInterestIncome": "None", "otherNonOperatingIncome": "708000", "depreciation": "None", "depreciationAndAmortization": "160031000", "incomeBeforeTax": "60546000", "incomeTaxExpense": "83138000", "interestAndDebtExpense": "None", "netIncomeFromContinuingOperations": "60546000", "comprehensiveIncomeNetOfTax": "None", "ebit": "144339000", "ebitda": "304370000", "netIncome": "53731000"}, {"fiscalDateEnding": "2010-03-31", "reportedCurrency": "USD", "grossProfit": "460375000", "totalRevenue": "1485650000", "costOfRevenue": "1025275000", "costofGoodsAndServicesSold": "1025275000", "operatingIncome": "91752000", "sellingGeneralAndAdministrative": "211048000", "researchAndDevelopment": "0", "operatingExpenses": "368623000", "investmentIncomeNet": "None", "netInterestIncome": "None", "interestIncome": "None", "interestExpense": "83924000", "nonInterestIncome": "None", "otherNonOperatingIncome": "79619000", "depreciation": "None", "depreciationAndAmortization": "157575000", "incomeBeforeTax": "87447000", "incomeTaxExpense": "4305000", "interestAndDebtExpense": "None", "netIncomeFromContinuingOperations": "87447000", "comprehensiveIncomeNetOfTax": "None", "ebit": "13502000", "ebitda": "171077000", "netIncome": "87447000"}, {"fiscalDateEnding": "2009-12-31", "reportedCurrency": "USD", "grossProfit": "414422000", "totalRevenue": "1451667000", "costOfRevenue": "1037245000", "costofGoodsAndServicesSold": "1037245000", "operatingIncome": "82355000", "sellingGeneralAndAdministrative": "185655000", "researchAndDevelopment": "0", "operatingExpenses": "332067000", "investmentIncomeNet": "None", "netInterestIncome": "None", "interestIncome": "None", "interestExpense": "78311000", "nonInterestIncome": "None", "otherNonOperatingIncome": "None", "depreciation": "None", "depreciationAndAmortization": "146412000", "incomeBeforeTax": "9800", "incomeTaxExpense": "159068000", "interestAndDebtExpense": "None", "netIncomeFromContinuingOperations": "0", "comprehensiveIncomeNetOfTax": "None", "ebit": "84948000", "ebitda": "231360000", "netIncome": "3353000"}, {"fiscalDateEnding": "2009-09-30", "reportedCurrency": "USD", "grossProfit": "647456000", "totalRevenue": "1763542000", "costOfRevenue": "1116086000", "costofGoodsAndServicesSold": "1116086000", "operatingIncome": "306841000", "sellingGeneralAndAdministrative": "196594000", "researchAndDevelopment": "0", "operatingExpenses": "340615000", "investmentIncomeNet": "None", "netInterestIncome": "None", "interestIncome": "None", "interestExpense": "73912000", "nonInterestIncome": "None", "otherNonOperatingIncome": "None", "depreciation": "None", "depreciationAndAmortization": "144021000", "incomeBeforeTax": "230392000", "incomeTaxExpense": "76449000", "interestAndDebtExpense": "None", "netIncomeFromContinuingOperations": "0", "comprehensiveIncomeNetOfTax": "None", "ebit": "311603000", "ebitda": "455624000", "netIncome": "230392000"}, {"fiscalDateEnding": "2009-06-30", "reportedCurrency": "USD", "grossProfit": "383580000", "totalRevenue": "1349015000", "costOfRevenue": "965435000", "costofGoodsAndServicesSold": "965435000", "operatingIncome": "55062000", "sellingGeneralAndAdministrative": "190593000", "researchAndDevelopment": "0", "operatingExpenses": "328518000", "investmentIncomeNet": "None", "netInterestIncome": "None", "interestIncome": "None", "interestExpense": "68327000", "nonInterestIncome": "None", "otherNonOperatingIncome": "None", "depreciation": "None", "depreciationAndAmortization": "137925000", "incomeBeforeTax": "-35086000", "incomeTaxExpense": "90148000", "interestAndDebtExpense": "None", "netIncomeFromContinuingOperations": "0", "comprehensiveIncomeNetOfTax": "None", "ebit": "78042000", "ebitda": "215967000", "netIncome": "-35086000"}, {"fiscalDateEnding": "2009-03-31", "reportedCurrency": "USD", "grossProfit": "373266000", "totalRevenue": "1325602000", "costOfRevenue": "952336000", "costofGoodsAndServicesSold": "952336000", "operatingIncome": "44253000", "sellingGeneralAndAdministrative": "189157000", "researchAndDevelopment": "0", "operatingExpenses": "329013000", "investmentIncomeNet": "None", "netInterestIncome": "None", "interestIncome": "None", "interestExpense": "79462000", "nonInterestIncome": "None", "otherNonOperatingIncome": "None", "depreciation": "None", "depreciationAndAmortization": "139856000", "incomeBeforeTax": "-36238000", "incomeTaxExpense": "80491000", "interestAndDebtExpense": "None", "netIncomeFromContinuingOperations": "0", "comprehensiveIncomeNetOfTax": "None", "ebit": "47012000", "ebitda": "186868000", "netIncome": "-36238000"}, {"fiscalDateEnding": "2008-12-31", "reportedCurrency": "USD", "grossProfit": "-869759000", "totalRevenue": "1456277000", "costOfRevenue": "2326036000", "costofGoodsAndServicesSold": "2326036000", "operatingIncome": "63559000", "sellingGeneralAndAdministrative": "183918000", "researchAndDevelopment": "0", "operatingExpenses": "-933318000", "investmentIncomeNet": "None", "netInterestIncome": "None", "interestIncome": "None", "interestExpense": "87718000", "nonInterestIncome": "None", "otherNonOperatingIncome": "None", "depreciation": "None", "depreciationAndAmortization": "133980000", "incomeBeforeTax": "9800", "incomeTaxExpense": "572243000", "interestAndDebtExpense": "None", "netIncomeFromContinuingOperations": "0", "comprehensiveIncomeNetOfTax": "None", "ebit": "40894000", "ebitda": "174874000", "netIncome": "1479000"}, {"fiscalDateEnding": "2008-09-30", "reportedCurrency": "USD", "grossProfit": "1221900000", "totalRevenue": "2063389000", "costOfRevenue": "841489000", "costofGoodsAndServicesSold": "841489000", "operatingIncome": "461907000", "sellingGeneralAndAdministrative": "361384000", "researchAndDevelopment": "0", "operatingExpenses": "759993000", "investmentIncomeNet": "None", "netInterestIncome": "None", "interestIncome": "None", "interestExpense": "80560000", "nonInterestIncome": "None", "otherNonOperatingIncome": "None", "depreciation": "None", "depreciationAndAmortization": "134706000", "incomeBeforeTax": "411887000", "incomeTaxExpense": "50020000", "interestAndDebtExpense": "None", "netIncomeFromContinuingOperations": "0", "comprehensiveIncomeNetOfTax": "None", "ebit": "436987000", "ebitda": "571693000", "netIncome": "411887000"}, {"fiscalDateEnding": "2008-06-30", "reportedCurrency": "USD", "grossProfit": "492775000", "totalRevenue": "1583774000", "costOfRevenue": "1090999000", "costofGoodsAndServicesSold": "1090999000", "operatingIncome": "168950000", "sellingGeneralAndAdministrative": "196548000", "researchAndDevelopment": "0", "operatingExpenses": "323825000", "investmentIncomeNet": "None", "netInterestIncome": "None", "interestIncome": "None", "interestExpense": "81086000", "nonInterestIncome": "None", "otherNonOperatingIncome": "None", "depreciation": "None", "depreciationAndAmortization": "127277000", "incomeBeforeTax": "84749000", "incomeTaxExpense": "84201000", "interestAndDebtExpense": "None", "netIncomeFromContinuingOperations": "0", "comprehensiveIncomeNetOfTax": "None", "ebit": "175080000", "ebitda": "302357000", "netIncome": "84749000"}, {"fiscalDateEnding": "2008-03-31", "reportedCurrency": "USD", "grossProfit": "466899000", "totalRevenue": "1429085000", "costOfRevenue": "962186000", "costofGoodsAndServicesSold": "962186000", "operatingIncome": "137568000", "sellingGeneralAndAdministrative": "462881000", "researchAndDevelopment": "0", "operatingExpenses": "329331000", "investmentIncomeNet": "None", "netInterestIncome": "None", "interestIncome": "None", "interestExpense": "77948000", "nonInterestIncome": "None", "otherNonOperatingIncome": "None", "depreciation": "None", "depreciationAndAmortization": "124390000", "incomeBeforeTax": "75607000", "incomeTaxExpense": "61961000", "interestAndDebtExpense": "None", "netIncomeFromContinuingOperations": "0", "comprehensiveIncomeNetOfTax": "None", "ebit": "124089000", "ebitda": "248479000", "netIncome": "75607000"}, {"fiscalDateEnding": "2007-12-31", "reportedCurrency": "USD", "grossProfit": "465508000", "totalRevenue": "1491094000", "costOfRevenue": "1025586000", "costofGoodsAndServicesSold": "1025586000", "operatingIncome": "137970000", "sellingGeneralAndAdministrative": "483731000", "researchAndDevelopment": "0", "operatingExpenses": "327538000", "investmentIncomeNet": "None", "netInterestIncome": "None", "interestIncome": "None", "interestExpense": "333784000", "nonInterestIncome": "None", "otherNonOperatingIncome": "None", "depreciation": "None", "depreciationAndAmortization": "123045000", "incomeBeforeTax": "603405000", "incomeTaxExpense": "532570000", "interestAndDebtExpense": "None", "netIncomeFromContinuingOperations": "0", "comprehensiveIncomeNetOfTax": "None", "ebit": "125962000", "ebitda": "249007000", "netIncome": "70830000"}, {"fiscalDateEnding": "2007-09-30", "reportedCurrency": "USD", "grossProfit": "804348000", "totalRevenue": "1953592000", "costOfRevenue": "1149244000", "costofGoodsAndServicesSold": "1149244000", "operatingIncome": "482834000", "sellingGeneralAndAdministrative": "555640000", "researchAndDevelopment": "0", "operatingExpenses": "321514000", "investmentIncomeNet": "None", "netInterestIncome": "None", "interestIncome": "None", "interestExpense": "85270000", "nonInterestIncome": "None", "otherNonOperatingIncome": "None", "depreciation": "None", "depreciationAndAmortization": "122345000", "incomeBeforeTax": "395000000", "incomeTaxExpense": "87834000", "interestAndDebtExpense": "None", "netIncomeFromContinuingOperations": "0", "comprehensiveIncomeNetOfTax": "None", "ebit": "491102000", "ebitda": "613447000", "netIncome": "395000000"}, {"fiscalDateEnding": "2007-06-30", "reportedCurrency": "USD", "grossProfit": "515796000", "totalRevenue": "1481325000", "costOfRevenue": "965529000", "costofGoodsAndServicesSold": "965529000", "operatingIncome": "200883000", "sellingGeneralAndAdministrative": "461825000", "researchAndDevelopment": "0", "operatingExpenses": "314913000", "investmentIncomeNet": "None", "netInterestIncome": "None", "interestIncome": "None", "interestExpense": "85516000", "nonInterestIncome": "None", "otherNonOperatingIncome": "None", "depreciation": "None", "depreciationAndAmortization": "121718000", "incomeBeforeTax": "128745000", "incomeTaxExpense": "72138000", "interestAndDebtExpense": "None", "netIncomeFromContinuingOperations": "0", "comprehensiveIncomeNetOfTax": "None", "ebit": "193956000", "ebitda": "315674000", "netIncome": "128745000"}, {"fiscalDateEnding": "2007-03-31", "reportedCurrency": "USD", "grossProfit": "381785000", "totalRevenue": "1223126000", "costOfRevenue": "841341000", "costofGoodsAndServicesSold": "841341000", "operatingIncome": "79643000", "sellingGeneralAndAdministrative": "405869000", "researchAndDevelopment": "0", "operatingExpenses": "302142000", "investmentIncomeNet": "None", "netInterestIncome": "None", "interestIncome": "None", "interestExpense": "80480000", "nonInterestIncome": "None", "otherNonOperatingIncome": "None", "depreciation": "None", "depreciationAndAmortization": "115958000", "incomeBeforeTax": "8825000", "incomeTaxExpense": "70818000", "interestAndDebtExpense": "None", "netIncomeFromContinuingOperations": "0", "comprehensiveIncomeNetOfTax": "None", "ebit": "74481000", "ebitda": "190439000", "netIncome": "8825000"}, {"fiscalDateEnding": "2006-12-31", "reportedCurrency": "USD", "grossProfit": "402857000", "totalRevenue": "1153213000", "costOfRevenue": "750356000", "costofGoodsAndServicesSold": "750356000", "operatingIncome": "113542000", "sellingGeneralAndAdministrative": "378652000", "researchAndDevelopment": "0", "operatingExpenses": "289315000", "investmentIncomeNet": "None", "netInterestIncome": "None", "interestIncome": "None", "interestExpense": "71725000", "nonInterestIncome": "None", "otherNonOperatingIncome": "None", "depreciation": "None", "depreciationAndAmortization": "108132000", "incomeBeforeTax": "633922000", "incomeTaxExpense": "587298000", "interestAndDebtExpense": "None", "netIncomeFromContinuingOperations": "0", "comprehensiveIncomeNetOfTax": "None", "ebit": "112185000", "ebitda": "220317000", "netIncome": "46623000"}, {"fiscalDateEnding": "2006-09-30", "reportedCurrency": "USD", "grossProfit": "692685000", "totalRevenue": "1636851000", "costOfRevenue": "944166000", "costofGoodsAndServicesSold": "944166000", "operatingIncome": "419609000", "sellingGeneralAndAdministrative": "453207000", "researchAndDevelopment": "0", "operatingExpenses": "273076000", "investmentIncomeNet": "None", "netInterestIncome": "None", "interestIncome": "None", "interestExpense": "71824000", "nonInterestIncome": "None", "otherNonOperatingIncome": "None", "depreciation": "None", "depreciationAndAmortization": "109331000", "incomeBeforeTax": "345372000", "incomeTaxExpense": "74237000", "interestAndDebtExpense": "None", "netIncomeFromContinuingOperations": "0", "comprehensiveIncomeNetOfTax": "None", "ebit": "426494000", "ebitda": "535825000", "netIncome": "345372000"}, {"fiscalDateEnding": "2006-06-30", "reportedCurrency": "USD", "grossProfit": "468011000", "totalRevenue": "1292984000", "costOfRevenue": "824973000", "costofGoodsAndServicesSold": "824973000", "operatingIncome": "184244000", "sellingGeneralAndAdministrative": "410477000", "researchAndDevelopment": "0", "operatingExpenses": "283767000", "investmentIncomeNet": "None", "netInterestIncome": "None", "interestIncome": "None", "interestExpense": "66649000", "nonInterestIncome": "None", "otherNonOperatingIncome": "None", "depreciation": "None", "depreciationAndAmortization": "102023000", "incomeBeforeTax": "122427000", "incomeTaxExpense": "61817000", "interestAndDebtExpense": "None", "netIncomeFromContinuingOperations": "0", "comprehensiveIncomeNetOfTax": "None", "ebit": "185153000", "ebitda": "287176000", "netIncome": "122427000"}, {"fiscalDateEnding": "2006-03-31", "reportedCurrency": "USD", "grossProfit": "416402000", "totalRevenue": "1146536000", "costOfRevenue": "730134000", "costofGoodsAndServicesSold": "730134000", "operatingIncome": "141051000", "sellingGeneralAndAdministrative": "375457000", "researchAndDevelopment": "0", "operatingExpenses": "275351000", "investmentIncomeNet": "None", "netInterestIncome": "None", "interestIncome": "None", "interestExpense": "57663000", "nonInterestIncome": "None", "otherNonOperatingIncome": "None", "depreciation": "None", "depreciationAndAmortization": "102159000", "incomeBeforeTax": "119499000", "incomeTaxExpense": "21552000", "interestAndDebtExpense": "None", "netIncomeFromContinuingOperations": "0", "comprehensiveIncomeNetOfTax": "None", "ebit": "106516000", "ebitda": "208675000", "netIncome": "119499000"}, {"fiscalDateEnding": "2005-12-31", "reportedCurrency": "USD", "grossProfit": "325817000", "totalRevenue": "1029640000", "costOfRevenue": "703823000", "costofGoodsAndServicesSold": "703823000", "operatingIncome": "55796000", "sellingGeneralAndAdministrative": "348148000", "researchAndDevelopment": "0", "operatingExpenses": "270021000", "investmentIncomeNet": "None", "netInterestIncome": "None", "interestIncome": "None", "interestExpense": "66359000", "nonInterestIncome": "None", "otherNonOperatingIncome": "None", "depreciation": "None", "depreciationAndAmortization": "101312000", "incomeBeforeTax": "715956000", "incomeTaxExpense": "664548000", "interestAndDebtExpense": "None", "netIncomeFromContinuingOperations": "0", "comprehensiveIncomeNetOfTax": "None", "ebit": "56661000", "ebitda": "157973000", "netIncome": "-3604000"}, {"fiscalDateEnding": "2005-09-30", "reportedCurrency": "USD", "grossProfit": "657583000", "totalRevenue": "1502215000", "costOfRevenue": "844632000", "costofGoodsAndServicesSold": "844632000", "operatingIncome": "400456000", "sellingGeneralAndAdministrative": "409603000", "researchAndDevelopment": "0", "operatingExpenses": "257127000", "investmentIncomeNet": "None", "netInterestIncome": "None", "interestIncome": "None", "interestExpense": "65260000", "nonInterestIncome": "None", "otherNonOperatingIncome": "None", "depreciation": "None", "depreciationAndAmortization": "101020000", "incomeBeforeTax": "374711000", "incomeTaxExpense": "25745000", "interestAndDebtExpense": "None", "netIncomeFromContinuingOperations": "0", "comprehensiveIncomeNetOfTax": "None", "ebit": "364301000", "ebitda": "465321000", "netIncome": "374711000"}, {"fiscalDateEnding": "2005-06-30", "reportedCurrency": "USD", "grossProfit": "462326000", "totalRevenue": "1203242000", "costOfRevenue": "740916000", "costofGoodsAndServicesSold": "740916000", "operatingIncome": "213389000", "sellingGeneralAndAdministrative": "361061000", "researchAndDevelopment": "0", "operatingExpenses": "248937000", "investmentIncomeNet": "None", "netInterestIncome": "None", "interestIncome": "None", "interestExpense": "68742000", "nonInterestIncome": "None", "otherNonOperatingIncome": "None", "depreciation": "None", "depreciationAndAmortization": "99975000", "incomeBeforeTax": "154494000", "incomeTaxExpense": "58895000", "interestAndDebtExpense": "None", "netIncomeFromContinuingOperations": "0", "comprehensiveIncomeNetOfTax": "None", "ebit": "273682000", "ebitda": "373657000", "netIncome": "155240000"}, {"fiscalDateEnding": "2005-03-31", "reportedCurrency": "USD", "grossProfit": "460695000", "totalRevenue": "1168077000", "costOfRevenue": "707382000", "costofGoodsAndServicesSold": "707382000", "operatingIncome": "199403000", "sellingGeneralAndAdministrative": "375102000", "researchAndDevelopment": "0", "operatingExpenses": "261292000", "investmentIncomeNet": "None", "netInterestIncome": "None", "interestIncome": "None", "interestExpense": "75289000", "nonInterestIncome": "None", "otherNonOperatingIncome": "None", "depreciation": "None", "depreciationAndAmortization": "99762000", "incomeBeforeTax": "135343000", "incomeTaxExpense": "64060000", "interestAndDebtExpense": "None", "netIncomeFromContinuingOperations": "0", "comprehensiveIncomeNetOfTax": "None", "ebit": "190621000", "ebitda": "290383000", "netIncome": "135343000"}, {"fiscalDateEnding": "2004-12-31", "reportedCurrency": "USD", "grossProfit": "-715187000", "totalRevenue": "964585000", "costOfRevenue": "1679772000", "costofGoodsAndServicesSold": "1679772000", "operatingIncome": "170143000", "sellingGeneralAndAdministrative": "726061000", "researchAndDevelopment": "0", "operatingExpenses": "-885330000", "investmentIncomeNet": "None", "netInterestIncome": "None", "interestIncome": "None", "interestExpense": "78516000", "nonInterestIncome": "None", "otherNonOperatingIncome": "None", "depreciation": "None", "depreciationAndAmortization": "687664000", "incomeBeforeTax": "474691000", "incomeTaxExpense": "500476000", "interestAndDebtExpense": "None", "netIncomeFromContinuingOperations": "0", "comprehensiveIncomeNetOfTax": "None", "ebit": "161248000", "ebitda": "848912000", "netIncome": "-25785000"}]}