{"symbol": "GDDY", "annualReports": [{"fiscalDateEnding": "2024-12-31", "reportedCurrency": "USD", "grossProfit": "2921200000", "totalRevenue": "4573200000", "costOfRevenue": "1652000000", "costofGoodsAndServicesSold": "1652000000", "operatingIncome": "893500000", "sellingGeneralAndAdministrative": "394200000", "researchAndDevelopment": "814400000", "operatingExpenses": "2027700000", "investmentIncomeNet": "None", "netInterestIncome": "-158300000", "interestIncome": "None", "interestExpense": "158300000", "nonInterestIncome": "None", "otherNonOperatingIncome": "None", "depreciation": "None", "depreciationAndAmortization": "135300000", "incomeBeforeTax": "765400000", "incomeTaxExpense": "171500000", "interestAndDebtExpense": "None", "netIncomeFromContinuingOperations": "936900000", "comprehensiveIncomeNetOfTax": "None", "ebit": "932900000", "ebitda": "1068200000", "netIncome": "936900000"}, {"fiscalDateEnding": "2023-12-31", "reportedCurrency": "USD", "grossProfit": "2680500000", "totalRevenue": "4254100000", "costOfRevenue": "1573600000", "costofGoodsAndServicesSold": "1573600000", "operatingIncome": "547400000", "sellingGeneralAndAdministrative": "374000000", "researchAndDevelopment": "839600000", "operatingExpenses": "2133100000", "investmentIncomeNet": "None", "netInterestIncome": "-177600000", "interestIncome": "None", "interestExpense": "179000000", "nonInterestIncome": "None", "otherNonOperatingIncome": "None", "depreciation": "None", "depreciationAndAmortization": "171300000", "incomeBeforeTax": "403800000", "incomeTaxExpense": "-971800000", "interestAndDebtExpense": "None", "netIncomeFromContinuingOperations": "355300000", "comprehensiveIncomeNetOfTax": "None", "ebit": "650300000", "ebitda": "821600000", "netIncome": "1374800000"}, {"fiscalDateEnding": "2022-12-31", "reportedCurrency": "USD", "grossProfit": "2606800000", "totalRevenue": "4091300000", "costOfRevenue": "1484500000", "costofGoodsAndServicesSold": "1484500000", "operatingIncome": "498800000", "sellingGeneralAndAdministrative": "385500000", "researchAndDevelopment": "794000000", "operatingExpenses": "2092300000", "investmentIncomeNet": "None", "netInterestIncome": "-146300000", "interestIncome": "None", "interestExpense": "146300000", "nonInterestIncome": "None", "otherNonOperatingIncome": "4000000", "depreciation": "None", "depreciationAndAmortization": "194600000", "incomeBeforeTax": "356500000", "incomeTaxExpense": "3600000", "interestAndDebtExpense": "None", "netIncomeFromContinuingOperations": "352900000", "comprehensiveIncomeNetOfTax": "None", "ebit": "549600000", "ebitda": "744200000", "netIncome": "352200000"}, {"fiscalDateEnding": "2021-12-31", "reportedCurrency": "USD", "grossProfit": "2443500000", "totalRevenue": "3815700000", "costOfRevenue": "1372200000", "costofGoodsAndServicesSold": "1372200000", "operatingIncome": "382100000", "sellingGeneralAndAdministrative": "345800000", "researchAndDevelopment": "706300000", "operatingExpenses": "2061700000", "investmentIncomeNet": "None", "netInterestIncome": "-126000000", "interestIncome": "None", "interestExpense": "126000000", "nonInterestIncome": "None", "otherNonOperatingIncome": "-2500000", "depreciation": "None", "depreciationAndAmortization": "199600000", "incomeBeforeTax": "253600000", "incomeTaxExpense": "10800000", "interestAndDebtExpense": "None", "netIncomeFromContinuingOperations": "242800000", "comprehensiveIncomeNetOfTax": "None", "ebit": "460000000", "ebitda": "659600000", "netIncome": "242300000"}, {"fiscalDateEnding": "2020-12-31", "reportedCurrency": "USD", "grossProfit": "2158100000", "totalRevenue": "3316700000", "costOfRevenue": "1158600000", "costofGoodsAndServicesSold": "1158600000", "operatingIncome": "-358900000", "sellingGeneralAndAdministrative": "323800000", "researchAndDevelopment": "560400000", "operatingExpenses": "2517000000", "investmentIncomeNet": "None", "netInterestIncome": "-91300000", "interestIncome": "None", "interestExpense": "91300000", "nonInterestIncome": "None", "otherNonOperatingIncome": "-1600000", "depreciation": "None", "depreciationAndAmortization": "202700000", "incomeBeforeTax": "-495400000", "incomeTaxExpense": "-1300000", "interestAndDebtExpense": "None", "netIncomeFromContinuingOperations": "-494100000", "comprehensiveIncomeNetOfTax": "None", "ebit": "-400800000", "ebitda": "-198100000", "netIncome": "-494100000"}, {"fiscalDateEnding": "2019-12-31", "reportedCurrency": "USD", "grossProfit": "1961300000", "totalRevenue": "2988100000", "costOfRevenue": "1026800000", "costofGoodsAndServicesSold": "1026800000", "operatingIncome": "202600000", "sellingGeneralAndAdministrative": "362100000", "researchAndDevelopment": "492600000", "operatingExpenses": "1750000000", "investmentIncomeNet": "None", "netInterestIncome": "-92100000", "interestIncome": "99200000", "interestExpense": "92100000", "nonInterestIncome": "None", "otherNonOperatingIncome": "7200000", "depreciation": "None", "depreciationAndAmortization": "209700000", "incomeBeforeTax": "126400000", "incomeTaxExpense": "-12000000", "interestAndDebtExpense": "None", "netIncomeFromContinuingOperations": "138400000", "comprehensiveIncomeNetOfTax": "None", "ebit": "220700000", "ebitda": "430400000", "netIncome": "137000000"}, {"fiscalDateEnding": "2018-12-31", "reportedCurrency": "USD", "grossProfit": "1766200000", "totalRevenue": "2660100000", "costOfRevenue": "893900000", "costofGoodsAndServicesSold": "893900000", "operatingIncome": "149600000", "sellingGeneralAndAdministrative": "334000000", "researchAndDevelopment": "434000000", "operatingExpenses": "1601700000", "investmentIncomeNet": "None", "netInterestIncome": "-98400000", "interestIncome": "108800000", "interestExpense": "98400000", "nonInterestIncome": "None", "otherNonOperatingIncome": "6900000", "depreciation": "None", "depreciationAndAmortization": "234100000", "incomeBeforeTax": "73000000", "incomeTaxExpense": "-9000000", "interestAndDebtExpense": "None", "netIncomeFromContinuingOperations": "82000000", "comprehensiveIncomeNetOfTax": "None", "ebit": "149600000", "ebitda": "383700000", "netIncome": "77100000"}, {"fiscalDateEnding": "2017-12-31", "reportedCurrency": "USD", "grossProfit": "1456400000", "totalRevenue": "2231900000", "costOfRevenue": "775500000", "costofGoodsAndServicesSold": "775500000", "operatingIncome": "66900000", "sellingGeneralAndAdministrative": "282400000", "researchAndDevelopment": "355800000", "operatingExpenses": "1266300000", "investmentIncomeNet": "None", "netInterestIncome": "-83000000", "interestIncome": "84500000", "interestExpense": "83000000", "nonInterestIncome": "None", "otherNonOperatingIncome": "-300000", "depreciation": "None", "depreciationAndAmortization": "205800000", "incomeBeforeTax": "106800000", "incomeTaxExpense": "-18900000", "interestAndDebtExpense": "None", "netIncomeFromContinuingOperations": "125700000", "comprehensiveIncomeNetOfTax": "None", "ebit": "85500000", "ebitda": "291300000", "netIncome": "136400000"}, {"fiscalDateEnding": "2016-12-31", "reportedCurrency": "USD", "grossProfit": "1190100000", "totalRevenue": "1847900000", "costOfRevenue": "657800000", "costofGoodsAndServicesSold": "657800000", "operatingIncome": "50100000", "sellingGeneralAndAdministrative": "221200000", "researchAndDevelopment": "287800000", "operatingExpenses": "1152500000", "investmentIncomeNet": "None", "netInterestIncome": "-57200000", "interestIncome": "57200000", "interestExpense": "57200000", "nonInterestIncome": "None", "otherNonOperatingIncome": "-1900000", "depreciation": "None", "depreciationAndAmortization": "160100000", "incomeBeforeTax": "-21500000", "incomeTaxExpense": "400000", "interestAndDebtExpense": "None", "netIncomeFromContinuingOperations": "-21900000", "comprehensiveIncomeNetOfTax": "None", "ebit": "35700000", "ebitda": "195800000", "netIncome": "-16500000"}, {"fiscalDateEnding": "2015-12-31", "reportedCurrency": "USD", "grossProfit": "1041400000", "totalRevenue": "1607300000", "costOfRevenue": "565900000", "costofGoodsAndServicesSold": "565900000", "operatingIncome": "-31000000", "sellingGeneralAndAdministrative": "219700000", "researchAndDevelopment": "270200000", "operatingExpenses": "1072400000", "investmentIncomeNet": "None", "netInterestIncome": "None", "interestIncome": "69200000", "interestExpense": "69200000", "nonInterestIncome": "None", "otherNonOperatingIncome": "-20400000", "depreciation": "None", "depreciationAndAmortization": "158800000", "incomeBeforeTax": "-120600000", "incomeTaxExpense": "-200000", "interestAndDebtExpense": "None", "netIncomeFromContinuingOperations": "-120400000", "comprehensiveIncomeNetOfTax": "None", "ebit": "-51400001", "ebitda": "107399999", "netIncome": "-75600000"}, {"fiscalDateEnding": "2014-12-31", "reportedCurrency": "USD", "grossProfit": "868880000", "totalRevenue": "1387262000", "costOfRevenue": "518382000", "costofGoodsAndServicesSold": "518382000", "operatingIncome": "-61876000", "sellingGeneralAndAdministrative": "168383000", "researchAndDevelopment": "254440000", "operatingExpenses": "930756000", "investmentIncomeNet": "None", "netInterestIncome": "None", "interestIncome": "None", "interestExpense": "84997000", "nonInterestIncome": "None", "otherNonOperatingIncome": "None", "depreciation": "None", "depreciationAndAmortization": "152759000", "incomeBeforeTax": "-146129000", "incomeTaxExpense": "-2824000", "interestAndDebtExpense": "None", "netIncomeFromContinuingOperations": "-143300000", "comprehensiveIncomeNetOfTax": "None", "ebit": "-61132000", "ebitda": "91627000", "netIncome": "-143305000"}, {"fiscalDateEnding": "2013-12-31", "reportedCurrency": "USD", "grossProfit": "656977000", "totalRevenue": "1130845000", "costOfRevenue": "473868000", "costofGoodsAndServicesSold": "473868000", "operatingIncome": "-131925000", "sellingGeneralAndAdministrative": "143980000", "researchAndDevelopment": "207941000", "operatingExpenses": "788902000", "investmentIncomeNet": "None", "netInterestIncome": "None", "interestIncome": "None", "interestExpense": "70978000", "nonInterestIncome": "None", "otherNonOperatingIncome": "None", "depreciation": "None", "depreciationAndAmortization": "140567000", "incomeBeforeTax": "-201026000", "incomeTaxExpense": "-1142000", "interestAndDebtExpense": "None", "netIncomeFromContinuingOperations": "None", "comprehensiveIncomeNetOfTax": "None", "ebit": "-129293000", "ebitda": "11274000", "netIncome": "-199884000"}, {"fiscalDateEnding": "2012-12-31", "reportedCurrency": "USD", "grossProfit": "480604000", "totalRevenue": "910903000", "costOfRevenue": "430299000", "costofGoodsAndServicesSold": "430299000", "operatingIncome": "-202504000", "sellingGeneralAndAdministrative": "106377000", "researchAndDevelopment": "175406000", "operatingExpenses": "683108000", "investmentIncomeNet": "None", "netInterestIncome": "None", "interestIncome": "None", "interestExpense": "79092000", "nonInterestIncome": "None", "otherNonOperatingIncome": "None", "depreciation": "None", "depreciationAndAmortization": "138620000", "incomeBeforeTax": "-279270000", "incomeTaxExpense": "-218000", "interestAndDebtExpense": "None", "netIncomeFromContinuingOperations": "None", "comprehensiveIncomeNetOfTax": "None", "ebit": "-200178000", "ebitda": "-61558000", "netIncome": "-279052000"}, {"fiscalDateEnding": "2011-12-31", "reportedCurrency": "USD", "grossProfit": "505453000", "totalRevenue": "862978000", "costOfRevenue": "357525000", "costofGoodsAndServicesSold": "357525000", "operatingIncome": "-270341000", "sellingGeneralAndAdministrative": "280521000", "researchAndDevelopment": "212987000", "operatingExpenses": "775794000", "investmentIncomeNet": "None", "netInterestIncome": "None", "interestIncome": "None", "interestExpense": "2962000", "nonInterestIncome": "None", "otherNonOperatingIncome": "None", "depreciation": "None", "depreciationAndAmortization": "49155000", "incomeBeforeTax": "-270682000", "incomeTaxExpense": "-235000", "interestAndDebtExpense": "None", "netIncomeFromContinuingOperations": "None", "comprehensiveIncomeNetOfTax": "None", "ebit": "-267720000", "ebitda": "-218565000", "netIncome": "-270447000"}], "quarterlyReports": [{"fiscalDateEnding": "2024-12-31", "reportedCurrency": "USD", "grossProfit": "770800000", "totalRevenue": "1192600000", "costOfRevenue": "421800000", "costofGoodsAndServicesSold": "421800000", "operatingIncome": "255600000", "sellingGeneralAndAdministrative": "112100000", "researchAndDevelopment": "200500000", "operatingExpenses": "515200000", "investmentIncomeNet": "None", "netInterestIncome": "-38100000", "interestIncome": "None", "interestExpense": "38100000", "nonInterestIncome": "None", "otherNonOperatingIncome": "None", "depreciation": "None", "depreciationAndAmortization": "32200000", "incomeBeforeTax": "226300000", "incomeTaxExpense": "27700000", "interestAndDebtExpense": "None", "netIncomeFromContinuingOperations": "198600000", "comprehensiveIncomeNetOfTax": "None", "ebit": "264400000", "ebitda": "296600000", "netIncome": "198600000"}, {"fiscalDateEnding": "2024-09-30", "reportedCurrency": "USD", "grossProfit": "706700000", "totalRevenue": "1146900000", "costOfRevenue": "440200000", "costofGoodsAndServicesSold": "440200000", "operatingIncome": "253600000", "sellingGeneralAndAdministrative": "94800000", "researchAndDevelopment": "205100000", "operatingExpenses": "453100000", "investmentIncomeNet": "None", "netInterestIncome": "-39400000", "interestIncome": "None", "interestExpense": "62800000", "nonInterestIncome": "None", "otherNonOperatingIncome": "None", "depreciation": "None", "depreciationAndAmortization": "32799999", "incomeBeforeTax": "221000000", "incomeTaxExpense": "30500000", "interestAndDebtExpense": "None", "netIncomeFromContinuingOperations": "190500000", "comprehensiveIncomeNetOfTax": "None", "ebit": "260400001", "ebitda": "293200000", "netIncome": "190500000"}, {"fiscalDateEnding": "2024-06-30", "reportedCurrency": "USD", "grossProfit": "681800000", "totalRevenue": "1123200000", "costOfRevenue": "441400000", "costofGoodsAndServicesSold": "441400000", "operatingIncome": "214600000", "sellingGeneralAndAdministrative": "95600000", "researchAndDevelopment": "205900000", "operatingExpenses": "467200000", "investmentIncomeNet": "None", "netInterestIncome": "-39500000", "interestIncome": "None", "interestExpense": "39500000", "nonInterestIncome": "None", "otherNonOperatingIncome": "None", "depreciation": "None", "depreciationAndAmortization": "33100000", "incomeBeforeTax": "174900000", "incomeTaxExpense": "28600000", "interestAndDebtExpense": "None", "netIncomeFromContinuingOperations": "146300000", "comprehensiveIncomeNetOfTax": "None", "ebit": "214300000", "ebitda": "247400000", "netIncome": "146300000"}, {"fiscalDateEnding": "2024-03-31", "reportedCurrency": "USD", "grossProfit": "655200000", "totalRevenue": "1106900000", "costOfRevenue": "451700000", "costofGoodsAndServicesSold": "451700000", "operatingIncome": "197600000", "sellingGeneralAndAdministrative": "91700000", "researchAndDevelopment": "202900000", "operatingExpenses": "457600000", "investmentIncomeNet": "None", "netInterestIncome": "-41300000", "interestIncome": "None", "interestExpense": "41300000", "nonInterestIncome": "None", "otherNonOperatingIncome": "None", "depreciation": "None", "depreciationAndAmortization": "37200000", "incomeBeforeTax": "143200000", "incomeTaxExpense": "-258300000", "interestAndDebtExpense": "None", "netIncomeFromContinuingOperations": "401500000", "comprehensiveIncomeNetOfTax": "None", "ebit": "187400000", "ebitda": "224600000", "netIncome": "401500000"}, {"fiscalDateEnding": "2023-12-31", "reportedCurrency": "USD", "grossProfit": "585100000", "totalRevenue": "1100300000", "costOfRevenue": "515200000", "costofGoodsAndServicesSold": "515200000", "operatingIncome": "201100000", "sellingGeneralAndAdministrative": "95600000", "researchAndDevelopment": "203800000", "operatingExpenses": "384000000", "investmentIncomeNet": "None", "netInterestIncome": "-43600000", "interestIncome": "None", "interestExpense": "43600000", "nonInterestIncome": "None", "otherNonOperatingIncome": "None", "depreciation": "None", "depreciationAndAmortization": "38700000", "incomeBeforeTax": "147500000", "incomeTaxExpense": "-984800000", "interestAndDebtExpense": "None", "netIncomeFromContinuingOperations": "1114100000", "comprehensiveIncomeNetOfTax": "None", "ebit": "204500000", "ebitda": "243200000", "netIncome": "1113900000"}, {"fiscalDateEnding": "2023-09-30", "reportedCurrency": "USD", "grossProfit": "672800000", "totalRevenue": "1069700000", "costOfRevenue": "396900000", "costofGoodsAndServicesSold": "396900000", "operatingIncome": "167100000", "sellingGeneralAndAdministrative": "91600000", "researchAndDevelopment": "201600000", "operatingExpenses": "495900000", "investmentIncomeNet": "None", "netInterestIncome": "-44000000", "interestIncome": "None", "interestExpense": "44000000", "nonInterestIncome": "None", "otherNonOperatingIncome": "None", "depreciation": "None", "depreciationAndAmortization": "40600000", "incomeBeforeTax": "127900000", "incomeTaxExpense": "-3100000", "interestAndDebtExpense": "None", "netIncomeFromContinuingOperations": "131000000", "comprehensiveIncomeNetOfTax": "None", "ebit": "175900000", "ebitda": "216500000", "netIncome": "130700000"}, {"fiscalDateEnding": "2023-06-30", "reportedCurrency": "USD", "grossProfit": "659700000", "totalRevenue": "1048100000", "costOfRevenue": "388400000", "costofGoodsAndServicesSold": "388400000", "operatingIncome": "119600000", "sellingGeneralAndAdministrative": "92700000", "researchAndDevelopment": "219200000", "operatingExpenses": "522600000", "investmentIncomeNet": "None", "netInterestIncome": "-45600000", "interestIncome": "None", "interestExpense": "45600000", "nonInterestIncome": "None", "otherNonOperatingIncome": "6800000", "depreciation": "None", "depreciationAndAmortization": "43500000", "incomeBeforeTax": "80800000", "incomeTaxExpense": "-2300000", "interestAndDebtExpense": "None", "netIncomeFromContinuingOperations": "83100000", "comprehensiveIncomeNetOfTax": "None", "ebit": "141300000", "ebitda": "184800000", "netIncome": "82900000"}, {"fiscalDateEnding": "2023-03-31", "reportedCurrency": "USD", "grossProfit": "649900000", "totalRevenue": "1036000000", "costOfRevenue": "386100000", "costofGoodsAndServicesSold": "386100000", "operatingIncome": "70800000", "sellingGeneralAndAdministrative": "94100000", "researchAndDevelopment": "215000000", "operatingExpenses": "579100000", "investmentIncomeNet": "None", "netInterestIncome": "-45800000", "interestIncome": "None", "interestExpense": "45800000", "nonInterestIncome": "None", "otherNonOperatingIncome": "22600000", "depreciation": "None", "depreciationAndAmortization": "48500000", "incomeBeforeTax": "47600000", "incomeTaxExpense": "200000", "interestAndDebtExpense": "None", "netIncomeFromContinuingOperations": "47400000", "comprehensiveIncomeNetOfTax": "None", "ebit": "93400000", "ebitda": "141900000", "netIncome": "47300000"}, {"fiscalDateEnding": "2022-12-31", "reportedCurrency": "USD", "grossProfit": "660400000", "totalRevenue": "1039900000", "costOfRevenue": "379500000", "costofGoodsAndServicesSold": "379500000", "operatingIncome": "134900000", "sellingGeneralAndAdministrative": "98600000", "researchAndDevelopment": "206300000", "operatingExpenses": "524600000", "investmentIncomeNet": "None", "netInterestIncome": "-42200000", "interestIncome": "None", "interestExpense": "42200000", "nonInterestIncome": "None", "otherNonOperatingIncome": "3200000", "depreciation": "None", "depreciationAndAmortization": "49500000", "incomeBeforeTax": "95900000", "incomeTaxExpense": "2100000", "interestAndDebtExpense": "None", "netIncomeFromContinuingOperations": "93800000", "comprehensiveIncomeNetOfTax": "None", "ebit": "143700000", "ebitda": "193200000", "netIncome": "93600000"}, {"fiscalDateEnding": "2022-09-30", "reportedCurrency": "USD", "grossProfit": "658900000", "totalRevenue": "1033200000", "costOfRevenue": "374300000", "costofGoodsAndServicesSold": "374300000", "operatingIncome": "129700000", "sellingGeneralAndAdministrative": "101600000", "researchAndDevelopment": "199500000", "operatingExpenses": "524000000", "investmentIncomeNet": "None", "netInterestIncome": "-35600000", "interestIncome": "None", "interestExpense": "35600000", "nonInterestIncome": "None", "otherNonOperatingIncome": "3100000", "depreciation": "None", "depreciationAndAmortization": "48500000", "incomeBeforeTax": "97200000", "incomeTaxExpense": "-2800000", "interestAndDebtExpense": "None", "netIncomeFromContinuingOperations": "100000000", "comprehensiveIncomeNetOfTax": "None", "ebit": "143800000", "ebitda": "192300000", "netIncome": "99800000"}, {"fiscalDateEnding": "2022-06-30", "reportedCurrency": "USD", "grossProfit": "655000000", "totalRevenue": "1015500000", "costOfRevenue": "360500000", "costofGoodsAndServicesSold": "360500000", "operatingIncome": "124600000", "sellingGeneralAndAdministrative": "94700000", "researchAndDevelopment": "198100000", "operatingExpenses": "520800000", "investmentIncomeNet": "None", "netInterestIncome": "-34900000", "interestIncome": "None", "interestExpense": "34900000", "nonInterestIncome": "None", "otherNonOperatingIncome": "-1200000", "depreciation": "None", "depreciationAndAmortization": "48400000", "incomeBeforeTax": "88500000", "incomeTaxExpense": "-2000000", "interestAndDebtExpense": "None", "netIncomeFromContinuingOperations": "90500000", "comprehensiveIncomeNetOfTax": "None", "ebit": "144800000", "ebitda": "193200000", "netIncome": "90400000"}, {"fiscalDateEnding": "2022-03-31", "reportedCurrency": "USD", "grossProfit": "632500000", "totalRevenue": "1002700000", "costOfRevenue": "370200000", "costofGoodsAndServicesSold": "370200000", "operatingIncome": "109600000", "sellingGeneralAndAdministrative": "90600000", "researchAndDevelopment": "190100000", "operatingExpenses": "522900000", "investmentIncomeNet": "None", "netInterestIncome": "-33600000", "interestIncome": "None", "interestExpense": "33600000", "nonInterestIncome": "None", "otherNonOperatingIncome": "-1100000", "depreciation": "None", "depreciationAndAmortization": "48200000", "incomeBeforeTax": "74900000", "incomeTaxExpense": "6300000", "interestAndDebtExpense": "None", "netIncomeFromContinuingOperations": "68600000", "comprehensiveIncomeNetOfTax": "None", "ebit": "117300000", "ebitda": "165500000", "netIncome": "68400000"}, {"fiscalDateEnding": "2021-12-31", "reportedCurrency": "USD", "grossProfit": "646100000", "totalRevenue": "1019300000", "costOfRevenue": "373200000", "costofGoodsAndServicesSold": "373200000", "operatingIncome": "124800000", "sellingGeneralAndAdministrative": "84900000", "researchAndDevelopment": "175500000", "operatingExpenses": "506200000", "investmentIncomeNet": "None", "netInterestIncome": "-32200000", "interestIncome": "None", "interestExpense": "32200000", "nonInterestIncome": "None", "otherNonOperatingIncome": "-1100000", "depreciation": "None", "depreciationAndAmortization": "49900000", "incomeBeforeTax": "91500000", "incomeTaxExpense": "4100000", "interestAndDebtExpense": "None", "netIncomeFromContinuingOperations": "87400000", "comprehensiveIncomeNetOfTax": "None", "ebit": "74000000", "ebitda": "123900000", "netIncome": "87200000"}, {"fiscalDateEnding": "2021-09-30", "reportedCurrency": "USD", "grossProfit": "618200000", "totalRevenue": "964000000", "costOfRevenue": "345800000", "costofGoodsAndServicesSold": "345800000", "operatingIncome": "131300000", "sellingGeneralAndAdministrative": "81200000", "researchAndDevelopment": "172400000", "operatingExpenses": "502300000", "investmentIncomeNet": "None", "netInterestIncome": "-32500000", "interestIncome": "None", "interestExpense": "32500000", "nonInterestIncome": "None", "otherNonOperatingIncome": "-1200000", "depreciation": "None", "depreciationAndAmortization": "50700000", "incomeBeforeTax": "97600000", "incomeTaxExpense": "-100000", "interestAndDebtExpense": "None", "netIncomeFromContinuingOperations": "97700000", "comprehensiveIncomeNetOfTax": "None", "ebit": "126200000", "ebitda": "176900000", "netIncome": "97500000"}, {"fiscalDateEnding": "2021-06-30", "reportedCurrency": "USD", "grossProfit": "599300000", "totalRevenue": "931300000", "costOfRevenue": "332000000", "costofGoodsAndServicesSold": "332000000", "operatingIncome": "88000000", "sellingGeneralAndAdministrative": "84500000", "researchAndDevelopment": "172000000", "operatingExpenses": "511300000", "investmentIncomeNet": "None", "netInterestIncome": "-32600000", "interestIncome": "None", "interestExpense": "32600000", "nonInterestIncome": "None", "otherNonOperatingIncome": "-900000", "depreciation": "None", "depreciationAndAmortization": "50000000", "incomeBeforeTax": "54500000", "incomeTaxExpense": "7600000", "interestAndDebtExpense": "None", "netIncomeFromContinuingOperations": "46900000", "comprehensiveIncomeNetOfTax": "None", "ebit": "96700000", "ebitda": "146700000", "netIncome": "46800000"}, {"fiscalDateEnding": "2021-03-31", "reportedCurrency": "USD", "grossProfit": "579900000", "totalRevenue": "901100000", "costOfRevenue": "321200000", "costofGoodsAndServicesSold": "321200000", "operatingIncome": "38000000", "sellingGeneralAndAdministrative": "95200000", "researchAndDevelopment": "186400000", "operatingExpenses": "541900000", "investmentIncomeNet": "None", "netInterestIncome": "-28700000", "interestIncome": "None", "interestExpense": "28700000", "nonInterestIncome": "None", "otherNonOperatingIncome": "700000", "depreciation": "None", "depreciationAndAmortization": "49000000", "incomeBeforeTax": "10000000", "incomeTaxExpense": "-800000", "interestAndDebtExpense": "None", "netIncomeFromContinuingOperations": "10800000", "comprehensiveIncomeNetOfTax": "None", "ebit": "84900000", "ebitda": "133900000", "netIncome": "10800000"}, {"fiscalDateEnding": "2020-12-31", "reportedCurrency": "USD", "grossProfit": "572000000", "totalRevenue": "873900000", "costOfRevenue": "301900000", "costofGoodsAndServicesSold": "301900000", "operatingIncome": "92500000", "sellingGeneralAndAdministrative": "79700000", "researchAndDevelopment": "148600000", "operatingExpenses": "479600000", "investmentIncomeNet": "None", "netInterestIncome": "-26800000", "interestIncome": "None", "interestExpense": "26800000", "nonInterestIncome": "None", "otherNonOperatingIncome": "-300000", "depreciation": "None", "depreciationAndAmortization": "51400000", "incomeBeforeTax": "65400000", "incomeTaxExpense": "-5400000", "interestAndDebtExpense": "None", "netIncomeFromContinuingOperations": "70800000", "comprehensiveIncomeNetOfTax": "None", "ebit": "82400000", "ebitda": "133800000", "netIncome": "70500000"}, {"fiscalDateEnding": "2020-09-30", "reportedCurrency": "USD", "grossProfit": "554200000", "totalRevenue": "844400000", "costOfRevenue": "290200000", "costofGoodsAndServicesSold": "290200000", "operatingIncome": "92400000", "sellingGeneralAndAdministrative": "76400000", "researchAndDevelopment": "141400000", "operatingExpenses": "457500000", "investmentIncomeNet": "None", "netInterestIncome": "-23900000", "interestIncome": "None", "interestExpense": "23900000", "nonInterestIncome": "None", "otherNonOperatingIncome": "1200000", "depreciation": "None", "depreciationAndAmortization": "50700000", "incomeBeforeTax": "69700000", "incomeTaxExpense": "4600000", "interestAndDebtExpense": "None", "netIncomeFromContinuingOperations": "65100000", "comprehensiveIncomeNetOfTax": "None", "ebit": "96700000", "ebitda": "147400000", "netIncome": "64700000"}, {"fiscalDateEnding": "2020-06-30", "reportedCurrency": "USD", "grossProfit": "517000000", "totalRevenue": "806400000", "costOfRevenue": "289400000", "costofGoodsAndServicesSold": "289400000", "operatingIncome": "22900000", "sellingGeneralAndAdministrative": "82200000", "researchAndDevelopment": "135900000", "operatingExpenses": "1129400000", "investmentIncomeNet": "None", "netInterestIncome": "-19400000", "interestIncome": "None", "interestExpense": "19400000", "nonInterestIncome": "None", "otherNonOperatingIncome": "-1100000", "depreciation": "None", "depreciationAndAmortization": "48400000", "incomeBeforeTax": "-672300000", "incomeTaxExpense": "900000", "interestAndDebtExpense": "None", "netIncomeFromContinuingOperations": "-673200000", "comprehensiveIncomeNetOfTax": "None", "ebit": "-651800000", "ebitda": "-603400000", "netIncome": "-673200000"}, {"fiscalDateEnding": "2020-03-31", "reportedCurrency": "USD", "grossProfit": "514900000", "totalRevenue": "792000000", "costOfRevenue": "277100000", "costofGoodsAndServicesSold": "277100000", "operatingIncome": "64400000", "sellingGeneralAndAdministrative": "85500000", "researchAndDevelopment": "134500000", "operatingExpenses": "450500000", "investmentIncomeNet": "None", "netInterestIncome": "-21200000", "interestIncome": "21200000", "interestExpense": "21200000", "nonInterestIncome": "None", "otherNonOperatingIncome": "-1400000", "depreciation": "None", "depreciationAndAmortization": "52200000", "incomeBeforeTax": "41800000", "incomeTaxExpense": "-1400000", "interestAndDebtExpense": "None", "netIncomeFromContinuingOperations": "43200000", "comprehensiveIncomeNetOfTax": "None", "ebit": "64400000", "ebitda": "116600000", "netIncome": "42900000"}, {"fiscalDateEnding": "2019-12-31", "reportedCurrency": "USD", "grossProfit": "509600000", "totalRevenue": "780400000", "costOfRevenue": "270800000", "costofGoodsAndServicesSold": "270800000", "operatingIncome": "73500000", "sellingGeneralAndAdministrative": "92100000", "researchAndDevelopment": "125000000", "operatingExpenses": "436100000", "investmentIncomeNet": "None", "netInterestIncome": "-21700000", "interestIncome": "21700000", "interestExpense": "21700000", "nonInterestIncome": "None", "otherNonOperatingIncome": "4700000", "depreciation": "None", "depreciationAndAmortization": "48800000", "incomeBeforeTax": "56500000", "incomeTaxExpense": "-4600000", "interestAndDebtExpense": "None", "netIncomeFromContinuingOperations": "61100000", "comprehensiveIncomeNetOfTax": "None", "ebit": "73500000", "ebitda": "122300000", "netIncome": "60500000"}, {"fiscalDateEnding": "2019-09-30", "reportedCurrency": "USD", "grossProfit": "495500000", "totalRevenue": "760500000", "costOfRevenue": "265000000", "costofGoodsAndServicesSold": "265000000", "operatingIncome": "91400000", "sellingGeneralAndAdministrative": "72200000", "researchAndDevelopment": "116400000", "operatingExpenses": "404100000", "investmentIncomeNet": "None", "netInterestIncome": "-22900000", "interestIncome": "22900000", "interestExpense": "22900000", "nonInterestIncome": "None", "otherNonOperatingIncome": "5600000", "depreciation": "None", "depreciationAndAmortization": "49900000", "incomeBeforeTax": "74100000", "incomeTaxExpense": "-2700000", "interestAndDebtExpense": "None", "netIncomeFromContinuingOperations": "76800000", "comprehensiveIncomeNetOfTax": "None", "ebit": "91400000", "ebitda": "141300000", "netIncome": "76200000"}, {"fiscalDateEnding": "2019-06-30", "reportedCurrency": "USD", "grossProfit": "482600000", "totalRevenue": "737200000", "costOfRevenue": "254600000", "costofGoodsAndServicesSold": "254600000", "operatingIncome": "18900000", "sellingGeneralAndAdministrative": "104800000", "researchAndDevelopment": "127200000", "operatingExpenses": "463700000", "investmentIncomeNet": "None", "netInterestIncome": "-23100000", "interestIncome": "23100000", "interestExpense": "23100000", "nonInterestIncome": "None", "otherNonOperatingIncome": "-9300000", "depreciation": "None", "depreciationAndAmortization": "53800000", "incomeBeforeTax": "-13500000", "incomeTaxExpense": "-800000", "interestAndDebtExpense": "None", "netIncomeFromContinuingOperations": "-12700000", "comprehensiveIncomeNetOfTax": "None", "ebit": "37000000", "ebitda": "90800000", "netIncome": "-12600000"}, {"fiscalDateEnding": "2019-03-31", "reportedCurrency": "USD", "grossProfit": "473600000", "totalRevenue": "710000000", "costOfRevenue": "236400000", "costofGoodsAndServicesSold": "236400000", "operatingIncome": "18800000", "sellingGeneralAndAdministrative": "93000000", "researchAndDevelopment": "124000000", "operatingExpenses": "446100000", "investmentIncomeNet": "None", "netInterestIncome": "-24400000", "interestIncome": "24400000", "interestExpense": "24400000", "nonInterestIncome": "None", "otherNonOperatingIncome": "6200000", "depreciation": "None", "depreciationAndAmortization": "57200000", "incomeBeforeTax": "9300000", "incomeTaxExpense": "-3900000", "interestAndDebtExpense": "None", "netIncomeFromContinuingOperations": "13200000", "comprehensiveIncomeNetOfTax": "None", "ebit": "18800000", "ebitda": "76000000", "netIncome": "12900000"}, {"fiscalDateEnding": "2018-12-31", "reportedCurrency": "USD", "grossProfit": "465400000", "totalRevenue": "695800000", "costOfRevenue": "230400000", "costofGoodsAndServicesSold": "230400000", "operatingIncome": "41800000", "sellingGeneralAndAdministrative": "86900000", "researchAndDevelopment": "114700000", "operatingExpenses": "408600000", "investmentIncomeNet": "None", "netInterestIncome": "None", "interestIncome": "None", "interestExpense": "24900000", "nonInterestIncome": "None", "otherNonOperatingIncome": "5000000", "depreciation": "None", "depreciationAndAmortization": "58000000", "incomeBeforeTax": "36900000", "incomeTaxExpense": "-6600000", "interestAndDebtExpense": "None", "netIncomeFromContinuingOperations": "43500000", "comprehensiveIncomeNetOfTax": "None", "ebit": "53700000", "ebitda": "111700000", "netIncome": "42500000"}, {"fiscalDateEnding": "2018-09-30", "reportedCurrency": "USD", "grossProfit": "452600000", "totalRevenue": "679500000", "costOfRevenue": "226900000", "costofGoodsAndServicesSold": "226900000", "operatingIncome": "37500000", "sellingGeneralAndAdministrative": "89700000", "researchAndDevelopment": "112200000", "operatingExpenses": "415100000", "investmentIncomeNet": "None", "netInterestIncome": "None", "interestIncome": "None", "interestExpense": "25000000", "nonInterestIncome": "None", "otherNonOperatingIncome": "700000", "depreciation": "None", "depreciationAndAmortization": "61300000", "incomeBeforeTax": "13200000", "incomeTaxExpense": "-900000", "interestAndDebtExpense": "None", "netIncomeFromContinuingOperations": "14100000", "comprehensiveIncomeNetOfTax": "None", "ebit": "37500000", "ebitda": "98800000", "netIncome": "13200000"}, {"fiscalDateEnding": "2018-06-30", "reportedCurrency": "USD", "grossProfit": "430300000", "totalRevenue": "651600000", "costOfRevenue": "221300000", "costofGoodsAndServicesSold": "221300000", "operatingIncome": "43500000", "sellingGeneralAndAdministrative": "81000000", "researchAndDevelopment": "105100000", "operatingExpenses": "386800000", "investmentIncomeNet": "None", "netInterestIncome": "None", "interestIncome": "None", "interestExpense": "24700000", "nonInterestIncome": "None", "otherNonOperatingIncome": "200000", "depreciation": "None", "depreciationAndAmortization": "57000000", "incomeBeforeTax": "19000000", "incomeTaxExpense": "-1200000", "interestAndDebtExpense": "None", "netIncomeFromContinuingOperations": "20200000", "comprehensiveIncomeNetOfTax": "None", "ebit": "43500000", "ebitda": "100500000", "netIncome": "18100000"}, {"fiscalDateEnding": "2018-03-31", "reportedCurrency": "USD", "grossProfit": "417900000", "totalRevenue": "633200000", "costOfRevenue": "215300000", "costofGoodsAndServicesSold": "215300000", "operatingIncome": "26800000", "sellingGeneralAndAdministrative": "76400000", "researchAndDevelopment": "102000000", "operatingExpenses": "391200000", "investmentIncomeNet": "None", "netInterestIncome": "None", "interestIncome": "None", "interestExpense": "23800000", "nonInterestIncome": "None", "otherNonOperatingIncome": "1000000", "depreciation": "None", "depreciationAndAmortization": "57800000", "incomeBeforeTax": "3900000", "incomeTaxExpense": "-300000", "interestAndDebtExpense": "None", "netIncomeFromContinuingOperations": "4200000", "comprehensiveIncomeNetOfTax": "None", "ebit": "26800000", "ebitda": "84600000", "netIncome": "3300000"}, {"fiscalDateEnding": "2017-12-31", "reportedCurrency": "USD", "grossProfit": "400200000", "totalRevenue": "602200000", "costOfRevenue": "202000000", "costofGoodsAndServicesSold": "202000000", "operatingIncome": "23000000", "sellingGeneralAndAdministrative": "84200000", "researchAndDevelopment": "94500000", "operatingExpenses": "291000000", "investmentIncomeNet": "None", "netInterestIncome": "None", "interestIncome": "None", "interestExpense": "23800000", "nonInterestIncome": "None", "otherNonOperatingIncome": "600000", "depreciation": "None", "depreciationAndAmortization": "58700000", "incomeBeforeTax": "86000000", "incomeTaxExpense": "-12300000", "interestAndDebtExpense": "None", "netIncomeFromContinuingOperations": "98300000", "comprehensiveIncomeNetOfTax": "None", "ebit": "41600000", "ebitda": "100300000", "netIncome": "92600000"}, {"fiscalDateEnding": "2017-09-30", "reportedCurrency": "USD", "grossProfit": "381900000", "totalRevenue": "582200000", "costOfRevenue": "200300000", "costofGoodsAndServicesSold": "200300000", "operatingIncome": "32100000", "sellingGeneralAndAdministrative": "65400000", "researchAndDevelopment": "91000000", "operatingExpenses": "349800000", "investmentIncomeNet": "None", "netInterestIncome": "None", "interestIncome": "None", "interestExpense": "24400000", "nonInterestIncome": "None", "otherNonOperatingIncome": "-3600000", "depreciation": "None", "depreciationAndAmortization": "60000000", "incomeBeforeTax": "4100000", "incomeTaxExpense": "-3000000", "interestAndDebtExpense": "None", "netIncomeFromContinuingOperations": "7100000", "comprehensiveIncomeNetOfTax": "None", "ebit": "32100000", "ebitda": "92100000", "netIncome": "22400000"}, {"fiscalDateEnding": "2017-06-30", "reportedCurrency": "USD", "grossProfit": "361400000", "totalRevenue": "557800000", "costOfRevenue": "196400000", "costofGoodsAndServicesSold": "196400000", "operatingIncome": "6100000", "sellingGeneralAndAdministrative": "71800000", "researchAndDevelopment": "90100000", "operatingExpenses": "323300000", "investmentIncomeNet": "None", "netInterestIncome": "None", "interestIncome": "None", "interestExpense": "22000000", "nonInterestIncome": "None", "otherNonOperatingIncome": "2700000", "depreciation": "None", "depreciationAndAmortization": "55500000", "incomeBeforeTax": "18800000", "incomeTaxExpense": "-4600000", "interestAndDebtExpense": "None", "netIncomeFromContinuingOperations": "23400000", "comprehensiveIncomeNetOfTax": "None", "ebit": "6100000", "ebitda": "61600000", "netIncome": "20800000"}, {"fiscalDateEnding": "2017-03-31", "reportedCurrency": "USD", "grossProfit": "312900000", "totalRevenue": "489700000", "costOfRevenue": "176800000", "costofGoodsAndServicesSold": "176800000", "operatingIncome": "5700000", "sellingGeneralAndAdministrative": "61000000", "researchAndDevelopment": "80200000", "operatingExpenses": "302200000", "investmentIncomeNet": "None", "netInterestIncome": "None", "interestIncome": "None", "interestExpense": "12800000", "nonInterestIncome": "None", "otherNonOperatingIncome": "None", "depreciation": "None", "depreciationAndAmortization": "31600000", "incomeBeforeTax": "-2100000", "incomeTaxExpense": "1000000", "interestAndDebtExpense": "None", "netIncomeFromContinuingOperations": "-3100000", "comprehensiveIncomeNetOfTax": "None", "ebit": "5700000", "ebitda": "37300000", "netIncome": "600000"}, {"fiscalDateEnding": "2016-12-31", "reportedCurrency": "USD", "grossProfit": "313800000", "totalRevenue": "485900000", "costOfRevenue": "172100000", "costofGoodsAndServicesSold": "172100000", "operatingIncome": "17900000", "sellingGeneralAndAdministrative": "67400000", "researchAndDevelopment": "73600000", "operatingExpenses": "299000000", "investmentIncomeNet": "None", "netInterestIncome": "None", "interestIncome": "None", "interestExpense": "14200000", "nonInterestIncome": "None", "otherNonOperatingIncome": "-1100000", "depreciation": "None", "depreciationAndAmortization": "38500000", "incomeBeforeTax": "-500000", "incomeTaxExpense": "300000", "interestAndDebtExpense": "None", "netIncomeFromContinuingOperations": "-800000", "comprehensiveIncomeNetOfTax": "None", "ebit": "13700000", "ebitda": "52200000", "netIncome": "-1900000"}, {"fiscalDateEnding": "2016-09-30", "reportedCurrency": "USD", "grossProfit": "302900000", "totalRevenue": "472100000", "costOfRevenue": "169200000", "costofGoodsAndServicesSold": "169200000", "operatingIncome": "21200000", "sellingGeneralAndAdministrative": "52800000", "researchAndDevelopment": "72300000", "operatingExpenses": "280400000", "investmentIncomeNet": "None", "netInterestIncome": "None", "interestIncome": "None", "interestExpense": "14400000", "nonInterestIncome": "None", "otherNonOperatingIncome": "-700000", "depreciation": "None", "depreciationAndAmortization": "43400000", "incomeBeforeTax": "7400000", "incomeTaxExpense": "-900000", "interestAndDebtExpense": "None", "netIncomeFromContinuingOperations": "8300000", "comprehensiveIncomeNetOfTax": "None", "ebit": "21800000", "ebitda": "65200000", "netIncome": "4800000"}, {"fiscalDateEnding": "2016-06-30", "reportedCurrency": "USD", "grossProfit": "294100000", "totalRevenue": "456200000", "costOfRevenue": "162100000", "costofGoodsAndServicesSold": "162100000", "operatingIncome": "9700000", "sellingGeneralAndAdministrative": "52800000", "researchAndDevelopment": "70200000", "operatingExpenses": "290500000", "investmentIncomeNet": "None", "netInterestIncome": "None", "interestIncome": "None", "interestExpense": "14300000", "nonInterestIncome": "None", "otherNonOperatingIncome": "-800000", "depreciation": "None", "depreciationAndAmortization": "39300000", "incomeBeforeTax": "-11500000", "incomeTaxExpense": "-400000", "interestAndDebtExpense": "None", "netIncomeFromContinuingOperations": "-11100000", "comprehensiveIncomeNetOfTax": "None", "ebit": "9700000", "ebitda": "49000000", "netIncome": "-8900000"}, {"fiscalDateEnding": "2016-03-31", "reportedCurrency": "USD", "grossProfit": "279300000", "totalRevenue": "433700000", "costOfRevenue": "154400000", "costofGoodsAndServicesSold": "154400000", "operatingIncome": "1300000", "sellingGeneralAndAdministrative": "48200000", "researchAndDevelopment": "71700000", "operatingExpenses": "282600000", "investmentIncomeNet": "None", "netInterestIncome": "None", "interestIncome": "None", "interestExpense": "14300000", "nonInterestIncome": "None", "otherNonOperatingIncome": "700000", "depreciation": "None", "depreciationAndAmortization": "38900000", "incomeBeforeTax": "-16900000", "incomeTaxExpense": "1400000", "interestAndDebtExpense": "None", "netIncomeFromContinuingOperations": "-18300000", "comprehensiveIncomeNetOfTax": "None", "ebit": "1300000", "ebitda": "40200000", "netIncome": "-10500000"}, {"fiscalDateEnding": "2015-12-31", "reportedCurrency": "USD", "grossProfit": "280400000", "totalRevenue": "425400000", "costOfRevenue": "145000000", "costofGoodsAndServicesSold": "145000000", "operatingIncome": "12800000", "sellingGeneralAndAdministrative": "50500000", "researchAndDevelopment": "69000000", "operatingExpenses": "267600000", "investmentIncomeNet": "None", "netInterestIncome": "None", "interestIncome": "None", "interestExpense": "14500000", "nonInterestIncome": "None", "otherNonOperatingIncome": "500000", "depreciation": "None", "depreciationAndAmortization": "42400000", "incomeBeforeTax": "-1400000", "incomeTaxExpense": "-900000", "interestAndDebtExpense": "None", "netIncomeFromContinuingOperations": "-43900000", "comprehensiveIncomeNetOfTax": "None", "ebit": "15200000", "ebitda": "57600000", "netIncome": "100000"}, {"fiscalDateEnding": "2015-09-30", "reportedCurrency": "USD", "grossProfit": "267100000", "totalRevenue": "411100000", "costOfRevenue": "144000000", "costofGoodsAndServicesSold": "144000000", "operatingIncome": "10300000", "sellingGeneralAndAdministrative": "44600000", "researchAndDevelopment": "67500000", "operatingExpenses": "256800000", "investmentIncomeNet": "None", "netInterestIncome": "None", "interestIncome": "None", "interestExpense": "14600000", "nonInterestIncome": "None", "otherNonOperatingIncome": "None", "depreciation": "None", "depreciationAndAmortization": "40600000", "incomeBeforeTax": "-4300000", "incomeTaxExpense": "900000", "interestAndDebtExpense": "None", "netIncomeFromContinuingOperations": "-5200000", "comprehensiveIncomeNetOfTax": "None", "ebit": "10300000", "ebitda": "50900000", "netIncome": "-2500000"}, {"fiscalDateEnding": "2015-06-30", "reportedCurrency": "USD", "grossProfit": "254800000", "totalRevenue": "394500000", "costOfRevenue": "139700000", "costofGoodsAndServicesSold": "139700000", "operatingIncome": "-33600000", "sellingGeneralAndAdministrative": "75800000", "researchAndDevelopment": "67700000", "operatingExpenses": "288400000", "investmentIncomeNet": "None", "netInterestIncome": "None", "interestIncome": "None", "interestExpense": "16600000", "nonInterestIncome": "None", "otherNonOperatingIncome": "-20900000", "depreciation": "None", "depreciationAndAmortization": "38400000", "incomeBeforeTax": "-71100000", "incomeTaxExpense": "200000", "interestAndDebtExpense": "None", "netIncomeFromContinuingOperations": "-71300000", "comprehensiveIncomeNetOfTax": "None", "ebit": "-54500000", "ebitda": "-16100000", "netIncome": "-29800000"}, {"fiscalDateEnding": "2015-03-31", "reportedCurrency": "USD", "grossProfit": "239100000", "totalRevenue": "376300000", "costOfRevenue": "137200000", "costofGoodsAndServicesSold": "137200000", "operatingIncome": "-20500000", "sellingGeneralAndAdministrative": "47200000", "researchAndDevelopment": "67600000", "operatingExpenses": "259600000", "investmentIncomeNet": "None", "netInterestIncome": "None", "interestIncome": "None", "interestExpense": "23500000", "nonInterestIncome": "None", "otherNonOperatingIncome": "None", "depreciation": "None", "depreciationAndAmortization": "37400000", "incomeBeforeTax": "-43800000", "incomeTaxExpense": "-400000", "interestAndDebtExpense": "None", "netIncomeFromContinuingOperations": "0", "comprehensiveIncomeNetOfTax": "None", "ebit": "-20500000", "ebitda": "16900000", "netIncome": "-43400000"}, {"fiscalDateEnding": "2014-12-31", "reportedCurrency": "USD", "grossProfit": "237897000", "totalRevenue": "371661000", "costOfRevenue": "133764000", "costofGoodsAndServicesSold": "133764000", "operatingIncome": "-2606000", "sellingGeneralAndAdministrative": "40813000", "researchAndDevelopment": "67058000", "operatingExpenses": "240503000", "investmentIncomeNet": "None", "netInterestIncome": "None", "interestIncome": "None", "interestExpense": "23721000", "nonInterestIncome": "None", "otherNonOperatingIncome": "None", "depreciation": "None", "depreciationAndAmortization": "39737000", "incomeBeforeTax": "-26594000", "incomeTaxExpense": "178000", "interestAndDebtExpense": "None", "netIncomeFromContinuingOperations": "-143300000", "comprehensiveIncomeNetOfTax": "None", "ebit": "-2873000", "ebitda": "36864000", "netIncome": "-26772000"}, {"fiscalDateEnding": "2014-09-30", "reportedCurrency": "USD", "grossProfit": "225200000", "totalRevenue": "356900000", "costOfRevenue": "131700000", "costofGoodsAndServicesSold": "131700000", "operatingIncome": "-6600000", "sellingGeneralAndAdministrative": "41800000", "researchAndDevelopment": "62400000", "operatingExpenses": "231800000", "investmentIncomeNet": "None", "netInterestIncome": "None", "interestIncome": "None", "interestExpense": "23100000", "nonInterestIncome": "None", "otherNonOperatingIncome": "None", "depreciation": "None", "depreciationAndAmortization": "38531000", "incomeBeforeTax": "-28600000", "incomeTaxExpense": "-1000000", "interestAndDebtExpense": "None", "netIncomeFromContinuingOperations": "0", "comprehensiveIncomeNetOfTax": "None", "ebit": "-5531000", "ebitda": "33000000", "netIncome": "-27600000"}, {"fiscalDateEnding": "2014-06-30", "reportedCurrency": "USD", "grossProfit": "211400000", "totalRevenue": "338500000", "costOfRevenue": "127100000", "costofGoodsAndServicesSold": "127100000", "operatingIncome": "-18500000", "sellingGeneralAndAdministrative": "42900000", "researchAndDevelopment": "63400000", "operatingExpenses": "229900000", "investmentIncomeNet": "None", "netInterestIncome": "None", "interestIncome": "None", "interestExpense": "20600000", "nonInterestIncome": "None", "otherNonOperatingIncome": "None", "depreciation": "None", "depreciationAndAmortization": "37765000", "incomeBeforeTax": "-38400000", "incomeTaxExpense": "-800000", "interestAndDebtExpense": "None", "netIncomeFromContinuingOperations": "0", "comprehensiveIncomeNetOfTax": "None", "ebit": "-17765000", "ebitda": "20000000", "netIncome": "-37600000"}, {"fiscalDateEnding": "2014-03-31", "reportedCurrency": "USD", "grossProfit": "194336000", "totalRevenue": "320194000", "costOfRevenue": "125858000", "costofGoodsAndServicesSold": "125858000", "operatingIncome": "-34151000", "sellingGeneralAndAdministrative": "42780000", "researchAndDevelopment": "61586000", "operatingExpenses": "228487000", "investmentIncomeNet": "None", "netInterestIncome": "None", "interestIncome": "None", "interestExpense": "17617000", "nonInterestIncome": "None", "otherNonOperatingIncome": "None", "depreciation": "None", "depreciationAndAmortization": "36726000", "incomeBeforeTax": "-52569000", "incomeTaxExpense": "-1226000", "interestAndDebtExpense": "None", "netIncomeFromContinuingOperations": "0", "comprehensiveIncomeNetOfTax": "None", "ebit": "-34126000", "ebitda": "2600000", "netIncome": "-51343000"}, {"fiscalDateEnding": "2013-12-31", "reportedCurrency": "USD", "grossProfit": "182870000", "totalRevenue": "305929000", "costOfRevenue": "123059000", "costofGoodsAndServicesSold": "123059000", "operatingIncome": "-50605000", "sellingGeneralAndAdministrative": "54409000", "researchAndDevelopment": "62055000", "operatingExpenses": "233475000", "investmentIncomeNet": "None", "netInterestIncome": "None", "interestIncome": "None", "interestExpense": "18113000", "nonInterestIncome": "None", "otherNonOperatingIncome": "None", "depreciation": "None", "depreciationAndAmortization": "37894000", "incomeBeforeTax": "-67884000", "incomeTaxExpense": "-2433000", "interestAndDebtExpense": "None", "netIncomeFromContinuingOperations": "0", "comprehensiveIncomeNetOfTax": "None", "ebit": "-49771000", "ebitda": "-11877000", "netIncome": "-65451000"}, {"fiscalDateEnding": "2013-09-30", "reportedCurrency": "USD", "grossProfit": "166352000", "totalRevenue": "286126000", "costOfRevenue": "119774000", "costofGoodsAndServicesSold": "119774000", "operatingIncome": "-31094000", "sellingGeneralAndAdministrative": "32784000", "researchAndDevelopment": "53567000", "operatingExpenses": "197446000", "investmentIncomeNet": "None", "netInterestIncome": "None", "interestIncome": "None", "interestExpense": "17156000", "nonInterestIncome": "None", "otherNonOperatingIncome": "None", "depreciation": "None", "depreciationAndAmortization": "34067000", "incomeBeforeTax": "-46710000", "incomeTaxExpense": "618000", "interestAndDebtExpense": "None", "netIncomeFromContinuingOperations": "0", "comprehensiveIncomeNetOfTax": "None", "ebit": "-29554000", "ebitda": "4513000", "netIncome": "-47328000"}, {"fiscalDateEnding": "2013-06-30", "reportedCurrency": "USD", "grossProfit": "159520000", "totalRevenue": "276018000", "costOfRevenue": "116498000", "costofGoodsAndServicesSold": "116498000", "operatingIncome": "-17965000", "sellingGeneralAndAdministrative": "30638000", "researchAndDevelopment": "45347000", "operatingExpenses": "177485000", "investmentIncomeNet": "None", "netInterestIncome": "None", "interestIncome": "None", "interestExpense": "17079000", "nonInterestIncome": "None", "otherNonOperatingIncome": "None", "depreciation": "None", "depreciationAndAmortization": "33486000", "incomeBeforeTax": "-34988000", "incomeTaxExpense": "351000", "interestAndDebtExpense": "None", "netIncomeFromContinuingOperations": "0", "comprehensiveIncomeNetOfTax": "None", "ebit": "-17909000", "ebitda": "15577000", "netIncome": "-35339000"}, {"fiscalDateEnding": "2013-03-31", "reportedCurrency": "USD", "grossProfit": "148235000", "totalRevenue": "262772000", "costOfRevenue": "114537000", "costofGoodsAndServicesSold": "114537000", "operatingIncome": "-32261000", "sellingGeneralAndAdministrative": "26149000", "researchAndDevelopment": "46972000", "operatingExpenses": "180496000", "investmentIncomeNet": "None", "netInterestIncome": "None", "interestIncome": "None", "interestExpense": "18630000", "nonInterestIncome": "None", "otherNonOperatingIncome": "None", "depreciation": "None", "depreciationAndAmortization": "35120000", "incomeBeforeTax": "-51444000", "incomeTaxExpense": "322000", "interestAndDebtExpense": "None", "netIncomeFromContinuingOperations": "0", "comprehensiveIncomeNetOfTax": "None", "ebit": "-32814000", "ebitda": "2306000", "netIncome": "-51766000"}, {"fiscalDateEnding": "2012-12-31", "reportedCurrency": "USD", "grossProfit": "0", "totalRevenue": "254621000", "costOfRevenue": "144531000", "costofGoodsAndServicesSold": "144531000", "operatingIncome": "0", "sellingGeneralAndAdministrative": "95424000", "researchAndDevelopment": "39616000", "operatingExpenses": "0", "investmentIncomeNet": "None", "netInterestIncome": "None", "interestIncome": "None", "interestExpense": "19361000", "nonInterestIncome": "None", "otherNonOperatingIncome": "None", "depreciation": "None", "depreciationAndAmortization": "None", "incomeBeforeTax": "0", "incomeTaxExpense": "764000", "interestAndDebtExpense": "None", "netIncomeFromContinuingOperations": "0", "comprehensiveIncomeNetOfTax": "None", "ebit": "0", "ebitda": "None", "netIncome": "0"}, {"fiscalDateEnding": "2012-09-30", "reportedCurrency": "USD", "grossProfit": "0", "totalRevenue": "229122000", "costOfRevenue": "140284000", "costofGoodsAndServicesSold": "140284000", "operatingIncome": "0", "sellingGeneralAndAdministrative": "107250000", "researchAndDevelopment": "48340000", "operatingExpenses": "0", "investmentIncomeNet": "None", "netInterestIncome": "None", "interestIncome": "None", "interestExpense": "19359000", "nonInterestIncome": "None", "otherNonOperatingIncome": "None", "depreciation": "None", "depreciationAndAmortization": "None", "incomeBeforeTax": "0", "incomeTaxExpense": "0", "interestAndDebtExpense": "None", "netIncomeFromContinuingOperations": "0", "comprehensiveIncomeNetOfTax": "None", "ebit": "0", "ebitda": "None", "netIncome": "0"}, {"fiscalDateEnding": "2012-06-30", "reportedCurrency": "USD", "grossProfit": "0", "totalRevenue": "222565000", "costOfRevenue": "138148000", "costofGoodsAndServicesSold": "138148000", "operatingIncome": "0", "sellingGeneralAndAdministrative": "101317000", "researchAndDevelopment": "43465000", "operatingExpenses": "0", "investmentIncomeNet": "None", "netInterestIncome": "None", "interestIncome": "None", "interestExpense": "19225000", "nonInterestIncome": "None", "otherNonOperatingIncome": "None", "depreciation": "None", "depreciationAndAmortization": "None", "incomeBeforeTax": "0", "incomeTaxExpense": "-389000", "interestAndDebtExpense": "None", "netIncomeFromContinuingOperations": "0", "comprehensiveIncomeNetOfTax": "None", "ebit": "0", "ebitda": "None", "netIncome": "0"}, {"fiscalDateEnding": "2012-03-31", "reportedCurrency": "USD", "grossProfit": "0", "totalRevenue": "204595000", "costOfRevenue": "139918000", "costofGoodsAndServicesSold": "139918000", "operatingIncome": "0", "sellingGeneralAndAdministrative": "107915000", "researchAndDevelopment": "43985000", "operatingExpenses": "0", "investmentIncomeNet": "None", "netInterestIncome": "None", "interestIncome": "None", "interestExpense": "21147000", "nonInterestIncome": "None", "otherNonOperatingIncome": "None", "depreciation": "None", "depreciationAndAmortization": "None", "incomeBeforeTax": "0", "incomeTaxExpense": "389000", "interestAndDebtExpense": "None", "netIncomeFromContinuingOperations": "0", "comprehensiveIncomeNetOfTax": "None", "ebit": "0", "ebitda": "None", "netIncome": "0"}]}