{"symbol": "ZBH", "annualReports": [{"fiscalDateEnding": "2024-12-31", "reportedCurrency": "USD", "grossProfit": "5487400000", "totalRevenue": "7678600000", "costOfRevenue": "2191200000", "costofGoodsAndServicesSold": "2191200000", "operatingIncome": "1285700000", "sellingGeneralAndAdministrative": "2929800000", "researchAndDevelopment": "437400000", "operatingExpenses": "4201700000", "investmentIncomeNet": "None", "netInterestIncome": "-218000000", "interestIncome": "None", "interestExpense": "218000000", "nonInterestIncome": "None", "otherNonOperatingIncome": "None", "depreciation": "None", "depreciationAndAmortization": "965200000", "incomeBeforeTax": "1036600000", "incomeTaxExpense": "131400000", "interestAndDebtExpense": "None", "netIncomeFromContinuingOperations": "905200000", "comprehensiveIncomeNetOfTax": "None", "ebit": "1285700000", "ebitda": "2250900000", "netIncome": "903800000"}, {"fiscalDateEnding": "2023-12-31", "reportedCurrency": "USD", "grossProfit": "5310400000", "totalRevenue": "7394200000", "costOfRevenue": "2083800000", "costofGoodsAndServicesSold": "2083800000", "operatingIncome": "1277700000", "sellingGeneralAndAdministrative": "2843700000", "researchAndDevelopment": "458700000", "operatingExpenses": "4032700000", "investmentIncomeNet": "None", "netInterestIncome": "-193500000", "interestIncome": "None", "interestExpense": "201200000", "nonInterestIncome": "None", "otherNonOperatingIncome": "None", "depreciation": "None", "depreciationAndAmortization": "951700000", "incomeBeforeTax": "1067300000", "incomeTaxExpense": "42200000", "interestAndDebtExpense": "None", "netIncomeFromContinuingOperations": "475200000", "comprehensiveIncomeNetOfTax": "None", "ebit": "1262600000", "ebitda": "2214300000", "netIncome": "1024000000"}, {"fiscalDateEnding": "2022-12-31", "reportedCurrency": "USD", "grossProfit": "4920400000", "totalRevenue": "6939900000", "costOfRevenue": "2019500000", "costofGoodsAndServicesSold": "2019500000", "operatingIncome": "1064100000", "sellingGeneralAndAdministrative": "2761700000", "researchAndDevelopment": "406000000", "operatingExpenses": "3728300000", "investmentIncomeNet": "None", "netInterestIncome": "-164800000", "interestIncome": "164800000", "interestExpense": "164800000", "nonInterestIncome": "None", "otherNonOperatingIncome": "-128000000", "depreciation": "None", "depreciationAndAmortization": "926400000", "incomeBeforeTax": "403500000", "incomeTaxExpense": "112300000", "interestAndDebtExpense": "None", "netIncomeFromContinuingOperations": "291200000", "comprehensiveIncomeNetOfTax": "None", "ebit": "1286200000", "ebitda": "2212600000", "netIncome": "231400000"}, {"fiscalDateEnding": "2021-12-31", "reportedCurrency": "USD", "grossProfit": "4866900000", "totalRevenue": "6827300000", "costOfRevenue": "1960400000", "costofGoodsAndServicesSold": "1960400000", "operatingIncome": "860300000", "sellingGeneralAndAdministrative": "3323900000", "researchAndDevelopment": "435800000", "operatingExpenses": "3861500000", "investmentIncomeNet": "None", "netInterestIncome": "-208400000", "interestIncome": "208400000", "interestExpense": "208400000", "nonInterestIncome": "None", "otherNonOperatingIncome": "-153300000", "depreciation": "None", "depreciationAndAmortization": "937700000", "incomeBeforeTax": "499000000", "incomeTaxExpense": "53500000", "interestAndDebtExpense": "None", "netIncomeFromContinuingOperations": "402100000", "comprehensiveIncomeNetOfTax": "None", "ebit": "1222400000", "ebitda": "2160100000", "netIncome": "401600000"}, {"fiscalDateEnding": "2020-12-31", "reportedCurrency": "USD", "grossProfit": "4896200000", "totalRevenue": "7024500000", "costOfRevenue": "2128300000", "costofGoodsAndServicesSold": "2128300000", "operatingIncome": "723300000", "sellingGeneralAndAdministrative": "3177800000", "researchAndDevelopment": "372000000", "operatingExpenses": "4198300000", "investmentIncomeNet": "None", "netInterestIncome": "-212000000", "interestIncome": "212000000", "interestExpense": "212000000", "nonInterestIncome": "None", "otherNonOperatingIncome": "25400000", "depreciation": "None", "depreciationAndAmortization": "1032700000", "incomeBeforeTax": "-274400000", "incomeTaxExpense": "-137000000", "interestAndDebtExpense": "None", "netIncomeFromContinuingOperations": "-137400000", "comprehensiveIncomeNetOfTax": "None", "ebit": "-63000000", "ebitda": "969700000", "netIncome": "-137400000"}, {"fiscalDateEnding": "2019-12-31", "reportedCurrency": "USD", "grossProfit": "5729600000", "totalRevenue": "7982200000", "costOfRevenue": "2252600000", "costofGoodsAndServicesSold": "2252600000", "operatingIncome": "1137500000", "sellingGeneralAndAdministrative": "3343800000", "researchAndDevelopment": "449300000", "operatingExpenses": "4459800000", "investmentIncomeNet": "None", "netInterestIncome": "-226900000", "interestIncome": "237900000", "interestExpense": "226900000", "nonInterestIncome": "None", "otherNonOperatingIncome": "-4800000", "depreciation": "None", "depreciationAndAmortization": "1006100000", "incomeBeforeTax": "905800000", "incomeTaxExpense": "-225700000", "interestAndDebtExpense": "None", "netIncomeFromContinuingOperations": "1131500000", "comprehensiveIncomeNetOfTax": "None", "ebit": "1388900000", "ebitda": "2395000000", "netIncome": "1131600000"}, {"fiscalDateEnding": "2018-12-31", "reportedCurrency": "USD", "grossProfit": "5661000000", "totalRevenue": "7932900000", "costOfRevenue": "2271900000", "costofGoodsAndServicesSold": "2271900000", "operatingIncome": "33800000", "sellingGeneralAndAdministrative": "3379300000", "researchAndDevelopment": "391700000", "operatingExpenses": "4513800000", "investmentIncomeNet": "None", "netInterestIncome": "-289300000", "interestIncome": "3300000", "interestExpense": "292600000", "nonInterestIncome": "None", "otherNonOperatingIncome": "-15600000", "depreciation": "None", "depreciationAndAmortization": "1038500000", "incomeBeforeTax": "-271100000", "incomeTaxExpense": "108200000", "interestAndDebtExpense": "None", "netIncomeFromContinuingOperations": "-379300000", "comprehensiveIncomeNetOfTax": "None", "ebit": "20900000", "ebitda": "1059400000", "netIncome": "-379200000"}, {"fiscalDateEnding": "2017-12-31", "reportedCurrency": "USD", "grossProfit": "5691200000", "totalRevenue": "7824100000", "costOfRevenue": "2132900000", "costofGoodsAndServicesSold": "2132900000", "operatingIncome": "823200000", "sellingGeneralAndAdministrative": "2973900000", "researchAndDevelopment": "367400000", "operatingExpenses": "3945200000", "investmentIncomeNet": "None", "netInterestIncome": "-325300000", "interestIncome": "2200000", "interestExpense": "327500000", "nonInterestIncome": "None", "otherNonOperatingIncome": "-16100000", "depreciation": "None", "depreciationAndAmortization": "1058000000", "incomeBeforeTax": "479600000", "incomeTaxExpense": "-1359600000", "interestAndDebtExpense": "None", "netIncomeFromContinuingOperations": "1813400000", "comprehensiveIncomeNetOfTax": "None", "ebit": "791600000", "ebitda": "1849600000", "netIncome": "1839600000"}, {"fiscalDateEnding": "2016-12-31", "reportedCurrency": "USD", "grossProfit": "5309000000", "totalRevenue": "7683900000", "costOfRevenue": "2374900000", "costofGoodsAndServicesSold": "2374900000", "operatingIncome": "827900000", "sellingGeneralAndAdministrative": "2932900000", "researchAndDevelopment": "365600000", "operatingExpenses": "3864400000", "investmentIncomeNet": "None", "netInterestIncome": "-355000000", "interestIncome": "2900000", "interestExpense": "357900000", "nonInterestIncome": "None", "otherNonOperatingIncome": "-68400000", "depreciation": "None", "depreciationAndAmortization": "1032599999", "incomeBeforeTax": "401600000", "incomeTaxExpense": "100000000", "interestAndDebtExpense": "None", "netIncomeFromContinuingOperations": "304600000", "comprehensiveIncomeNetOfTax": "None", "ebit": "755800001", "ebitda": "1788400000", "netIncome": "302900000"}, {"fiscalDateEnding": "2015-12-31", "reportedCurrency": "USD", "grossProfit": "4141200000", "totalRevenue": "5997800000", "costOfRevenue": "1856600000", "costofGoodsAndServicesSold": "1856600000", "operatingIncome": "326400000", "sellingGeneralAndAdministrative": "2284200000", "researchAndDevelopment": "268800000", "operatingExpenses": "2901600000", "investmentIncomeNet": "None", "netInterestIncome": "None", "interestIncome": "248400000", "interestExpense": "286600000", "nonInterestIncome": "None", "otherNonOperatingIncome": "-27500000", "depreciation": "None", "depreciationAndAmortization": "723500000", "incomeBeforeTax": "12300000", "incomeTaxExpense": "-36600000", "interestAndDebtExpense": "None", "netIncomeFromContinuingOperations": "146200000", "comprehensiveIncomeNetOfTax": "None", "ebit": "1613500000", "ebitda": "2337000000", "netIncome": "49700000"}, {"fiscalDateEnding": "2014-12-31", "reportedCurrency": "USD", "grossProfit": "3423500000", "totalRevenue": "4673300000", "costOfRevenue": "1249800000", "costofGoodsAndServicesSold": "1249800000", "operatingIncome": "1034700000", "sellingGeneralAndAdministrative": "1822500000", "researchAndDevelopment": "188300000", "operatingExpenses": "2010800000", "investmentIncomeNet": "None", "netInterestIncome": "None", "interestIncome": "None", "interestExpense": "63100000", "nonInterestIncome": "None", "otherNonOperatingIncome": "-27700000", "depreciation": "None", "depreciationAndAmortization": "375800000", "incomeBeforeTax": "943900000", "incomeTaxExpense": "224900000", "interestAndDebtExpense": "None", "netIncomeFromContinuingOperations": "719000000", "comprehensiveIncomeNetOfTax": "None", "ebit": "1405300000", "ebitda": "1781100000", "netIncome": "720100000"}, {"fiscalDateEnding": "2013-12-31", "reportedCurrency": "USD", "grossProfit": "3337300000", "totalRevenue": "4623400000", "costOfRevenue": "1286100000", "costofGoodsAndServicesSold": "1286100000", "operatingIncome": "1035600000", "sellingGeneralAndAdministrative": "1833800000", "researchAndDevelopment": "204200000", "operatingExpenses": "2038000000", "investmentIncomeNet": "None", "netInterestIncome": "None", "interestIncome": "None", "interestExpense": "70100000", "nonInterestIncome": "None", "otherNonOperatingIncome": "15600000", "depreciation": "None", "depreciationAndAmortization": "358500000", "incomeBeforeTax": "981100000", "incomeTaxExpense": "221900000", "interestAndDebtExpense": "None", "netIncomeFromContinuingOperations": "759200000", "comprehensiveIncomeNetOfTax": "None", "ebit": "1051200000", "ebitda": "1409700000", "netIncome": "761000000"}, {"fiscalDateEnding": "2012-12-31", "reportedCurrency": "USD", "grossProfit": "3346500000", "totalRevenue": "4471700000", "costOfRevenue": "1125200000", "costofGoodsAndServicesSold": "1125200000", "operatingIncome": "1047400000", "sellingGeneralAndAdministrative": "1807100000", "researchAndDevelopment": "225600000", "operatingExpenses": "2032700000", "investmentIncomeNet": "None", "netInterestIncome": "None", "interestIncome": "None", "interestExpense": "72900000", "nonInterestIncome": "None", "otherNonOperatingIncome": "15600000", "depreciation": "None", "depreciationAndAmortization": "363100000", "incomeBeforeTax": "990100000", "incomeTaxExpense": "237200000", "interestAndDebtExpense": "None", "netIncomeFromContinuingOperations": "752900000", "comprehensiveIncomeNetOfTax": "None", "ebit": "1063200000", "ebitda": "1426300000", "netIncome": "755000000"}, {"fiscalDateEnding": "2011-12-31", "reportedCurrency": "USD", "grossProfit": "3329800000", "totalRevenue": "4451800000", "costOfRevenue": "1122000000", "costofGoodsAndServicesSold": "1122000000", "operatingIncome": "1024100000", "sellingGeneralAndAdministrative": "1991900000", "researchAndDevelopment": "238600000", "operatingExpenses": "2230500000", "investmentIncomeNet": "None", "netInterestIncome": "None", "interestIncome": "None", "interestExpense": "45200000", "nonInterestIncome": "None", "otherNonOperatingIncome": "10100000", "depreciation": "None", "depreciationAndAmortization": "359900000", "incomeBeforeTax": "978900000", "incomeTaxExpense": "218900000", "interestAndDebtExpense": "None", "netIncomeFromContinuingOperations": "760000000", "comprehensiveIncomeNetOfTax": "None", "ebit": "1025900000", "ebitda": "1385800000", "netIncome": "760800000"}, {"fiscalDateEnding": "2010-12-31", "reportedCurrency": "USD", "grossProfit": "3207800000", "totalRevenue": "4220200000", "costOfRevenue": "1012400000", "costofGoodsAndServicesSold": "1012400000", "operatingIncome": "916700000", "sellingGeneralAndAdministrative": "1832400000", "researchAndDevelopment": "220000000", "operatingExpenses": "2052400000", "investmentIncomeNet": "None", "netInterestIncome": "None", "interestIncome": "None", "interestExpense": "60200000", "nonInterestIncome": "None", "otherNonOperatingIncome": "None", "depreciation": "None", "depreciationAndAmortization": "340200000", "incomeBeforeTax": "860200000", "incomeTaxExpense": "263300000", "interestAndDebtExpense": "None", "netIncomeFromContinuingOperations": "596900000", "comprehensiveIncomeNetOfTax": "None", "ebit": "916700000", "ebitda": "1256900000", "netIncome": "596900000"}, {"fiscalDateEnding": "2009-12-31", "reportedCurrency": "USD", "grossProfit": "3104600000", "totalRevenue": "4095400000", "costOfRevenue": "990800000", "costofGoodsAndServicesSold": "990800000", "operatingIncome": "1018800000", "sellingGeneralAndAdministrative": "1732100000", "researchAndDevelopment": "205400000", "operatingExpenses": "1937500000", "investmentIncomeNet": "None", "netInterestIncome": "None", "interestIncome": "None", "interestExpense": "20600000", "nonInterestIncome": "None", "otherNonOperatingIncome": "None", "depreciation": "None", "depreciationAndAmortization": "337400000", "incomeBeforeTax": "998200000", "incomeTaxExpense": "280800000", "interestAndDebtExpense": "None", "netIncomeFromContinuingOperations": "717400000", "comprehensiveIncomeNetOfTax": "None", "ebit": "1018800000", "ebitda": "1356200000", "netIncome": "717400000"}, {"fiscalDateEnding": "2008-12-31", "reportedCurrency": "USD", "grossProfit": "3123800000", "totalRevenue": "4121100000", "costOfRevenue": "997300000", "costofGoodsAndServicesSold": "997300000", "operatingIncome": "1090000000", "sellingGeneralAndAdministrative": "1771300000", "researchAndDevelopment": "194000000", "operatingExpenses": "1965300000", "investmentIncomeNet": "None", "netInterestIncome": "None", "interestIncome": "None", "interestExpense": "31800000", "nonInterestIncome": "None", "otherNonOperatingIncome": "None", "depreciation": "None", "depreciationAndAmortization": "275100000", "incomeBeforeTax": "1121800000", "incomeTaxExpense": "272300000", "interestAndDebtExpense": "None", "netIncomeFromContinuingOperations": "None", "comprehensiveIncomeNetOfTax": "None", "ebit": "1128800000", "ebitda": "1403900000", "netIncome": "848600000"}, {"fiscalDateEnding": "2007-12-31", "reportedCurrency": "USD", "grossProfit": "3021600000", "totalRevenue": "3897500000", "costOfRevenue": "875900000", "costofGoodsAndServicesSold": "875900000", "operatingIncome": "1127600000", "sellingGeneralAndAdministrative": "1489700000", "researchAndDevelopment": "209600000", "operatingExpenses": "1868800000", "investmentIncomeNet": "None", "netInterestIncome": "None", "interestIncome": "None", "interestExpense": "216400000", "nonInterestIncome": "None", "otherNonOperatingIncome": "None", "depreciation": "None", "depreciationAndAmortization": "230000000", "incomeBeforeTax": "1131600000", "incomeTaxExpense": "357900000", "interestAndDebtExpense": "None", "netIncomeFromContinuingOperations": "None", "comprehensiveIncomeNetOfTax": "None", "ebit": "1131600000", "ebitda": "1361600000", "netIncome": "773200000"}, {"fiscalDateEnding": "2006-12-31", "reportedCurrency": "USD", "grossProfit": "2715300000", "totalRevenue": "3495400000", "costOfRevenue": "780100000", "costofGoodsAndServicesSold": "780100000", "operatingIncome": "1165200000", "sellingGeneralAndAdministrative": "1355700000", "researchAndDevelopment": "188300000", "operatingExpenses": "1544000000", "investmentIncomeNet": "None", "netInterestIncome": "None", "interestIncome": "None", "interestExpense": "8900000", "nonInterestIncome": "None", "otherNonOperatingIncome": "None", "depreciation": "None", "depreciationAndAmortization": "197400000", "incomeBeforeTax": "1169000000", "incomeTaxExpense": "334000000", "interestAndDebtExpense": "None", "netIncomeFromContinuingOperations": "None", "comprehensiveIncomeNetOfTax": "None", "ebit": "1169000000", "ebitda": "1366400000", "netIncome": "834500000"}, {"fiscalDateEnding": "2005-12-31", "reportedCurrency": "USD", "grossProfit": "2546700000", "totalRevenue": "3286100000", "costOfRevenue": "739400000", "costofGoodsAndServicesSold": "739400000", "operatingIncome": "1055000000", "sellingGeneralAndAdministrative": "1259600000", "researchAndDevelopment": "175500000", "operatingExpenses": "1435100000", "investmentIncomeNet": "None", "netInterestIncome": "None", "interestIncome": "None", "interestExpense": "128400000", "nonInterestIncome": "None", "otherNonOperatingIncome": "None", "depreciation": "None", "depreciationAndAmortization": "185700000", "incomeBeforeTax": "1040700000", "incomeTaxExpense": "307300000", "interestAndDebtExpense": "None", "netIncomeFromContinuingOperations": "None", "comprehensiveIncomeNetOfTax": "None", "ebit": "1168200000", "ebitda": "1353900000", "netIncome": "732500000"}], "quarterlyReports": [{"fiscalDateEnding": "2024-12-31", "reportedCurrency": "USD", "grossProfit": "1436500000", "totalRevenue": "2023200000", "costOfRevenue": "586700000", "costofGoodsAndServicesSold": "586700000", "operatingIncome": "389000000", "sellingGeneralAndAdministrative": "746900000", "researchAndDevelopment": "108500000", "operatingExpenses": "1047500000", "investmentIncomeNet": "None", "netInterestIncome": "-61900000", "interestIncome": "None", "interestExpense": "61900000", "nonInterestIncome": "None", "otherNonOperatingIncome": "None", "depreciation": "None", "depreciationAndAmortization": "263600000", "incomeBeforeTax": "289000000", "incomeTaxExpense": "48900000", "interestAndDebtExpense": "None", "netIncomeFromContinuingOperations": "240100000", "comprehensiveIncomeNetOfTax": "None", "ebit": "350900000", "ebitda": "614500000", "netIncome": "239500000"}, {"fiscalDateEnding": "2024-09-30", "reportedCurrency": "USD", "grossProfit": "1285600000", "totalRevenue": "1824200000", "costOfRevenue": "538600000", "costofGoodsAndServicesSold": "538600000", "operatingIncome": "279500000", "sellingGeneralAndAdministrative": "709700000", "researchAndDevelopment": "111600000", "operatingExpenses": "1006100000", "investmentIncomeNet": "None", "netInterestIncome": "-54300000", "interestIncome": "None", "interestExpense": "54300000", "nonInterestIncome": "None", "otherNonOperatingIncome": "None", "depreciation": "None", "depreciationAndAmortization": "250900000", "incomeBeforeTax": "230300000", "incomeTaxExpense": "-18900000", "interestAndDebtExpense": "None", "netIncomeFromContinuingOperations": "249200000", "comprehensiveIncomeNetOfTax": "None", "ebit": "281600000", "ebitda": "532500000", "netIncome": "249200000"}, {"fiscalDateEnding": "2024-06-30", "reportedCurrency": "USD", "grossProfit": "1178600000", "totalRevenue": "1942000000", "costOfRevenue": "763400000", "costofGoodsAndServicesSold": "763400000", "operatingIncome": "335500000", "sellingGeneralAndAdministrative": "737100000", "researchAndDevelopment": "109400000", "operatingExpenses": "843100000", "investmentIncomeNet": "None", "netInterestIncome": "-51100000", "interestIncome": "None", "interestExpense": "51100000", "nonInterestIncome": "None", "otherNonOperatingIncome": "None", "depreciation": "None", "depreciationAndAmortization": "243200000", "incomeBeforeTax": "302200000", "incomeTaxExpense": "59100000", "interestAndDebtExpense": "None", "netIncomeFromContinuingOperations": "243100000", "comprehensiveIncomeNetOfTax": "None", "ebit": "402100000", "ebitda": "645300000", "netIncome": "242800000"}, {"fiscalDateEnding": "2024-03-31", "reportedCurrency": "USD", "grossProfit": "1169400000", "totalRevenue": "1889200000", "costOfRevenue": "719800000", "costofGoodsAndServicesSold": "719800000", "operatingIncome": "326300000", "sellingGeneralAndAdministrative": "736200000", "researchAndDevelopment": "107900000", "operatingExpenses": "843100000", "investmentIncomeNet": "None", "netInterestIncome": "-50700000", "interestIncome": "None", "interestExpense": "50700000", "nonInterestIncome": "None", "otherNonOperatingIncome": "None", "depreciation": "None", "depreciationAndAmortization": "238600000", "incomeBeforeTax": "215100000", "incomeTaxExpense": "42300000", "interestAndDebtExpense": "None", "netIncomeFromContinuingOperations": "172800000", "comprehensiveIncomeNetOfTax": "None", "ebit": "392500000", "ebitda": "631100000", "netIncome": "172400000"}, {"fiscalDateEnding": "2023-12-31", "reportedCurrency": "USD", "grossProfit": "1401300000", "totalRevenue": "1940100000", "costOfRevenue": "538800000", "costofGoodsAndServicesSold": "538800000", "operatingIncome": "434700000", "sellingGeneralAndAdministrative": "722300000", "researchAndDevelopment": "113300000", "operatingExpenses": "966600000", "investmentIncomeNet": "None", "netInterestIncome": "-50300000", "interestIncome": "None", "interestExpense": "50300000", "nonInterestIncome": "None", "otherNonOperatingIncome": "None", "depreciation": "None", "depreciationAndAmortization": "241200000", "incomeBeforeTax": "284400000", "incomeTaxExpense": "-135200000", "interestAndDebtExpense": "None", "netIncomeFromContinuingOperations": "419700000", "comprehensiveIncomeNetOfTax": "None", "ebit": "459800000", "ebitda": "701000000", "netIncome": "419200000"}, {"fiscalDateEnding": "2023-09-30", "reportedCurrency": "USD", "grossProfit": "1235000000", "totalRevenue": "1753600000", "costOfRevenue": "518600000", "costofGoodsAndServicesSold": "518600000", "operatingIncome": "266600000", "sellingGeneralAndAdministrative": "674900000", "researchAndDevelopment": "116900000", "operatingExpenses": "936800000", "investmentIncomeNet": "None", "netInterestIncome": "-51100000", "interestIncome": "51100000", "interestExpense": "51100000", "nonInterestIncome": "None", "otherNonOperatingIncome": "None", "depreciation": "None", "depreciationAndAmortization": "241200000", "incomeBeforeTax": "219200000", "incomeTaxExpense": "56400000", "interestAndDebtExpense": "None", "netIncomeFromContinuingOperations": "162800000", "comprehensiveIncomeNetOfTax": "None", "ebit": "301700000", "ebitda": "542900000", "netIncome": "162700000"}, {"fiscalDateEnding": "2023-06-30", "reportedCurrency": "USD", "grossProfit": "1344100000", "totalRevenue": "1869600000", "costOfRevenue": "525500000", "costofGoodsAndServicesSold": "525500000", "operatingIncome": "329600000", "sellingGeneralAndAdministrative": "725800000", "researchAndDevelopment": "118100000", "operatingExpenses": "982100000", "investmentIncomeNet": "None", "netInterestIncome": "-51600000", "interestIncome": "51600000", "interestExpense": "51600000", "nonInterestIncome": "None", "otherNonOperatingIncome": "None", "depreciation": "None", "depreciationAndAmortization": "237500000", "incomeBeforeTax": "276800000", "incomeTaxExpense": "66900000", "interestAndDebtExpense": "None", "netIncomeFromContinuingOperations": "209900000", "comprehensiveIncomeNetOfTax": "None", "ebit": "361100000", "ebitda": "598600000", "netIncome": "209600000"}, {"fiscalDateEnding": "2023-03-31", "reportedCurrency": "USD", "grossProfit": "1330200000", "totalRevenue": "1831000000", "costOfRevenue": "500800000", "costofGoodsAndServicesSold": "500800000", "operatingIncome": "327300000", "sellingGeneralAndAdministrative": "715900000", "researchAndDevelopment": "110400000", "operatingExpenses": "959700000", "investmentIncomeNet": "None", "netInterestIncome": "-48200000", "interestIncome": "48200000", "interestExpense": "48200000", "nonInterestIncome": "None", "otherNonOperatingIncome": "7700000", "depreciation": "None", "depreciationAndAmortization": "231800000", "incomeBeforeTax": "286800000", "incomeTaxExpense": "54100000", "interestAndDebtExpense": "None", "netIncomeFromContinuingOperations": "232800000", "comprehensiveIncomeNetOfTax": "None", "ebit": "374800000", "ebitda": "606600000", "netIncome": "232500000"}, {"fiscalDateEnding": "2022-12-31", "reportedCurrency": "USD", "grossProfit": "1304800000", "totalRevenue": "1825100000", "costOfRevenue": "520300000", "costofGoodsAndServicesSold": "520300000", "operatingIncome": "322900000", "sellingGeneralAndAdministrative": "727100000", "researchAndDevelopment": "108000000", "operatingExpenses": "978000000", "investmentIncomeNet": "None", "netInterestIncome": "-42600000", "interestIncome": "42600000", "interestExpense": "42600000", "nonInterestIncome": "None", "otherNonOperatingIncome": "-3900000", "depreciation": "None", "depreciationAndAmortization": "228500000", "incomeBeforeTax": "-74800000", "incomeTaxExpense": "55400000", "interestAndDebtExpense": "None", "netIncomeFromContinuingOperations": "-130200000", "comprehensiveIncomeNetOfTax": "None", "ebit": "-168500000", "ebitda": "60000000", "netIncome": "-130200000"}, {"fiscalDateEnding": "2022-09-30", "reportedCurrency": "USD", "grossProfit": "1181600000", "totalRevenue": "1669800000", "costOfRevenue": "488200000", "costofGoodsAndServicesSold": "488200000", "operatingIncome": "245300000", "sellingGeneralAndAdministrative": "654900000", "researchAndDevelopment": "101700000", "operatingExpenses": "896200000", "investmentIncomeNet": "None", "netInterestIncome": "-42300000", "interestIncome": "42300000", "interestExpense": "42300000", "nonInterestIncome": "None", "otherNonOperatingIncome": "-25400000", "depreciation": "None", "depreciationAndAmortization": "231400000", "incomeBeforeTax": "177600000", "incomeTaxExpense": "-16600000", "interestAndDebtExpense": "None", "netIncomeFromContinuingOperations": "194200000", "comprehensiveIncomeNetOfTax": "None", "ebit": "315400000", "ebitda": "546800000", "netIncome": "194000000"}, {"fiscalDateEnding": "2022-06-30", "reportedCurrency": "USD", "grossProfit": "1270800000", "totalRevenue": "1781800000", "costOfRevenue": "511000000", "costofGoodsAndServicesSold": "511000000", "operatingIncome": "280900000", "sellingGeneralAndAdministrative": "695200000", "researchAndDevelopment": "99400000", "operatingExpenses": "935400000", "investmentIncomeNet": "None", "netInterestIncome": "-38800000", "interestIncome": "38800000", "interestExpense": "38800000", "nonInterestIncome": "None", "otherNonOperatingIncome": "-42600000", "depreciation": "None", "depreciationAndAmortization": "244600000", "incomeBeforeTax": "199500000", "incomeTaxExpense": "45500000", "interestAndDebtExpense": "None", "netIncomeFromContinuingOperations": "154000000", "comprehensiveIncomeNetOfTax": "None", "ebit": "322600000", "ebitda": "567200000", "netIncome": "153700000"}, {"fiscalDateEnding": "2022-03-31", "reportedCurrency": "USD", "grossProfit": "1163200000", "totalRevenue": "1663200000", "costOfRevenue": "500000000", "costofGoodsAndServicesSold": "500000000", "operatingIncome": "198400000", "sellingGeneralAndAdministrative": "684500000", "researchAndDevelopment": "96900000", "operatingExpenses": "918700000", "investmentIncomeNet": "None", "netInterestIncome": "-41100000", "interestIncome": "41100000", "interestExpense": "41100000", "nonInterestIncome": "None", "otherNonOperatingIncome": "-56100000", "depreciation": "None", "depreciationAndAmortization": "223800000", "incomeBeforeTax": "101200000", "incomeTaxExpense": "28000000", "interestAndDebtExpense": "None", "netIncomeFromContinuingOperations": "73200000", "comprehensiveIncomeNetOfTax": "None", "ebit": "286400000", "ebitda": "510200000", "netIncome": "73200000"}, {"fiscalDateEnding": "2021-12-31", "reportedCurrency": "USD", "grossProfit": "1240700000", "totalRevenue": "1777200000", "costOfRevenue": "536500000", "costofGoodsAndServicesSold": "536500000", "operatingIncome": "133800000", "sellingGeneralAndAdministrative": "817400000", "researchAndDevelopment": "96000000", "operatingExpenses": "1052000000", "investmentIncomeNet": "None", "netInterestIncome": "-48800000", "interestIncome": "48800000", "interestExpense": "48800000", "nonInterestIncome": "None", "otherNonOperatingIncome": "-169000000", "depreciation": "None", "depreciationAndAmortization": "130800000", "incomeBeforeTax": "-83900000", "incomeTaxExpense": "-29200000", "interestAndDebtExpense": "None", "netIncomeFromContinuingOperations": "-83900000", "comprehensiveIncomeNetOfTax": "None", "ebit": "15300000", "ebitda": "146100000", "netIncome": "-84000000"}, {"fiscalDateEnding": "2021-09-30", "reportedCurrency": "USD", "grossProfit": "1342500000", "totalRevenue": "1924000000", "costOfRevenue": "581500000", "costofGoodsAndServicesSold": "581500000", "operatingIncome": "214900000", "sellingGeneralAndAdministrative": "802400000", "researchAndDevelopment": "108900000", "operatingExpenses": "1076800000", "investmentIncomeNet": "None", "netInterestIncome": "-52600000", "interestIncome": "52600000", "interestExpense": "52600000", "nonInterestIncome": "None", "otherNonOperatingIncome": "300000", "depreciation": "None", "depreciationAndAmortization": "265100000", "incomeBeforeTax": "162600000", "incomeTaxExpense": "16800000", "interestAndDebtExpense": "None", "netIncomeFromContinuingOperations": "145800000", "comprehensiveIncomeNetOfTax": "None", "ebit": "222200000", "ebitda": "487300000", "netIncome": "145600000"}, {"fiscalDateEnding": "2021-06-30", "reportedCurrency": "USD", "grossProfit": "1445300000", "totalRevenue": "2026900000", "costOfRevenue": "581600000", "costofGoodsAndServicesSold": "581600000", "operatingIncome": "220500000", "sellingGeneralAndAdministrative": "817400000", "researchAndDevelopment": "180500000", "operatingExpenses": "1163500000", "investmentIncomeNet": "None", "netInterestIncome": "-54700000", "interestIncome": "54700000", "interestExpense": "54700000", "nonInterestIncome": "None", "otherNonOperatingIncome": "8100000", "depreciation": "None", "depreciationAndAmortization": "266500000", "incomeBeforeTax": "173900000", "incomeTaxExpense": "31400000", "interestAndDebtExpense": "None", "netIncomeFromContinuingOperations": "142500000", "comprehensiveIncomeNetOfTax": "None", "ebit": "238800000", "ebitda": "505300000", "netIncome": "141900000"}, {"fiscalDateEnding": "2021-03-31", "reportedCurrency": "USD", "grossProfit": "1331000000", "totalRevenue": "1847400000", "costOfRevenue": "516400000", "costofGoodsAndServicesSold": "516400000", "operatingIncome": "265600000", "sellingGeneralAndAdministrative": "770000", "researchAndDevelopment": "94400000", "operatingExpenses": "1030200000", "investmentIncomeNet": "None", "netInterestIncome": "-52300000", "interestIncome": "52300000", "interestExpense": "52300000", "nonInterestIncome": "None", "otherNonOperatingIncome": "7300000", "depreciation": "None", "depreciationAndAmortization": "268700000", "incomeBeforeTax": "220600000", "incomeTaxExpense": "22900000", "interestAndDebtExpense": "None", "netIncomeFromContinuingOperations": "197700000", "comprehensiveIncomeNetOfTax": "None", "ebit": "286000000", "ebitda": "554700000", "netIncome": "198100000"}, {"fiscalDateEnding": "2020-12-31", "reportedCurrency": "USD", "grossProfit": "1438000000", "totalRevenue": "2085300000", "costOfRevenue": "647300000", "costofGoodsAndServicesSold": "647300000", "operatingIncome": "240700000", "sellingGeneralAndAdministrative": "893900000", "researchAndDevelopment": "100000000", "operatingExpenses": "1161500000", "investmentIncomeNet": "None", "netInterestIncome": "-53100000", "interestIncome": "53100000", "interestExpense": "53100000", "nonInterestIncome": "None", "otherNonOperatingIncome": "8000000", "depreciation": "None", "depreciationAndAmortization": "152600000", "incomeBeforeTax": "195600000", "incomeTaxExpense": "-138200000", "interestAndDebtExpense": "None", "netIncomeFromContinuingOperations": "333800000", "comprehensiveIncomeNetOfTax": "None", "ebit": "497100000", "ebitda": "649700000", "netIncome": "333700000"}, {"fiscalDateEnding": "2020-09-30", "reportedCurrency": "USD", "grossProfit": "1359900000", "totalRevenue": "1929300000", "costOfRevenue": "569400000", "costofGoodsAndServicesSold": "569400000", "operatingIncome": "299200000", "sellingGeneralAndAdministrative": "790000000", "researchAndDevelopment": "85900000", "operatingExpenses": "1035400000", "investmentIncomeNet": "None", "netInterestIncome": "-54000000", "interestIncome": "54000000", "interestExpense": "54000000", "nonInterestIncome": "None", "otherNonOperatingIncome": "10600000", "depreciation": "None", "depreciationAndAmortization": "258600000", "incomeBeforeTax": "255800000", "incomeTaxExpense": "9700000", "interestAndDebtExpense": "None", "netIncomeFromContinuingOperations": "246100000", "comprehensiveIncomeNetOfTax": "None", "ebit": "354300000", "ebitda": "612900000", "netIncome": "242500000"}, {"fiscalDateEnding": "2020-06-30", "reportedCurrency": "USD", "grossProfit": "801600000", "totalRevenue": "1226100000", "costOfRevenue": "424500000", "costofGoodsAndServicesSold": "424500000", "operatingIncome": "-171700000", "sellingGeneralAndAdministrative": "665000000", "researchAndDevelopment": "87700000", "operatingExpenses": "910100000", "investmentIncomeNet": "None", "netInterestIncome": "-54000000", "interestIncome": "54000000", "interestExpense": "54000000", "nonInterestIncome": "None", "otherNonOperatingIncome": "3800000", "depreciation": "None", "depreciationAndAmortization": "147700000", "incomeBeforeTax": "-221900000", "incomeTaxExpense": "-13700000", "interestAndDebtExpense": "None", "netIncomeFromContinuingOperations": "-208200000", "comprehensiveIncomeNetOfTax": "None", "ebit": "-60000000", "ebitda": "87700000", "netIncome": "-206600000"}, {"fiscalDateEnding": "2020-03-31", "reportedCurrency": "USD", "grossProfit": "1296700000", "totalRevenue": "1783800000", "costOfRevenue": "487100000", "costofGoodsAndServicesSold": "487100000", "operatingIncome": "-456000000", "sellingGeneralAndAdministrative": "828900000", "researchAndDevelopment": "98400000", "operatingExpenses": "1091300000", "investmentIncomeNet": "None", "netInterestIncome": "-50900000", "interestIncome": "50900000", "interestExpense": "50900000", "nonInterestIncome": "None", "otherNonOperatingIncome": "3000000", "depreciation": "None", "depreciationAndAmortization": "253000000", "incomeBeforeTax": "-503900000", "incomeTaxExpense": "5200000", "interestAndDebtExpense": "None", "netIncomeFromContinuingOperations": "-509100000", "comprehensiveIncomeNetOfTax": "None", "ebit": "-453200000", "ebitda": "-200200000", "netIncome": "-508500000"}, {"fiscalDateEnding": "2019-12-31", "reportedCurrency": "USD", "grossProfit": "1543500000", "totalRevenue": "2125700000", "costOfRevenue": "582200000", "costofGoodsAndServicesSold": "582200000", "operatingIncome": "336800000", "sellingGeneralAndAdministrative": "1636700000", "researchAndDevelopment": "121100000", "operatingExpenses": "1170000000", "investmentIncomeNet": "None", "netInterestIncome": "-52400000", "interestIncome": "66200000", "interestExpense": "52400000", "nonInterestIncome": "None", "otherNonOperatingIncome": "4800000", "depreciation": "None", "depreciationAndAmortization": "147400000", "incomeBeforeTax": "289200000", "incomeTaxExpense": "-32200000", "interestAndDebtExpense": "None", "netIncomeFromContinuingOperations": "321400000", "comprehensiveIncomeNetOfTax": "None", "ebit": "512700000", "ebitda": "660100000", "netIncome": "320700000"}, {"fiscalDateEnding": "2019-09-30", "reportedCurrency": "USD", "grossProfit": "1356700000", "totalRevenue": "1892400000", "costOfRevenue": "535700000", "costofGoodsAndServicesSold": "535700000", "operatingIncome": "245800000", "sellingGeneralAndAdministrative": "830100000", "researchAndDevelopment": "114400000", "operatingExpenses": "1111800000", "investmentIncomeNet": "None", "netInterestIncome": "-56800000", "interestIncome": "56800000", "interestExpense": "56800000", "nonInterestIncome": "None", "otherNonOperatingIncome": "-4400000", "depreciation": "None", "depreciationAndAmortization": "251500000", "incomeBeforeTax": "184600000", "incomeTaxExpense": "-247400000", "interestAndDebtExpense": "None", "netIncomeFromContinuingOperations": "432000000", "comprehensiveIncomeNetOfTax": "None", "ebit": "320000000", "ebitda": "571500000", "netIncome": "431100000"}, {"fiscalDateEnding": "2019-06-30", "reportedCurrency": "USD", "grossProfit": "1407300000", "totalRevenue": "1988600000", "costOfRevenue": "581300000", "costofGoodsAndServicesSold": "581300000", "operatingIncome": "204700000", "sellingGeneralAndAdministrative": "840300000", "researchAndDevelopment": "112100000", "operatingExpenses": "1122000000", "investmentIncomeNet": "None", "netInterestIncome": "-59700000", "interestIncome": "59700000", "interestExpense": "59700000", "nonInterestIncome": "None", "otherNonOperatingIncome": "-4700000", "depreciation": "None", "depreciationAndAmortization": "253000000", "incomeBeforeTax": "140300000", "incomeTaxExpense": "8400000", "interestAndDebtExpense": "None", "netIncomeFromContinuingOperations": "131900000", "comprehensiveIncomeNetOfTax": "None", "ebit": "345100000", "ebitda": "598100000", "netIncome": "133700000"}, {"fiscalDateEnding": "2019-03-31", "reportedCurrency": "USD", "grossProfit": "1422100000", "totalRevenue": "1975500000", "costOfRevenue": "553400000", "costofGoodsAndServicesSold": "553400000", "operatingIncome": "350200000", "sellingGeneralAndAdministrative": "796400000", "researchAndDevelopment": "101700000", "operatingExpenses": "1061200000", "investmentIncomeNet": "None", "netInterestIncome": "-58000000", "interestIncome": "55200000", "interestExpense": "58000000", "nonInterestIncome": "None", "otherNonOperatingIncome": "-500000", "depreciation": "None", "depreciationAndAmortization": "247700000", "incomeBeforeTax": "291700000", "incomeTaxExpense": "45500000", "interestAndDebtExpense": "None", "netIncomeFromContinuingOperations": "246200000", "comprehensiveIncomeNetOfTax": "None", "ebit": "359100000", "ebitda": "606800000", "netIncome": "246100000"}, {"fiscalDateEnding": "2018-12-31", "reportedCurrency": "USD", "grossProfit": "1487600000", "totalRevenue": "2071000000", "costOfRevenue": "583400000", "costofGoodsAndServicesSold": "583400000", "operatingIncome": "-790500000", "sellingGeneralAndAdministrative": "2449400000", "researchAndDevelopment": "101200000", "operatingExpenses": "1282400000", "investmentIncomeNet": "None", "netInterestIncome": "None", "interestIncome": "None", "interestExpense": "66200000", "nonInterestIncome": "None", "otherNonOperatingIncome": "-9200000", "depreciation": "None", "depreciationAndAmortization": "254800000", "incomeBeforeTax": "-865900000", "incomeTaxExpense": "36600000", "interestAndDebtExpense": "None", "netIncomeFromContinuingOperations": "-902500000", "comprehensiveIncomeNetOfTax": "None", "ebit": "-798600000", "ebitda": "-543800000", "netIncome": "-901100000"}, {"fiscalDateEnding": "2018-09-30", "reportedCurrency": "USD", "grossProfit": "1307700000", "totalRevenue": "1836700000", "costOfRevenue": "529000000", "costofGoodsAndServicesSold": "529000000", "operatingIncome": "223300000", "sellingGeneralAndAdministrative": "787700000", "researchAndDevelopment": "95700000", "operatingExpenses": "1063200000", "investmentIncomeNet": "None", "netInterestIncome": "None", "interestIncome": "None", "interestExpense": "68300000", "nonInterestIncome": "None", "otherNonOperatingIncome": "-1400000", "depreciation": "None", "depreciationAndAmortization": "260600000", "incomeBeforeTax": "153600000", "incomeTaxExpense": "-8500000", "interestAndDebtExpense": "None", "netIncomeFromContinuingOperations": "162100000", "comprehensiveIncomeNetOfTax": "None", "ebit": "297400000", "ebitda": "558000000", "netIncome": "162200000"}, {"fiscalDateEnding": "2018-06-30", "reportedCurrency": "USD", "grossProfit": "1423900000", "totalRevenue": "2007600000", "costOfRevenue": "583700000", "costofGoodsAndServicesSold": "583700000", "operatingIncome": "296000000", "sellingGeneralAndAdministrative": "791300000", "researchAndDevelopment": "99100000", "operatingExpenses": "1077400000", "investmentIncomeNet": "None", "netInterestIncome": "None", "interestIncome": "None", "interestExpense": "75900000", "nonInterestIncome": "None", "otherNonOperatingIncome": "-2300000", "depreciation": "None", "depreciationAndAmortization": "261600000", "incomeBeforeTax": "217800000", "incomeTaxExpense": "32900000", "interestAndDebtExpense": "None", "netIncomeFromContinuingOperations": "184900000", "comprehensiveIncomeNetOfTax": "None", "ebit": "374200000", "ebitda": "635800000", "netIncome": "185000000"}, {"fiscalDateEnding": "2018-03-31", "reportedCurrency": "USD", "grossProfit": "1441800000", "totalRevenue": "2017600000", "costOfRevenue": "575800000", "costofGoodsAndServicesSold": "575800000", "operatingIncome": "305000000", "sellingGeneralAndAdministrative": "785100000", "researchAndDevelopment": "95700000", "operatingExpenses": "1031600000", "investmentIncomeNet": "None", "netInterestIncome": "None", "interestIncome": "None", "interestExpense": "78900000", "nonInterestIncome": "None", "otherNonOperatingIncome": "-2700000", "depreciation": "None", "depreciationAndAmortization": "263500000", "incomeBeforeTax": "223400000", "incomeTaxExpense": "47200000", "interestAndDebtExpense": "None", "netIncomeFromContinuingOperations": "176200000", "comprehensiveIncomeNetOfTax": "None", "ebit": "409200000", "ebitda": "672700000", "netIncome": "174700000"}, {"fiscalDateEnding": "2017-12-31", "reportedCurrency": "USD", "grossProfit": "1482900000", "totalRevenue": "2074300000", "costOfRevenue": "591400000", "costofGoodsAndServicesSold": "591400000", "operatingIncome": "-22900000", "sellingGeneralAndAdministrative": "770600000", "researchAndDevelopment": "95000000", "operatingExpenses": "1017100000", "investmentIncomeNet": "None", "netInterestIncome": "None", "interestIncome": "None", "interestExpense": "80000000", "nonInterestIncome": "None", "otherNonOperatingIncome": "-6300000", "depreciation": "None", "depreciationAndAmortization": "264500000", "incomeBeforeTax": "-109200000", "incomeTaxExpense": "-1366200000", "interestAndDebtExpense": "None", "netIncomeFromContinuingOperations": "1231200000", "comprehensiveIncomeNetOfTax": "None", "ebit": "-29300001", "ebitda": "235199999", "netIncome": "1257200000"}, {"fiscalDateEnding": "2017-09-30", "reportedCurrency": "USD", "grossProfit": "1317200000", "totalRevenue": "1818100000", "costOfRevenue": "500900000", "costofGoodsAndServicesSold": "500900000", "operatingIncome": "213400000", "sellingGeneralAndAdministrative": "694500000", "researchAndDevelopment": "91200000", "operatingExpenses": "938400000", "investmentIncomeNet": "None", "netInterestIncome": "None", "interestIncome": "None", "interestExpense": "82300000", "nonInterestIncome": "None", "otherNonOperatingIncome": "-3900000", "depreciation": "None", "depreciationAndAmortization": "266500000", "incomeBeforeTax": "127200000", "incomeTaxExpense": "28400000", "interestAndDebtExpense": "None", "netIncomeFromContinuingOperations": "98800000", "comprehensiveIncomeNetOfTax": "None", "ebit": "370600000", "ebitda": "637100000", "netIncome": "98800000"}, {"fiscalDateEnding": "2017-06-30", "reportedCurrency": "USD", "grossProfit": "1426700000", "totalRevenue": "1954400000", "costOfRevenue": "527700000", "costofGoodsAndServicesSold": "527700000", "operatingIncome": "282300000", "sellingGeneralAndAdministrative": "748000000", "researchAndDevelopment": "90100000", "operatingExpenses": "985800000", "investmentIncomeNet": "None", "netInterestIncome": "None", "interestIncome": "None", "interestExpense": "82300000", "nonInterestIncome": "None", "otherNonOperatingIncome": "-3600000", "depreciation": "None", "depreciationAndAmortization": "264100000", "incomeBeforeTax": "196400000", "incomeTaxExpense": "12300000", "interestAndDebtExpense": "None", "netIncomeFromContinuingOperations": "184100000", "comprehensiveIncomeNetOfTax": "None", "ebit": "451800000", "ebitda": "715900000", "netIncome": "184200000"}, {"fiscalDateEnding": "2017-03-31", "reportedCurrency": "USD", "grossProfit": "1464400000", "totalRevenue": "1977300000", "costOfRevenue": "512900000", "costofGoodsAndServicesSold": "512900000", "operatingIncome": "350400000", "sellingGeneralAndAdministrative": "760800000", "researchAndDevelopment": "91100000", "operatingExpenses": "1003900000", "investmentIncomeNet": "None", "netInterestIncome": "None", "interestIncome": "None", "interestExpense": "82900000", "nonInterestIncome": "None", "otherNonOperatingIncome": "-2300000", "depreciation": "None", "depreciationAndAmortization": "267600000", "incomeBeforeTax": "265200000", "incomeTaxExpense": "-34100000", "interestAndDebtExpense": "None", "netIncomeFromContinuingOperations": "299300000", "comprehensiveIncomeNetOfTax": "None", "ebit": "348100000", "ebitda": "615700000", "netIncome": "299400000"}, {"fiscalDateEnding": "2016-12-31", "reportedCurrency": "USD", "grossProfit": "1398200000", "totalRevenue": "2013100000", "costOfRevenue": "614900000", "costofGoodsAndServicesSold": "614900000", "operatingIncome": "185300000", "sellingGeneralAndAdministrative": "756300000", "researchAndDevelopment": "95700000", "operatingExpenses": "993200000", "investmentIncomeNet": "None", "netInterestIncome": "None", "interestIncome": "None", "interestExpense": "90100000", "nonInterestIncome": "None", "otherNonOperatingIncome": "-62400000", "depreciation": "None", "depreciationAndAmortization": "252000000", "incomeBeforeTax": "32800000", "incomeTaxExpense": "-33900000", "interestAndDebtExpense": "None", "netIncomeFromContinuingOperations": "72600000", "comprehensiveIncomeNetOfTax": "None", "ebit": "420500000", "ebitda": "672500000", "netIncome": "66600000"}, {"fiscalDateEnding": "2016-09-30", "reportedCurrency": "USD", "grossProfit": "1353500000", "totalRevenue": "1832800000", "costOfRevenue": "479300000", "costofGoodsAndServicesSold": "479300000", "operatingIncome": "195500000", "sellingGeneralAndAdministrative": "727700000", "researchAndDevelopment": "95600000", "operatingExpenses": "987600000", "investmentIncomeNet": "None", "netInterestIncome": "None", "interestIncome": "None", "interestExpense": "91500000", "nonInterestIncome": "None", "otherNonOperatingIncome": "-500000", "depreciation": "None", "depreciationAndAmortization": "288100000", "incomeBeforeTax": "103500000", "incomeTaxExpense": "-54400000", "interestAndDebtExpense": "None", "netIncomeFromContinuingOperations": "157900000", "comprehensiveIncomeNetOfTax": "None", "ebit": "365900000", "ebitda": "654000000", "netIncome": "158800000"}, {"fiscalDateEnding": "2016-06-30", "reportedCurrency": "USD", "grossProfit": "1305300000", "totalRevenue": "1934000000", "costOfRevenue": "628700000", "costofGoodsAndServicesSold": "628700000", "operatingIncome": "201600000", "sellingGeneralAndAdministrative": "732000000", "researchAndDevelopment": "88600000", "operatingExpenses": "954400000", "investmentIncomeNet": "None", "netInterestIncome": "None", "interestIncome": "None", "interestExpense": "88100000", "nonInterestIncome": "None", "otherNonOperatingIncome": "-3000000", "depreciation": "None", "depreciationAndAmortization": "252300000", "incomeBeforeTax": "110500000", "incomeTaxExpense": "142200000", "interestAndDebtExpense": "None", "netIncomeFromContinuingOperations": "-31700000", "comprehensiveIncomeNetOfTax": "None", "ebit": "339500000", "ebitda": "591800000", "netIncome": "-31300000"}, {"fiscalDateEnding": "2016-03-31", "reportedCurrency": "USD", "grossProfit": "1268800000", "totalRevenue": "1904000000", "costOfRevenue": "635200000", "costofGoodsAndServicesSold": "635200000", "operatingIncome": "245500000", "sellingGeneralAndAdministrative": "716900000", "researchAndDevelopment": "85700000", "operatingExpenses": "929200000", "investmentIncomeNet": "None", "netInterestIncome": "None", "interestIncome": "None", "interestExpense": "88200000", "nonInterestIncome": "None", "otherNonOperatingIncome": "-2500000", "depreciation": "None", "depreciationAndAmortization": "246900000", "incomeBeforeTax": "154800000", "incomeTaxExpense": "49000000", "interestAndDebtExpense": "None", "netIncomeFromContinuingOperations": "105800000", "comprehensiveIncomeNetOfTax": "None", "ebit": "487900000", "ebitda": "734800000", "netIncome": "105900000"}, {"fiscalDateEnding": "2015-12-31", "reportedCurrency": "USD", "grossProfit": "1264300000", "totalRevenue": "1933600000", "costOfRevenue": "669300000", "costofGoodsAndServicesSold": "669300000", "operatingIncome": "213500000", "sellingGeneralAndAdministrative": "1099900000", "researchAndDevelopment": "85900000", "operatingExpenses": "1348700000", "investmentIncomeNet": "None", "netInterestIncome": "None", "interestIncome": "None", "interestExpense": "90000000", "nonInterestIncome": "None", "otherNonOperatingIncome": "-12600000", "depreciation": "None", "depreciationAndAmortization": "284300000", "incomeBeforeTax": "133200000", "incomeTaxExpense": "6500000", "interestAndDebtExpense": "None", "netIncomeFromContinuingOperations": "105400000", "comprehensiveIncomeNetOfTax": "None", "ebit": "223200000", "ebitda": "507500000", "netIncome": "127000000"}, {"fiscalDateEnding": "2015-09-30", "reportedCurrency": "USD", "grossProfit": "1210100000", "totalRevenue": "1762200000", "costOfRevenue": "552100000", "costofGoodsAndServicesSold": "552100000", "operatingIncome": "116000000", "sellingGeneralAndAdministrative": "692300000", "researchAndDevelopment": "83300000", "operatingExpenses": "898200000", "investmentIncomeNet": "None", "netInterestIncome": "None", "interestIncome": "None", "interestExpense": "90800000", "nonInterestIncome": "None", "otherNonOperatingIncome": "6600000", "depreciation": "None", "depreciationAndAmortization": "239500000", "incomeBeforeTax": "31800000", "incomeTaxExpense": "9600000", "interestAndDebtExpense": "None", "netIncomeFromContinuingOperations": "22200000", "comprehensiveIncomeNetOfTax": "None", "ebit": "311900000", "ebitda": "551400000", "netIncome": "22200000"}, {"fiscalDateEnding": "2015-06-30", "reportedCurrency": "USD", "grossProfit": "877100000", "totalRevenue": "1167600000", "costOfRevenue": "290500000", "costofGoodsAndServicesSold": "290500000", "operatingIncome": "-129500000", "sellingGeneralAndAdministrative": "445100000", "researchAndDevelopment": "51400000", "operatingExpenses": "529500000", "investmentIncomeNet": "None", "netInterestIncome": "None", "interestIncome": "None", "interestExpense": "82700000", "nonInterestIncome": "None", "otherNonOperatingIncome": "-1500000", "depreciation": "None", "depreciationAndAmortization": "99600000", "incomeBeforeTax": "-213700000", "incomeTaxExpense": "-55500000", "interestAndDebtExpense": "None", "netIncomeFromContinuingOperations": "-158200000", "comprehensiveIncomeNetOfTax": "None", "ebit": "-229100000", "ebitda": "-129500000", "netIncome": "-158000000"}, {"fiscalDateEnding": "2015-03-31", "reportedCurrency": "USD", "grossProfit": "855700000", "totalRevenue": "1134400000", "costOfRevenue": "278700000", "costofGoodsAndServicesSold": "278700000", "operatingIncome": "274900000", "sellingGeneralAndAdministrative": "425000000", "researchAndDevelopment": "48400000", "operatingExpenses": "493800000", "investmentIncomeNet": "None", "netInterestIncome": "None", "interestIncome": "None", "interestExpense": "23100000", "nonInterestIncome": "None", "otherNonOperatingIncome": "-20000000", "depreciation": "None", "depreciationAndAmortization": "89000000", "incomeBeforeTax": "231800000", "incomeTaxExpense": "55000000", "interestAndDebtExpense": "None", "netIncomeFromContinuingOperations": "176800000", "comprehensiveIncomeNetOfTax": "None", "ebit": "249900000", "ebitda": "338900000", "netIncome": "177100000"}, {"fiscalDateEnding": "2014-12-31", "reportedCurrency": "USD", "grossProfit": "910000000", "totalRevenue": "1222900000", "costOfRevenue": "312900000", "costofGoodsAndServicesSold": "312900000", "operatingIncome": "225800000", "sellingGeneralAndAdministrative": "686400000", "researchAndDevelopment": "51100000", "operatingExpenses": "743500000", "investmentIncomeNet": "None", "netInterestIncome": "None", "interestIncome": "None", "interestExpense": "16000000", "nonInterestIncome": "None", "otherNonOperatingIncome": "-15600000", "depreciation": "None", "depreciationAndAmortization": "92600000", "incomeBeforeTax": "194200000", "incomeTaxExpense": "37700000", "interestAndDebtExpense": "None", "netIncomeFromContinuingOperations": "156500000", "comprehensiveIncomeNetOfTax": "None", "ebit": "210200000", "ebitda": "302800000", "netIncome": "156600000"}, {"fiscalDateEnding": "2014-09-30", "reportedCurrency": "USD", "grossProfit": "807700000", "totalRevenue": "1106000000", "costOfRevenue": "298300000", "costofGoodsAndServicesSold": "298300000", "operatingIncome": "251200000", "sellingGeneralAndAdministrative": "443500000", "researchAndDevelopment": "46100000", "operatingExpenses": "489600000", "investmentIncomeNet": "None", "netInterestIncome": "None", "interestIncome": "None", "interestExpense": "16300000", "nonInterestIncome": "None", "otherNonOperatingIncome": "-7500000", "depreciation": "None", "depreciationAndAmortization": "90900000", "incomeBeforeTax": "227400000", "incomeTaxExpense": "62100000", "interestAndDebtExpense": "None", "netIncomeFromContinuingOperations": "165300000", "comprehensiveIncomeNetOfTax": "None", "ebit": "246100000", "ebitda": "337000000", "netIncome": "165500000"}, {"fiscalDateEnding": "2014-06-30", "reportedCurrency": "USD", "grossProfit": "849700000", "totalRevenue": "1182900000", "costOfRevenue": "333200000", "costofGoodsAndServicesSold": "333200000", "operatingIncome": "259300000", "sellingGeneralAndAdministrative": "455800000", "researchAndDevelopment": "48100000", "operatingExpenses": "503900000", "investmentIncomeNet": "None", "netInterestIncome": "None", "interestIncome": "None", "interestExpense": "15800000", "nonInterestIncome": "None", "otherNonOperatingIncome": "-7100000", "depreciation": "None", "depreciationAndAmortization": "91300000", "incomeBeforeTax": "236400000", "incomeTaxExpense": "60300000", "interestAndDebtExpense": "None", "netIncomeFromContinuingOperations": "176100000", "comprehensiveIncomeNetOfTax": "None", "ebit": "252200000", "ebitda": "343500000", "netIncome": "176500000"}, {"fiscalDateEnding": "2014-03-31", "reportedCurrency": "USD", "grossProfit": "856100000", "totalRevenue": "1161500000", "costOfRevenue": "305400000", "costofGoodsAndServicesSold": "305400000", "operatingIncome": "298400000", "sellingGeneralAndAdministrative": "464300000", "researchAndDevelopment": "47500000", "operatingExpenses": "511800000", "investmentIncomeNet": "None", "netInterestIncome": "None", "interestIncome": "None", "interestExpense": "15000000", "nonInterestIncome": "None", "otherNonOperatingIncome": "2500000", "depreciation": "None", "depreciationAndAmortization": "101000000", "incomeBeforeTax": "285900000", "incomeTaxExpense": "64800000", "interestAndDebtExpense": "None", "netIncomeFromContinuingOperations": "221100000", "comprehensiveIncomeNetOfTax": "None", "ebit": "336700000", "ebitda": "437700000", "netIncome": "221500000"}, {"fiscalDateEnding": "2013-12-31", "reportedCurrency": "USD", "grossProfit": "899900000", "totalRevenue": "1240700000", "costOfRevenue": "340800000", "costofGoodsAndServicesSold": "340800000", "operatingIncome": "315300000", "sellingGeneralAndAdministrative": "477000000", "researchAndDevelopment": "46400000", "operatingExpenses": "523400000", "investmentIncomeNet": "None", "netInterestIncome": "None", "interestIncome": "None", "interestExpense": "16500000", "nonInterestIncome": "None", "otherNonOperatingIncome": "4200000", "depreciation": "None", "depreciationAndAmortization": "90100000", "incomeBeforeTax": "303000000", "incomeTaxExpense": "67600000", "interestAndDebtExpense": "None", "netIncomeFromContinuingOperations": "235400000", "comprehensiveIncomeNetOfTax": "None", "ebit": "319500000", "ebitda": "409600000", "netIncome": "235900000"}, {"fiscalDateEnding": "2013-09-30", "reportedCurrency": "USD", "grossProfit": "745500000", "totalRevenue": "1074300000", "costOfRevenue": "328800000", "costofGoodsAndServicesSold": "328800000", "operatingIncome": "211700000", "sellingGeneralAndAdministrative": "438000000", "researchAndDevelopment": "49400000", "operatingExpenses": "487400000", "investmentIncomeNet": "None", "netInterestIncome": "None", "interestIncome": "None", "interestExpense": "17100000", "nonInterestIncome": "None", "otherNonOperatingIncome": "3800000", "depreciation": "None", "depreciationAndAmortization": "91900000", "incomeBeforeTax": "198400000", "incomeTaxExpense": "44300000", "interestAndDebtExpense": "None", "netIncomeFromContinuingOperations": "154100000", "comprehensiveIncomeNetOfTax": "None", "ebit": "215500000", "ebitda": "307400000", "netIncome": "154400000"}, {"fiscalDateEnding": "2013-06-30", "reportedCurrency": "USD", "grossProfit": "845900000", "totalRevenue": "1169500000", "costOfRevenue": "323600000", "costofGoodsAndServicesSold": "323600000", "operatingIncome": "210400000", "sellingGeneralAndAdministrative": "458000000", "researchAndDevelopment": "54900000", "operatingExpenses": "512900000", "investmentIncomeNet": "None", "netInterestIncome": "None", "interestIncome": "None", "interestExpense": "18300000", "nonInterestIncome": "None", "otherNonOperatingIncome": "3900000", "depreciation": "None", "depreciationAndAmortization": "91400000", "incomeBeforeTax": "196000000", "incomeTaxExpense": "44300000", "interestAndDebtExpense": "None", "netIncomeFromContinuingOperations": "151700000", "comprehensiveIncomeNetOfTax": "None", "ebit": "214300000", "ebitda": "305700000", "netIncome": "152100000"}, {"fiscalDateEnding": "2013-03-31", "reportedCurrency": "USD", "grossProfit": "846000000", "totalRevenue": "1138900000", "costOfRevenue": "292900000", "costofGoodsAndServicesSold": "292900000", "operatingIncome": "298200000", "sellingGeneralAndAdministrative": "460800000", "researchAndDevelopment": "53500000", "operatingExpenses": "514300000", "investmentIncomeNet": "None", "netInterestIncome": "None", "interestIncome": "None", "interestExpense": "18200000", "nonInterestIncome": "None", "otherNonOperatingIncome": "3700000", "depreciation": "None", "depreciationAndAmortization": "85100000", "incomeBeforeTax": "283700000", "incomeTaxExpense": "65700000", "interestAndDebtExpense": "None", "netIncomeFromContinuingOperations": "218000000", "comprehensiveIncomeNetOfTax": "None", "ebit": "301900000", "ebitda": "387000000", "netIncome": "218600000"}, {"fiscalDateEnding": "2012-12-31", "reportedCurrency": "USD", "grossProfit": "881600000", "totalRevenue": "1180500000", "costOfRevenue": "298900000", "costofGoodsAndServicesSold": "298900000", "operatingIncome": "200500000", "sellingGeneralAndAdministrative": "565700000", "researchAndDevelopment": "55300000", "operatingExpenses": "625500000", "investmentIncomeNet": "None", "netInterestIncome": "None", "interestIncome": "None", "interestExpense": "18900000", "nonInterestIncome": "None", "otherNonOperatingIncome": "4900000", "depreciation": "None", "depreciationAndAmortization": "90200000", "incomeBeforeTax": "186500000", "incomeTaxExpense": "34200000", "interestAndDebtExpense": "None", "netIncomeFromContinuingOperations": "152300000", "comprehensiveIncomeNetOfTax": "None", "ebit": "205400000", "ebitda": "295600000", "netIncome": "152800000"}, {"fiscalDateEnding": "2012-09-30", "reportedCurrency": "USD", "grossProfit": "769800000", "totalRevenue": "1025500000", "costOfRevenue": "255700000", "costofGoodsAndServicesSold": "255700000", "operatingIncome": "249400000", "sellingGeneralAndAdministrative": "430000000", "researchAndDevelopment": "53500000", "operatingExpenses": "483500000", "investmentIncomeNet": "None", "netInterestIncome": "None", "interestIncome": "None", "interestExpense": "18300000", "nonInterestIncome": "None", "otherNonOperatingIncome": "3800000", "depreciation": "None", "depreciationAndAmortization": "82700000", "incomeBeforeTax": "234900000", "incomeTaxExpense": "57200000", "interestAndDebtExpense": "None", "netIncomeFromContinuingOperations": "177700000", "comprehensiveIncomeNetOfTax": "None", "ebit": "253200000", "ebitda": "335900000", "netIncome": "178100000"}, {"fiscalDateEnding": "2012-06-30", "reportedCurrency": "USD", "grossProfit": "843100000", "totalRevenue": "1125000000", "costOfRevenue": "281900000", "costofGoodsAndServicesSold": "281900000", "operatingIncome": "301900000", "sellingGeneralAndAdministrative": "453300000", "researchAndDevelopment": "57200000", "operatingExpenses": "510500000", "investmentIncomeNet": "None", "netInterestIncome": "None", "interestIncome": "None", "interestExpense": "18100000", "nonInterestIncome": "None", "otherNonOperatingIncome": "3800000", "depreciation": "None", "depreciationAndAmortization": "93400000", "incomeBeforeTax": "287600000", "incomeTaxExpense": "73600000", "interestAndDebtExpense": "None", "netIncomeFromContinuingOperations": "214000000", "comprehensiveIncomeNetOfTax": "None", "ebit": "305700000", "ebitda": "399100000", "netIncome": "214500000"}, {"fiscalDateEnding": "2012-03-31", "reportedCurrency": "USD", "grossProfit": "852000000", "totalRevenue": "1140700000", "costOfRevenue": "288700000", "costofGoodsAndServicesSold": "288700000", "operatingIncome": "295600000", "sellingGeneralAndAdministrative": "463300000", "researchAndDevelopment": "59600000", "operatingExpenses": "522900000", "investmentIncomeNet": "None", "netInterestIncome": "None", "interestIncome": "None", "interestExpense": "17600000", "nonInterestIncome": "None", "otherNonOperatingIncome": "3100000", "depreciation": "None", "depreciationAndAmortization": "96800000", "incomeBeforeTax": "281100000", "incomeTaxExpense": "72200000", "interestAndDebtExpense": "None", "netIncomeFromContinuingOperations": "208900000", "comprehensiveIncomeNetOfTax": "None", "ebit": "298700000", "ebitda": "395500000", "netIncome": "209600000"}, {"fiscalDateEnding": "2011-12-31", "reportedCurrency": "USD", "grossProfit": "864100000", "totalRevenue": "1167300000", "costOfRevenue": "303200000", "costofGoodsAndServicesSold": "303200000", "operatingIncome": "201200000", "sellingGeneralAndAdministrative": "569700000", "researchAndDevelopment": "65000000", "operatingExpenses": "634700000", "investmentIncomeNet": "None", "netInterestIncome": "None", "interestIncome": "None", "interestExpense": "77700000", "nonInterestIncome": "None", "otherNonOperatingIncome": "10100000", "depreciation": "None", "depreciationAndAmortization": "94300000", "incomeBeforeTax": "188500000", "incomeTaxExpense": "32400000", "interestAndDebtExpense": "None", "netIncomeFromContinuingOperations": "156100000", "comprehensiveIncomeNetOfTax": "None", "ebit": "164300000", "ebitda": "258600000", "netIncome": "156600000"}, {"fiscalDateEnding": "2011-09-30", "reportedCurrency": "USD", "grossProfit": "779600000", "totalRevenue": "1031500000", "costOfRevenue": "251900000", "costofGoodsAndServicesSold": "251900000", "operatingIncome": "266600000", "sellingGeneralAndAdministrative": "444000000", "researchAndDevelopment": "61000000", "operatingExpenses": "505000000", "investmentIncomeNet": "None", "netInterestIncome": "None", "interestIncome": "None", "interestExpense": "11700000", "nonInterestIncome": "None", "otherNonOperatingIncome": "None", "depreciation": "None", "depreciationAndAmortization": "90900000", "incomeBeforeTax": "254900000", "incomeTaxExpense": "63700000", "interestAndDebtExpense": "None", "netIncomeFromContinuingOperations": "191200000", "comprehensiveIncomeNetOfTax": "None", "ebit": "267900000", "ebitda": "358800000", "netIncome": "191500000"}, {"fiscalDateEnding": "2011-06-30", "reportedCurrency": "USD", "grossProfit": "849500000", "totalRevenue": "1137400000", "costOfRevenue": "287900000", "costofGoodsAndServicesSold": "287900000", "operatingIncome": "259100000", "sellingGeneralAndAdministrative": "519900000", "researchAndDevelopment": "57000000", "operatingExpenses": "576900000", "investmentIncomeNet": "None", "netInterestIncome": "None", "interestIncome": "None", "interestExpense": "9800000", "nonInterestIncome": "None", "otherNonOperatingIncome": "None", "depreciation": "None", "depreciationAndAmortization": "88600000", "incomeBeforeTax": "249300000", "incomeTaxExpense": "45500000", "interestAndDebtExpense": "None", "netIncomeFromContinuingOperations": "203800000", "comprehensiveIncomeNetOfTax": "None", "ebit": "262400000", "ebitda": "351000000", "netIncome": "203800000"}, {"fiscalDateEnding": "2011-03-31", "reportedCurrency": "USD", "grossProfit": "836600000", "totalRevenue": "1115600000", "costOfRevenue": "279000000", "costofGoodsAndServicesSold": "279000000", "operatingIncome": "297200000", "sellingGeneralAndAdministrative": "458300000", "researchAndDevelopment": "55600000", "operatingExpenses": "513900000", "investmentIncomeNet": "None", "netInterestIncome": "None", "interestIncome": "None", "interestExpense": "11000000", "nonInterestIncome": "None", "otherNonOperatingIncome": "None", "depreciation": "None", "depreciationAndAmortization": "86100000", "incomeBeforeTax": "286200000", "incomeTaxExpense": "77300000", "interestAndDebtExpense": "None", "netIncomeFromContinuingOperations": "208900000", "comprehensiveIncomeNetOfTax": "None", "ebit": "299200000", "ebitda": "385300000", "netIncome": "208900000"}, {"fiscalDateEnding": "2010-12-31", "reportedCurrency": "USD", "grossProfit": "860500000", "totalRevenue": "1134700000", "costOfRevenue": "274200000", "costofGoodsAndServicesSold": "274200000", "operatingIncome": "122900000", "sellingGeneralAndAdministrative": "461100000", "researchAndDevelopment": "56900000", "operatingExpenses": "518000000", "investmentIncomeNet": "None", "netInterestIncome": "None", "interestIncome": "None", "interestExpense": "13400000", "nonInterestIncome": "None", "otherNonOperatingIncome": "None", "depreciation": "None", "depreciationAndAmortization": "90700000", "incomeBeforeTax": "109500000", "incomeTaxExpense": "74600000", "interestAndDebtExpense": "None", "netIncomeFromContinuingOperations": "34900000", "comprehensiveIncomeNetOfTax": "None", "ebit": "342500000", "ebitda": "433200000", "netIncome": "34900000"}, {"fiscalDateEnding": "2010-09-30", "reportedCurrency": "USD", "grossProfit": "745800000", "totalRevenue": "965000000", "costOfRevenue": "219200000", "costofGoodsAndServicesSold": "219200000", "operatingIncome": "271600000", "sellingGeneralAndAdministrative": "411600000", "researchAndDevelopment": "57600000", "operatingExpenses": "469200000", "investmentIncomeNet": "None", "netInterestIncome": "None", "interestIncome": "None", "interestExpense": "14200000", "nonInterestIncome": "None", "otherNonOperatingIncome": "None", "depreciation": "None", "depreciationAndAmortization": "83700000", "incomeBeforeTax": "257400000", "incomeTaxExpense": "66300000", "interestAndDebtExpense": "None", "netIncomeFromContinuingOperations": "191100000", "comprehensiveIncomeNetOfTax": "None", "ebit": "276600000", "ebitda": "360300000", "netIncome": "191100000"}, {"fiscalDateEnding": "2010-06-30", "reportedCurrency": "USD", "grossProfit": "807100000", "totalRevenue": "1057700000", "costOfRevenue": "250600000", "costofGoodsAndServicesSold": "250600000", "operatingIncome": "228100000", "sellingGeneralAndAdministrative": "512400000", "researchAndDevelopment": "55100000", "operatingExpenses": "567500000", "investmentIncomeNet": "None", "netInterestIncome": "None", "interestIncome": "None", "interestExpense": "14300000", "nonInterestIncome": "None", "otherNonOperatingIncome": "None", "depreciation": "None", "depreciationAndAmortization": "80900000", "incomeBeforeTax": "213800000", "incomeTaxExpense": "48300000", "interestAndDebtExpense": "None", "netIncomeFromContinuingOperations": "165500000", "comprehensiveIncomeNetOfTax": "None", "ebit": "239600000", "ebitda": "320500000", "netIncome": "165500000"}, {"fiscalDateEnding": "2010-03-31", "reportedCurrency": "USD", "grossProfit": "794400000", "totalRevenue": "1062800000", "costOfRevenue": "268400000", "costofGoodsAndServicesSold": "268400000", "operatingIncome": "294100000", "sellingGeneralAndAdministrative": "446700000", "researchAndDevelopment": "51000000", "operatingExpenses": "497700000", "investmentIncomeNet": "None", "netInterestIncome": "None", "interestIncome": "None", "interestExpense": "14600000", "nonInterestIncome": "None", "otherNonOperatingIncome": "None", "depreciation": "None", "depreciationAndAmortization": "84900000", "incomeBeforeTax": "279500000", "incomeTaxExpense": "74100000", "interestAndDebtExpense": "None", "netIncomeFromContinuingOperations": "205400000", "comprehensiveIncomeNetOfTax": "None", "ebit": "296700000", "ebitda": "381600000", "netIncome": "205400000"}, {"fiscalDateEnding": "2009-12-31", "reportedCurrency": "USD", "grossProfit": "832900000", "totalRevenue": "1107300000", "costOfRevenue": "274400000", "costofGoodsAndServicesSold": "274400000", "operatingIncome": "238500000", "sellingGeneralAndAdministrative": "460200000", "researchAndDevelopment": "51600000", "operatingExpenses": "511800000", "investmentIncomeNet": "None", "netInterestIncome": "None", "interestIncome": "None", "interestExpense": "11400000", "nonInterestIncome": "None", "otherNonOperatingIncome": "None", "depreciation": "None", "depreciationAndAmortization": "87800000", "incomeBeforeTax": "229800000", "incomeTaxExpense": "74600000", "interestAndDebtExpense": "None", "netIncomeFromContinuingOperations": "0", "comprehensiveIncomeNetOfTax": "None", "ebit": "321100000", "ebitda": "408900000", "netIncome": "155200000"}, {"fiscalDateEnding": "2009-09-30", "reportedCurrency": "USD", "grossProfit": "726300000", "totalRevenue": "975600000", "costOfRevenue": "249300000", "costofGoodsAndServicesSold": "249300000", "operatingIncome": "204000000", "sellingGeneralAndAdministrative": "448000000", "researchAndDevelopment": "52100000", "operatingExpenses": "500100000", "investmentIncomeNet": "None", "netInterestIncome": "None", "interestIncome": "None", "interestExpense": "4200000", "nonInterestIncome": "None", "otherNonOperatingIncome": "None", "depreciation": "None", "depreciationAndAmortization": "88200000", "incomeBeforeTax": "199800000", "incomeTaxExpense": "49900000", "interestAndDebtExpense": "None", "netIncomeFromContinuingOperations": "149900000", "comprehensiveIncomeNetOfTax": "None", "ebit": "226200000", "ebitda": "314400000", "netIncome": "149900000"}, {"fiscalDateEnding": "2009-06-30", "reportedCurrency": "USD", "grossProfit": "783100000", "totalRevenue": "1019900000", "costOfRevenue": "236800000", "costofGoodsAndServicesSold": "236800000", "operatingIncome": "296500000", "sellingGeneralAndAdministrative": "400200000", "researchAndDevelopment": "49900000", "operatingExpenses": "450100000", "investmentIncomeNet": "None", "netInterestIncome": "None", "interestIncome": "None", "interestExpense": "4000000", "nonInterestIncome": "None", "otherNonOperatingIncome": "None", "depreciation": "None", "depreciationAndAmortization": "81800000", "incomeBeforeTax": "292500000", "incomeTaxExpense": "82400000", "interestAndDebtExpense": "None", "netIncomeFromContinuingOperations": "0", "comprehensiveIncomeNetOfTax": "None", "ebit": "300900000", "ebitda": "382700000", "netIncome": "210100000"}, {"fiscalDateEnding": "2009-03-31", "reportedCurrency": "USD", "grossProfit": "762300000", "totalRevenue": "992600000", "costOfRevenue": "230300000", "costofGoodsAndServicesSold": "230300000", "operatingIncome": "279800000", "sellingGeneralAndAdministrative": "423700000", "researchAndDevelopment": "51800000", "operatingExpenses": "475500000", "investmentIncomeNet": "None", "netInterestIncome": "None", "interestIncome": "None", "interestExpense": "3700000", "nonInterestIncome": "None", "otherNonOperatingIncome": "None", "depreciation": "None", "depreciationAndAmortization": "79600000", "incomeBeforeTax": "276100000", "incomeTaxExpense": "73900000", "interestAndDebtExpense": "None", "netIncomeFromContinuingOperations": "0", "comprehensiveIncomeNetOfTax": "None", "ebit": "286800000", "ebitda": "366400000", "netIncome": "202200000"}, {"fiscalDateEnding": "2008-12-31", "reportedCurrency": "USD", "grossProfit": "787100000", "totalRevenue": "1030200000", "costOfRevenue": "243100000", "costofGoodsAndServicesSold": "243100000", "operatingIncome": "239700000", "sellingGeneralAndAdministrative": "504600000", "researchAndDevelopment": "47200000", "operatingExpenses": "504300000", "investmentIncomeNet": "None", "netInterestIncome": "None", "interestIncome": "None", "interestExpense": "43000000", "nonInterestIncome": "None", "otherNonOperatingIncome": "None", "depreciation": "None", "depreciationAndAmortization": "79100000", "incomeBeforeTax": "235500000", "incomeTaxExpense": "67900000", "interestAndDebtExpense": "None", "netIncomeFromContinuingOperations": "0", "comprehensiveIncomeNetOfTax": "None", "ebit": "282800000", "ebitda": "361900000", "netIncome": "167500000"}, {"fiscalDateEnding": "2008-09-30", "reportedCurrency": "USD", "grossProfit": "715000000", "totalRevenue": "952200000", "costOfRevenue": "237200000", "costofGoodsAndServicesSold": "237200000", "operatingIncome": "210300000", "sellingGeneralAndAdministrative": "404900000", "researchAndDevelopment": "46700000", "operatingExpenses": "499100000", "investmentIncomeNet": "None", "netInterestIncome": "None", "interestIncome": "None", "interestExpense": "30800000", "nonInterestIncome": "None", "otherNonOperatingIncome": "None", "depreciation": "None", "depreciationAndAmortization": "66800000", "incomeBeforeTax": "238500000", "incomeTaxExpense": "23500000", "interestAndDebtExpense": "None", "netIncomeFromContinuingOperations": "0", "comprehensiveIncomeNetOfTax": "None", "ebit": "215900000", "ebitda": "282700000", "netIncome": "214700000"}, {"fiscalDateEnding": "2008-06-30", "reportedCurrency": "USD", "grossProfit": "817200000", "totalRevenue": "1079500000", "costOfRevenue": "262300000", "costofGoodsAndServicesSold": "262300000", "operatingIncome": "308400000", "sellingGeneralAndAdministrative": "446200000", "researchAndDevelopment": "50100000", "operatingExpenses": "496300000", "investmentIncomeNet": "None", "netInterestIncome": "None", "interestIncome": "None", "interestExpense": "18500000", "nonInterestIncome": "None", "otherNonOperatingIncome": "None", "depreciation": "None", "depreciationAndAmortization": "67400000", "incomeBeforeTax": "315200000", "incomeTaxExpense": "87800000", "interestAndDebtExpense": "None", "netIncomeFromContinuingOperations": "0", "comprehensiveIncomeNetOfTax": "None", "ebit": "320900000", "ebitda": "388300000", "netIncome": "227100000"}, {"fiscalDateEnding": "2008-03-31", "reportedCurrency": "USD", "grossProfit": "804500000", "totalRevenue": "1059200000", "costOfRevenue": "254700000", "costofGoodsAndServicesSold": "254700000", "operatingIncome": "331600000", "sellingGeneralAndAdministrative": "415600000", "researchAndDevelopment": "50000000", "operatingExpenses": "465600000", "investmentIncomeNet": "None", "netInterestIncome": "None", "interestIncome": "None", "interestExpense": "13800000", "nonInterestIncome": "None", "otherNonOperatingIncome": "None", "depreciation": "None", "depreciationAndAmortization": "61800000", "incomeBeforeTax": "332600000", "incomeTaxExpense": "93100000", "interestAndDebtExpense": "None", "netIncomeFromContinuingOperations": "0", "comprehensiveIncomeNetOfTax": "None", "ebit": "338900000", "ebitda": "400700000", "netIncome": "239300000"}, {"fiscalDateEnding": "2007-12-31", "reportedCurrency": "USD", "grossProfit": "819600000", "totalRevenue": "1073500000", "costOfRevenue": "253900000", "costofGoodsAndServicesSold": "253900000", "operatingIncome": "351900000", "sellingGeneralAndAdministrative": "401200000", "researchAndDevelopment": "50800000", "operatingExpenses": "452000000", "investmentIncomeNet": "None", "netInterestIncome": "None", "interestIncome": "None", "interestExpense": "30500000", "nonInterestIncome": "None", "otherNonOperatingIncome": "None", "depreciation": "None", "depreciationAndAmortization": "62400000", "incomeBeforeTax": "353000000", "incomeTaxExpense": "89000000", "interestAndDebtExpense": "None", "netIncomeFromContinuingOperations": "0", "comprehensiveIncomeNetOfTax": "None", "ebit": "367600000", "ebitda": "430000000", "netIncome": "263800000"}, {"fiscalDateEnding": "2007-09-30", "reportedCurrency": "USD", "grossProfit": "704000000", "totalRevenue": "903200000", "costOfRevenue": "199200000", "costofGoodsAndServicesSold": "199200000", "operatingIncome": "126000000", "sellingGeneralAndAdministrative": "352600000", "researchAndDevelopment": "53000000", "operatingExpenses": "575100000", "investmentIncomeNet": "None", "netInterestIncome": "None", "interestIncome": "None", "interestExpense": "173400000", "nonInterestIncome": "None", "otherNonOperatingIncome": "None", "depreciation": "None", "depreciationAndAmortization": "58200000", "incomeBeforeTax": "127800000", "incomeTaxExpense": "83400000", "interestAndDebtExpense": "None", "netIncomeFromContinuingOperations": "0", "comprehensiveIncomeNetOfTax": "None", "ebit": "128900000", "ebitda": "187100000", "netIncome": "44500000"}, {"fiscalDateEnding": "2007-06-30", "reportedCurrency": "USD", "grossProfit": "754200000", "totalRevenue": "970600000", "costOfRevenue": "216400000", "costofGoodsAndServicesSold": "216400000", "operatingIncome": "322500000", "sellingGeneralAndAdministrative": "374300000", "researchAndDevelopment": "53500000", "operatingExpenses": "427800000", "investmentIncomeNet": "None", "netInterestIncome": "None", "interestIncome": "None", "interestExpense": "6600000", "nonInterestIncome": "None", "otherNonOperatingIncome": "None", "depreciation": "None", "depreciationAndAmortization": "56000000", "incomeBeforeTax": "323800000", "incomeTaxExpense": "92200000", "interestAndDebtExpense": "None", "netIncomeFromContinuingOperations": "0", "comprehensiveIncomeNetOfTax": "None", "ebit": "326400000", "ebitda": "382400000", "netIncome": "231500000"}, {"fiscalDateEnding": "2007-03-31", "reportedCurrency": "USD", "grossProfit": "743800000", "totalRevenue": "950200000", "costOfRevenue": "206400000", "costofGoodsAndServicesSold": "206400000", "operatingIncome": "327200000", "sellingGeneralAndAdministrative": "361600000", "researchAndDevelopment": "52300000", "operatingExpenses": "413900000", "investmentIncomeNet": "None", "netInterestIncome": "None", "interestIncome": "None", "interestExpense": "5900000", "nonInterestIncome": "None", "otherNonOperatingIncome": "None", "depreciation": "None", "depreciationAndAmortization": "53400000", "incomeBeforeTax": "327000000", "incomeTaxExpense": "93300000", "interestAndDebtExpense": "None", "netIncomeFromContinuingOperations": "0", "comprehensiveIncomeNetOfTax": "None", "ebit": "329900000", "ebitda": "383300000", "netIncome": "233400000"}, {"fiscalDateEnding": "2006-12-31", "reportedCurrency": "USD", "grossProfit": "726100000", "totalRevenue": "933600000", "costOfRevenue": "207500000", "costofGoodsAndServicesSold": "207500000", "operatingIncome": "338300000", "sellingGeneralAndAdministrative": "345600000", "researchAndDevelopment": "45600000", "operatingExpenses": "391200000", "investmentIncomeNet": "None", "netInterestIncome": "None", "interestIncome": "None", "interestExpense": "8200000", "nonInterestIncome": "None", "otherNonOperatingIncome": "None", "depreciation": "None", "depreciationAndAmortization": "52600000", "incomeBeforeTax": "339800000", "incomeTaxExpense": "95000000", "interestAndDebtExpense": "None", "netIncomeFromContinuingOperations": "0", "comprehensiveIncomeNetOfTax": "None", "ebit": "334900000", "ebitda": "387500000", "netIncome": "244700000"}, {"fiscalDateEnding": "2006-09-30", "reportedCurrency": "USD", "grossProfit": "636600000", "totalRevenue": "819800000", "costOfRevenue": "183200000", "costofGoodsAndServicesSold": "183200000", "operatingIncome": "254500000", "sellingGeneralAndAdministrative": "330400000", "researchAndDevelopment": "46700000", "operatingExpenses": "377100000", "investmentIncomeNet": "None", "netInterestIncome": "None", "interestIncome": "None", "interestExpense": "9300000", "nonInterestIncome": "None", "otherNonOperatingIncome": "None", "depreciation": "None", "depreciationAndAmortization": "51300000", "incomeBeforeTax": "255100000", "incomeTaxExpense": "71900000", "interestAndDebtExpense": "None", "netIncomeFromContinuingOperations": "0", "comprehensiveIncomeNetOfTax": "None", "ebit": "259500000", "ebitda": "310800000", "netIncome": "183300000"}, {"fiscalDateEnding": "2006-06-30", "reportedCurrency": "USD", "grossProfit": "681600000", "totalRevenue": "881600000", "costOfRevenue": "200000000", "costofGoodsAndServicesSold": "200000000", "operatingIncome": "281900000", "sellingGeneralAndAdministrative": "344800000", "researchAndDevelopment": "48600000", "operatingExpenses": "393400000", "investmentIncomeNet": "None", "netInterestIncome": "None", "interestIncome": "None", "interestExpense": "11600000", "nonInterestIncome": "None", "otherNonOperatingIncome": "None", "depreciation": "None", "depreciationAndAmortization": "47300000", "incomeBeforeTax": "283100000", "incomeTaxExpense": "82000000", "interestAndDebtExpense": "None", "netIncomeFromContinuingOperations": "0", "comprehensiveIncomeNetOfTax": "None", "ebit": "288200000", "ebitda": "335500000", "netIncome": "200900000"}, {"fiscalDateEnding": "2006-03-31", "reportedCurrency": "USD", "grossProfit": "671000000", "totalRevenue": "860400000", "costOfRevenue": "189400000", "costofGoodsAndServicesSold": "189400000", "operatingIncome": "290500000", "sellingGeneralAndAdministrative": "334900000", "researchAndDevelopment": "47400000", "operatingExpenses": "382300000", "investmentIncomeNet": "None", "netInterestIncome": "None", "interestIncome": "None", "interestExpense": "3800000", "nonInterestIncome": "None", "otherNonOperatingIncome": "None", "depreciation": "None", "depreciationAndAmortization": "46200000", "incomeBeforeTax": "291000000", "incomeTaxExpense": "85100000", "interestAndDebtExpense": "None", "netIncomeFromContinuingOperations": "0", "comprehensiveIncomeNetOfTax": "None", "ebit": "288700000", "ebitda": "334900000", "netIncome": "205600000"}, {"fiscalDateEnding": "2005-12-31", "reportedCurrency": "USD", "grossProfit": "662500000", "totalRevenue": "848300000", "costOfRevenue": "185800000", "costofGoodsAndServicesSold": "185800000", "operatingIncome": "281000000", "sellingGeneralAndAdministrative": "313700000", "researchAndDevelopment": "45900000", "operatingExpenses": "359600000", "investmentIncomeNet": "None", "netInterestIncome": "None", "interestIncome": "None", "interestExpense": "44900000", "nonInterestIncome": "None", "otherNonOperatingIncome": "None", "depreciation": "None", "depreciationAndAmortization": "49700000", "incomeBeforeTax": "280200000", "incomeTaxExpense": "80300000", "interestAndDebtExpense": "None", "netIncomeFromContinuingOperations": "0", "comprehensiveIncomeNetOfTax": "None", "ebit": "302900000", "ebitda": "352600000", "netIncome": "199600000"}, {"fiscalDateEnding": "2005-09-30", "reportedCurrency": "USD", "grossProfit": "588000000", "totalRevenue": "762500000", "costOfRevenue": "174500000", "costofGoodsAndServicesSold": "174500000", "operatingIncome": "240600000", "sellingGeneralAndAdministrative": "295800000", "researchAndDevelopment": "43900000", "operatingExpenses": "339700000", "investmentIncomeNet": "None", "netInterestIncome": "None", "interestIncome": "None", "interestExpense": "17700000", "nonInterestIncome": "None", "otherNonOperatingIncome": "None", "depreciation": "None", "depreciationAndAmortization": "45600000", "incomeBeforeTax": "238500000", "incomeTaxExpense": "69700000", "interestAndDebtExpense": "None", "netIncomeFromContinuingOperations": "0", "comprehensiveIncomeNetOfTax": "None", "ebit": "248300000", "ebitda": "293900000", "netIncome": "168600000"}, {"fiscalDateEnding": "2005-06-30", "reportedCurrency": "USD", "grossProfit": "658000000", "totalRevenue": "846800000", "costOfRevenue": "188800000", "costofGoodsAndServicesSold": "188800000", "operatingIncome": "275800000", "sellingGeneralAndAdministrative": "328500000", "researchAndDevelopment": "43600000", "operatingExpenses": "372100000", "investmentIncomeNet": "None", "netInterestIncome": "None", "interestIncome": "None", "interestExpense": "24600000", "nonInterestIncome": "None", "otherNonOperatingIncome": "None", "depreciation": "None", "depreciationAndAmortization": "45300000", "incomeBeforeTax": "271600000", "incomeTaxExpense": "80700000", "interestAndDebtExpense": "None", "netIncomeFromContinuingOperations": "0", "comprehensiveIncomeNetOfTax": "None", "ebit": "285900000", "ebitda": "331200000", "netIncome": "190700000"}, {"fiscalDateEnding": "2005-03-31", "reportedCurrency": "USD", "grossProfit": "638200000", "totalRevenue": "828500000", "costOfRevenue": "190300000", "costofGoodsAndServicesSold": "190300000", "operatingIncome": "257600000", "sellingGeneralAndAdministrative": "321600000", "researchAndDevelopment": "42100000", "operatingExpenses": "363700000", "investmentIncomeNet": "None", "netInterestIncome": "None", "interestIncome": "None", "interestExpense": "41200000", "nonInterestIncome": "None", "otherNonOperatingIncome": "None", "depreciation": "None", "depreciationAndAmortization": "45100000", "incomeBeforeTax": "250400000", "incomeTaxExpense": "76600000", "interestAndDebtExpense": "None", "netIncomeFromContinuingOperations": "0", "comprehensiveIncomeNetOfTax": "None", "ebit": "274500000", "ebitda": "319600000", "netIncome": "173600000"}, {"fiscalDateEnding": "2004-12-31", "reportedCurrency": "USD", "grossProfit": "611700000", "totalRevenue": "801100000", "costOfRevenue": "189400000", "costofGoodsAndServicesSold": "189400000", "operatingIncome": "241600000", "sellingGeneralAndAdministrative": "308700000", "researchAndDevelopment": "47300000", "operatingExpenses": "356000000", "investmentIncomeNet": "None", "netInterestIncome": "None", "interestIncome": "None", "interestExpense": "34400000", "nonInterestIncome": "None", "otherNonOperatingIncome": "None", "depreciation": "None", "depreciationAndAmortization": "46700000", "incomeBeforeTax": "235700000", "incomeTaxExpense": "35400000", "interestAndDebtExpense": "None", "netIncomeFromContinuingOperations": "0", "comprehensiveIncomeNetOfTax": "None", "ebit": "255700000", "ebitda": "302400000", "netIncome": "200000000"}]}