{"symbol": "BRO", "annualReports": [{"fiscalDateEnding": "2024-12-31", "reportedCurrency": "USD", "grossProfit": "2299000000", "totalRevenue": "4705000000", "costOfRevenue": "2406000000", "costofGoodsAndServicesSold": "2406000000", "operatingIncome": "1367000000", "sellingGeneralAndAdministrative": "None", "researchAndDevelopment": "None", "operatingExpenses": "932000000", "investmentIncomeNet": "None", "netInterestIncome": "-201000000", "interestIncome": "None", "interestExpense": "201000000", "nonInterestIncome": "None", "otherNonOperatingIncome": "None", "depreciation": "None", "depreciationAndAmortization": "222000000", "incomeBeforeTax": "1303000000", "incomeTaxExpense": "301000000", "interestAndDebtExpense": "None", "netIncomeFromContinuingOperations": "1002000000", "comprehensiveIncomeNetOfTax": "None", "ebit": "1504000000", "ebitda": "1726000000", "netIncome": "993000000"}, {"fiscalDateEnding": "2023-12-31", "reportedCurrency": "USD", "grossProfit": "1420600000", "totalRevenue": "4257100000", "costOfRevenue": "2836500000", "costofGoodsAndServicesSold": "2836500000", "operatingIncome": "1146100000", "sellingGeneralAndAdministrative": "None", "researchAndDevelopment": "0.27", "operatingExpenses": "2948400000", "investmentIncomeNet": "None", "netInterestIncome": "-195400000", "interestIncome": "None", "interestExpense": "195400000", "nonInterestIncome": "None", "otherNonOperatingIncome": "None", "depreciation": "None", "depreciationAndAmortization": "206000000", "incomeBeforeTax": "1146100000", "incomeTaxExpense": "275600000", "interestAndDebtExpense": "None", "netIncomeFromContinuingOperations": "747000000", "comprehensiveIncomeNetOfTax": "None", "ebit": "1276100000", "ebitda": "1146100000", "netIncome": "870500000"}, {"fiscalDateEnding": "2022-12-31", "reportedCurrency": "USD", "grossProfit": "1756500000", "totalRevenue": "3573400000", "costOfRevenue": "1816900000", "costofGoodsAndServicesSold": "1816900000", "operatingIncome": "973900000", "sellingGeneralAndAdministrative": "1816900000", "researchAndDevelopment": "0.25", "operatingExpenses": "782600000", "investmentIncomeNet": "None", "netInterestIncome": "-141200000", "interestIncome": "141200000", "interestExpense": "141200000", "nonInterestIncome": "None", "otherNonOperatingIncome": "None", "depreciation": "None", "depreciationAndAmortization": "2525800000", "incomeBeforeTax": "876100000", "incomeTaxExpense": "204300000", "interestAndDebtExpense": "None", "netIncomeFromContinuingOperations": "671800000", "comprehensiveIncomeNetOfTax": "None", "ebit": "1046100000", "ebitda": "1159700000", "netIncome": "671800000"}, {"fiscalDateEnding": "2021-12-31", "reportedCurrency": "USD", "grossProfit": "1410600000", "totalRevenue": "3047500000", "costOfRevenue": "1636900000", "costofGoodsAndServicesSold": "1636900000", "operatingIncome": "857500000", "sellingGeneralAndAdministrative": "2080297000", "researchAndDevelopment": "0.25", "operatingExpenses": "555900000", "investmentIncomeNet": "None", "netInterestIncome": "-65000000", "interestIncome": "64981000", "interestExpense": "65000000", "nonInterestIncome": "None", "otherNonOperatingIncome": "None", "depreciation": "None", "depreciationAndAmortization": "2122054000", "incomeBeforeTax": "762800000", "incomeTaxExpense": "175700000", "interestAndDebtExpense": "None", "netIncomeFromContinuingOperations": "587100000", "comprehensiveIncomeNetOfTax": "None", "ebit": "919744000", "ebitda": "1010400000", "netIncome": "587100000"}, {"fiscalDateEnding": "2020-12-31", "reportedCurrency": "USD", "grossProfit": "1169700000", "totalRevenue": "2606100000", "costOfRevenue": "1436400000", "costofGoodsAndServicesSold": "1436400000", "operatingIncome": "673400000", "sellingGeneralAndAdministrative": "1797892000", "researchAndDevelopment": "0.24", "operatingExpenses": "500800000", "investmentIncomeNet": "None", "netInterestIncome": "-59000000", "interestIncome": "59000000", "interestExpense": "59000000", "nonInterestIncome": "None", "otherNonOperatingIncome": "None", "depreciation": "None", "depreciationAndAmortization": "1937149000", "incomeBeforeTax": "624100000", "incomeTaxExpense": "143600000", "interestAndDebtExpense": "None", "netIncomeFromContinuingOperations": "480483000", "comprehensiveIncomeNetOfTax": "None", "ebit": "673839000", "ebitda": "808200000", "netIncome": "480500000"}, {"fiscalDateEnding": "2019-12-31", "reportedCurrency": "USD", "grossProfit": "1076500000", "totalRevenue": "2384700000", "costOfRevenue": "1308200000", "costofGoodsAndServicesSold": "1308200000", "operatingIncome": "572400000", "sellingGeneralAndAdministrative": "1683888000", "researchAndDevelopment": "0.22", "operatingExpenses": "505800000", "investmentIncomeNet": "None", "netInterestIncome": "-63660000", "interestIncome": "63660000", "interestExpense": "63700000", "nonInterestIncome": "None", "otherNonOperatingIncome": "None", "depreciation": "None", "depreciationAndAmortization": "1813969000", "incomeBeforeTax": "525900000", "incomeTaxExpense": "127400000", "interestAndDebtExpense": "None", "netIncomeFromContinuingOperations": "398514000", "comprehensiveIncomeNetOfTax": "None", "ebit": "-1112832000", "ebitda": "701137000", "netIncome": "398500000"}, {"fiscalDateEnding": "2018-12-31", "reportedCurrency": "USD", "grossProfit": "941000000", "totalRevenue": "2009900000", "costOfRevenue": "1068900000", "costofGoodsAndServicesSold": "1068900000", "operatingIncome": "499447000", "sellingGeneralAndAdministrative": "1434551000", "researchAndDevelopment": "0.23", "operatingExpenses": "441400000", "investmentIncomeNet": "None", "netInterestIncome": "-40580000", "interestIncome": "40580000", "interestExpense": "40600000", "nonInterestIncome": "None", "otherNonOperatingIncome": "None", "depreciation": "None", "depreciationAndAmortization": "1510410000", "incomeBeforeTax": "462500000", "incomeTaxExpense": "118200000", "interestAndDebtExpense": "None", "netIncomeFromContinuingOperations": "344255000", "comprehensiveIncomeNetOfTax": "None", "ebit": "-901585000", "ebitda": "608825000", "netIncome": "344300000"}, {"fiscalDateEnding": "2017-12-31", "reportedCurrency": "USD", "grossProfit": "862600000", "totalRevenue": "1857300000", "costOfRevenue": "994700000", "costofGoodsAndServicesSold": "994700000", "operatingIncome": "471004000", "sellingGeneralAndAdministrative": "1308753000", "researchAndDevelopment": "0.24", "operatingExpenses": "391600000", "investmentIncomeNet": "None", "netInterestIncome": "-38316000", "interestIncome": "38316000", "interestExpense": "38300000", "nonInterestIncome": "None", "otherNonOperatingIncome": "None", "depreciation": "None", "depreciationAndAmortization": "1386266000", "incomeBeforeTax": "449700000", "incomeTaxExpense": "50100000", "interestAndDebtExpense": "None", "netIncomeFromContinuingOperations": "399630000", "comprehensiveIncomeNetOfTax": "None", "ebit": "-807118000", "ebitda": "579148000", "netIncome": "399600000"}, {"fiscalDateEnding": "2016-12-31", "reportedCurrency": "USD", "grossProfit": "837700000", "totalRevenue": "1762800000", "costOfRevenue": "925100000", "costofGoodsAndServicesSold": "925100000", "operatingIncome": "467032000", "sellingGeneralAndAdministrative": "1204141000", "researchAndDevelopment": "0.24", "operatingExpenses": "370600000", "investmentIncomeNet": "None", "netInterestIncome": "-39481000", "interestIncome": "39481000", "interestExpense": "39500000", "nonInterestIncome": "None", "otherNonOperatingIncome": "None", "depreciation": "None", "depreciationAndAmortization": "1295755000", "incomeBeforeTax": "423500000", "incomeTaxExpense": "166000000", "interestAndDebtExpense": "None", "netIncomeFromContinuingOperations": "257491000", "comprehensiveIncomeNetOfTax": "None", "ebit": "-721057000", "ebitda": "574698000", "netIncome": "257500000"}, {"fiscalDateEnding": "2015-12-31", "reportedCurrency": "USD", "grossProfit": "815600000", "totalRevenue": "1657000000", "costOfRevenue": "841400000", "costofGoodsAndServicesSold": "841400000", "operatingIncome": "440633000", "sellingGeneralAndAdministrative": "15500000", "researchAndDevelopment": "0", "operatingExpenses": "374800000", "investmentIncomeNet": "None", "netInterestIncome": "None", "interestIncome": "39248000", "interestExpense": "39200000", "nonInterestIncome": "None", "otherNonOperatingIncome": "None", "depreciation": "None", "depreciationAndAmortization": "108300000", "incomeBeforeTax": "402800000", "incomeTaxExpense": "159200000", "interestAndDebtExpense": "None", "netIncomeFromContinuingOperations": "243318000", "comprehensiveIncomeNetOfTax": "None", "ebit": "440644000", "ebitda": "548944000", "netIncome": "243600000"}, {"fiscalDateEnding": "2014-12-31", "reportedCurrency": "USD", "grossProfit": "775800000", "totalRevenue": "1567500000", "costOfRevenue": "791700000", "costofGoodsAndServicesSold": "791700000", "operatingIncome": "417184000", "sellingGeneralAndAdministrative": "19300000", "researchAndDevelopment": "0", "operatingExpenses": "358400000", "investmentIncomeNet": "None", "netInterestIncome": "None", "interestIncome": "None", "interestExpense": "28400000", "nonInterestIncome": "None", "otherNonOperatingIncome": "None", "depreciation": "None", "depreciationAndAmortization": "103800000", "incomeBeforeTax": "339900000", "incomeTaxExpense": "132900000", "interestAndDebtExpense": "None", "netIncomeFromContinuingOperations": "206896000", "comprehensiveIncomeNetOfTax": "None", "ebit": "417220000", "ebitda": "521020000", "netIncome": "207000000"}, {"fiscalDateEnding": "2013-12-31", "reportedCurrency": "USD", "grossProfit": "672503000", "totalRevenue": "1355503000", "costOfRevenue": "683000000", "costofGoodsAndServicesSold": "683000000", "operatingIncome": "368806000", "sellingGeneralAndAdministrative": "22603000", "researchAndDevelopment": "0", "operatingExpenses": "303697000", "investmentIncomeNet": "None", "netInterestIncome": "None", "interestIncome": "None", "interestExpense": "16440000", "nonInterestIncome": "None", "otherNonOperatingIncome": "None", "depreciation": "None", "depreciationAndAmortization": "85417000", "incomeBeforeTax": "357609000", "incomeTaxExpense": "140497000", "interestAndDebtExpense": "None", "netIncomeFromContinuingOperations": "217112000", "comprehensiveIncomeNetOfTax": "None", "ebit": "368806000", "ebitda": "454223000", "netIncome": "217112000"}, {"fiscalDateEnding": "2012-12-31", "reportedCurrency": "USD", "grossProfit": "591526000", "totalRevenue": "1200032000", "costOfRevenue": "608506000", "costofGoodsAndServicesSold": "608506000", "operatingIncome": "311375000", "sellingGeneralAndAdministrative": "624371000", "researchAndDevelopment": "0", "operatingExpenses": "879124000", "investmentIncomeNet": "None", "netInterestIncome": "None", "interestIncome": "None", "interestExpense": "16097000", "nonInterestIncome": "None", "otherNonOperatingIncome": "None", "depreciation": "None", "depreciationAndAmortization": "78946000", "incomeBeforeTax": "304811000", "incomeTaxExpense": "120766000", "interestAndDebtExpense": "None", "netIncomeFromContinuingOperations": "184045000", "comprehensiveIncomeNetOfTax": "None", "ebit": "318175000", "ebitda": "397121000", "netIncome": "184045000"}, {"fiscalDateEnding": "2011-12-31", "reportedCurrency": "USD", "grossProfit": "360788000", "totalRevenue": "1013542000", "costOfRevenue": "652754000", "costofGoodsAndServicesSold": "652754000", "operatingIncome": "282447000", "sellingGeneralAndAdministrative": "519869000", "researchAndDevelopment": "0", "operatingExpenses": "728889000", "investmentIncomeNet": "None", "netInterestIncome": "None", "interestIncome": "None", "interestExpense": "14132000", "nonInterestIncome": "None", "otherNonOperatingIncome": "None", "depreciation": "None", "depreciationAndAmortization": "67147000", "incomeBeforeTax": "270521000", "incomeTaxExpense": "106526000", "interestAndDebtExpense": "None", "netIncomeFromContinuingOperations": "163995000", "comprehensiveIncomeNetOfTax": "None", "ebit": "262415000", "ebitda": "329562000", "netIncome": "163995000"}, {"fiscalDateEnding": "2010-12-31", "reportedCurrency": "USD", "grossProfit": "349821000", "totalRevenue": "973492000", "costOfRevenue": "623671000", "costofGoodsAndServicesSold": "623671000", "operatingIncome": "278895000", "sellingGeneralAndAdministrative": "494665000", "researchAndDevelopment": "0", "operatingExpenses": "692923000", "investmentIncomeNet": "None", "netInterestIncome": "None", "interestIncome": "None", "interestExpense": "14471000", "nonInterestIncome": "None", "otherNonOperatingIncome": "None", "depreciation": "None", "depreciationAndAmortization": "64081000", "incomeBeforeTax": "266098000", "incomeTaxExpense": "104346000", "interestAndDebtExpense": "None", "netIncomeFromContinuingOperations": "161752000", "comprehensiveIncomeNetOfTax": "None", "ebit": "276195000", "ebitda": "340276000", "netIncome": "161752000"}, {"fiscalDateEnding": "2009-12-31", "reportedCurrency": "USD", "grossProfit": "339808000", "totalRevenue": "967877000", "costOfRevenue": "628069000", "costofGoodsAndServicesSold": "628069000", "operatingIncome": "269353000", "sellingGeneralAndAdministrative": "492038000", "researchAndDevelopment": "None", "operatingExpenses": "698524000", "investmentIncomeNet": "None", "netInterestIncome": "None", "interestIncome": "None", "interestExpense": "14599000", "nonInterestIncome": "None", "otherNonOperatingIncome": "None", "depreciation": "None", "depreciationAndAmortization": "63097000", "incomeBeforeTax": "254754000", "incomeTaxExpense": "101460000", "interestAndDebtExpense": "None", "netIncomeFromContinuingOperations": "None", "comprehensiveIncomeNetOfTax": "None", "ebit": "269353000", "ebitda": "332450000", "netIncome": "153294000"}, {"fiscalDateEnding": "2008-12-31", "reportedCurrency": "USD", "grossProfit": "354419000", "totalRevenue": "977554000", "costOfRevenue": "623135000", "costofGoodsAndServicesSold": "623135000", "operatingIncome": "-690366000", "sellingGeneralAndAdministrative": "485783000", "researchAndDevelopment": "None", "operatingExpenses": "690366000", "investmentIncomeNet": "None", "netInterestIncome": "None", "interestIncome": "None", "interestExpense": "14690000", "nonInterestIncome": "None", "otherNonOperatingIncome": "None", "depreciation": "None", "depreciationAndAmortization": "59917000", "incomeBeforeTax": "272498000", "incomeTaxExpense": "106374000", "interestAndDebtExpense": "None", "netIncomeFromContinuingOperations": "None", "comprehensiveIncomeNetOfTax": "None", "ebit": "287188000", "ebitda": "347105000", "netIncome": "166124000"}, {"fiscalDateEnding": "2007-12-31", "reportedCurrency": "USD", "grossProfit": "384195000", "totalRevenue": "959667000", "costOfRevenue": "575472000", "costofGoodsAndServicesSold": "575472000", "operatingIncome": "-634338000", "sellingGeneralAndAdministrative": "449768000", "researchAndDevelopment": "None", "operatingExpenses": "634338000", "investmentIncomeNet": "None", "netInterestIncome": "None", "interestIncome": "None", "interestExpense": "13802000", "nonInterestIncome": "None", "otherNonOperatingIncome": "None", "depreciation": "None", "depreciationAndAmortization": "53199000", "incomeBeforeTax": "311527000", "incomeTaxExpense": "120568000", "interestAndDebtExpense": "None", "netIncomeFromContinuingOperations": "None", "comprehensiveIncomeNetOfTax": "None", "ebit": "325329000", "ebitda": "378528000", "netIncome": "190959000"}, {"fiscalDateEnding": "2006-12-31", "reportedCurrency": "USD", "grossProfit": "346621000", "totalRevenue": "878004000", "costOfRevenue": "531383000", "costofGoodsAndServicesSold": "531383000", "operatingIncome": "-584606000", "sellingGeneralAndAdministrative": "410307000", "researchAndDevelopment": "None", "operatingExpenses": "584606000", "investmentIncomeNet": "None", "netInterestIncome": "None", "interestIncome": "None", "interestExpense": "13357000", "nonInterestIncome": "None", "otherNonOperatingIncome": "None", "depreciation": "None", "depreciationAndAmortization": "47807000", "incomeBeforeTax": "280041000", "incomeTaxExpense": "107691000", "interestAndDebtExpense": "None", "netIncomeFromContinuingOperations": "None", "comprehensiveIncomeNetOfTax": "None", "ebit": "293398000", "ebitda": "341205000", "netIncome": "172350000"}, {"fiscalDateEnding": "2005-12-31", "reportedCurrency": "USD", "grossProfit": "407178000", "totalRevenue": "782121000", "costOfRevenue": "374943000", "costofGoodsAndServicesSold": "374943000", "operatingIncome": "258599000", "sellingGeneralAndAdministrative": "3337000", "researchAndDevelopment": "None", "operatingExpenses": "152265000", "investmentIncomeNet": "None", "netInterestIncome": "None", "interestIncome": "None", "interestExpense": "14469000", "nonInterestIncome": "None", "otherNonOperatingIncome": "None", "depreciation": "None", "depreciationAndAmortization": "43306000", "incomeBeforeTax": "244130000", "incomeTaxExpense": "93579000", "interestAndDebtExpense": "None", "netIncomeFromContinuingOperations": "None", "comprehensiveIncomeNetOfTax": "None", "ebit": "258599000", "ebitda": "301905000", "netIncome": "150551000"}], "quarterlyReports": [{"fiscalDateEnding": "2024-12-31", "reportedCurrency": "USD", "grossProfit": "506000000", "totalRevenue": "1089000000", "costOfRevenue": "583000000", "costofGoodsAndServicesSold": "583000000", "operatingIncome": "237000000", "sellingGeneralAndAdministrative": "None", "researchAndDevelopment": "None", "operatingExpenses": "269000000", "investmentIncomeNet": "None", "netInterestIncome": "-54000000", "interestIncome": "None", "interestExpense": "54000000", "nonInterestIncome": "None", "otherNonOperatingIncome": "None", "depreciation": "None", "depreciationAndAmortization": "58000000", "incomeBeforeTax": "275000000", "incomeTaxExpense": "64000000", "interestAndDebtExpense": "None", "netIncomeFromContinuingOperations": "211000000", "comprehensiveIncomeNetOfTax": "None", "ebit": "329000000", "ebitda": "387000000", "netIncome": "210000000"}, {"fiscalDateEnding": "2024-09-30", "reportedCurrency": "USD", "grossProfit": "414000000", "totalRevenue": "1186000000", "costOfRevenue": "772000000", "costofGoodsAndServicesSold": "772000000", "operatingIncome": "358000000", "sellingGeneralAndAdministrative": "None", "researchAndDevelopment": "None", "operatingExpenses": "56000000", "investmentIncomeNet": "None", "netInterestIncome": "-50000000", "interestIncome": "None", "interestExpense": "50000000", "nonInterestIncome": "None", "otherNonOperatingIncome": "None", "depreciation": "None", "depreciationAndAmortization": "57000000", "incomeBeforeTax": "317000000", "incomeTaxExpense": "78000000", "interestAndDebtExpense": "None", "netIncomeFromContinuingOperations": "239000000", "comprehensiveIncomeNetOfTax": "None", "ebit": "357000000", "ebitda": "414000000", "netIncome": "234000000"}, {"fiscalDateEnding": "2024-06-30", "reportedCurrency": "USD", "grossProfit": "593000000", "totalRevenue": "1178000000", "costOfRevenue": "585000000", "costofGoodsAndServicesSold": "585000000", "operatingIncome": "343000000", "sellingGeneralAndAdministrative": "None", "researchAndDevelopment": "None", "operatingExpenses": "228000000", "investmentIncomeNet": "None", "netInterestIncome": "-52000000", "interestIncome": "None", "interestExpense": "52000000", "nonInterestIncome": "None", "otherNonOperatingIncome": "None", "depreciation": "None", "depreciationAndAmortization": "53000000", "incomeBeforeTax": "346000000", "incomeTaxExpense": "87000000", "interestAndDebtExpense": "None", "netIncomeFromContinuingOperations": "259000000", "comprehensiveIncomeNetOfTax": "None", "ebit": "367000000", "ebitda": "420000000", "netIncome": "257000000"}, {"fiscalDateEnding": "2024-03-31", "reportedCurrency": "USD", "grossProfit": "606000000", "totalRevenue": "1237000000", "costOfRevenue": "631000000", "costofGoodsAndServicesSold": "631000000", "operatingIncome": "391000000", "sellingGeneralAndAdministrative": "None", "researchAndDevelopment": "None", "operatingExpenses": "215000000", "investmentIncomeNet": "None", "netInterestIncome": "-50000000", "interestIncome": "None", "interestExpense": "50000000", "nonInterestIncome": "None", "otherNonOperatingIncome": "None", "depreciation": "None", "depreciationAndAmortization": "54000000", "incomeBeforeTax": "364000000", "incomeTaxExpense": "71000000", "interestAndDebtExpense": "None", "netIncomeFromContinuingOperations": "293000000", "comprehensiveIncomeNetOfTax": "None", "ebit": "414000000", "ebitda": "468000000", "netIncome": "293000000"}, {"fiscalDateEnding": "2023-12-31", "reportedCurrency": "USD", "grossProfit": "974400000", "totalRevenue": "1026200000", "costOfRevenue": "51800000", "costofGoodsAndServicesSold": "51800000", "operatingIncome": "261000000", "sellingGeneralAndAdministrative": "None", "researchAndDevelopment": "None", "operatingExpenses": "713400000", "investmentIncomeNet": "None", "netInterestIncome": "-49700000", "interestIncome": "None", "interestExpense": "47900000", "nonInterestIncome": "None", "otherNonOperatingIncome": "None", "depreciation": "None", "depreciationAndAmortization": "51800000", "incomeBeforeTax": "355100000", "incomeTaxExpense": "86500000", "interestAndDebtExpense": "None", "netIncomeFromContinuingOperations": "268700000", "comprehensiveIncomeNetOfTax": "None", "ebit": "261000000", "ebitda": "312800000", "netIncome": "268700000"}, {"fiscalDateEnding": "2023-09-30", "reportedCurrency": "USD", "grossProfit": "536100000", "totalRevenue": "1067700000", "costOfRevenue": "531600000", "costofGoodsAndServicesSold": "531600000", "operatingIncome": "242300000", "sellingGeneralAndAdministrative": "531600000", "researchAndDevelopment": "None", "operatingExpenses": "219200000", "investmentIncomeNet": "None", "netInterestIncome": "-47500000", "interestIncome": "47500000", "interestExpense": "47500000", "nonInterestIncome": "None", "otherNonOperatingIncome": "None", "depreciation": "None", "depreciationAndAmortization": "51500000", "incomeBeforeTax": "242300000", "incomeTaxExpense": "66400000", "interestAndDebtExpense": "None", "netIncomeFromContinuingOperations": "175900000", "comprehensiveIncomeNetOfTax": "None", "ebit": "302200000", "ebitda": "353700000", "netIncome": "175900000"}, {"fiscalDateEnding": "2023-06-30", "reportedCurrency": "USD", "grossProfit": "517100000", "totalRevenue": "1047300000", "costOfRevenue": "530200000", "costofGoodsAndServicesSold": "530200000", "operatingIncome": "305100000", "sellingGeneralAndAdministrative": "530200000", "researchAndDevelopment": "None", "operatingExpenses": "213400000", "investmentIncomeNet": "None", "netInterestIncome": "-47900000", "interestIncome": "47900000", "interestExpense": "49700000", "nonInterestIncome": "None", "otherNonOperatingIncome": "None", "depreciation": "None", "depreciationAndAmortization": "51400000", "incomeBeforeTax": "254400000", "incomeTaxExpense": "64000000", "interestAndDebtExpense": "None", "netIncomeFromContinuingOperations": "190400000", "comprehensiveIncomeNetOfTax": "None", "ebit": "305100000", "ebitda": "356500000", "netIncome": "190000000"}, {"fiscalDateEnding": "2023-03-31", "reportedCurrency": "USD", "grossProfit": "544900000", "totalRevenue": "1116000000", "costOfRevenue": "571100000", "costofGoodsAndServicesSold": "571100000", "operatingIncome": "332900000", "sellingGeneralAndAdministrative": "571100000", "researchAndDevelopment": "None", "operatingExpenses": "212000000", "investmentIncomeNet": "None", "netInterestIncome": "-46700000", "interestIncome": "46700000", "interestExpense": "46700000", "nonInterestIncome": "None", "otherNonOperatingIncome": "None", "depreciation": "None", "depreciationAndAmortization": "51300000", "incomeBeforeTax": "294200000", "incomeTaxExpense": "58700000", "interestAndDebtExpense": "None", "netIncomeFromContinuingOperations": "235500000", "comprehensiveIncomeNetOfTax": "None", "ebit": "332900000", "ebitda": "384200000", "netIncome": "236000000"}, {"fiscalDateEnding": "2022-12-31", "reportedCurrency": "USD", "grossProfit": "417600000", "totalRevenue": "893200000", "costOfRevenue": "475600000", "costofGoodsAndServicesSold": "475600000", "operatingIncome": "222100000", "sellingGeneralAndAdministrative": "475600000", "researchAndDevelopment": "None", "operatingExpenses": "417600000", "investmentIncomeNet": "None", "netInterestIncome": "-45400000", "interestIncome": "45400000", "interestExpense": "47400000", "nonInterestIncome": "None", "otherNonOperatingIncome": "None", "depreciation": "None", "depreciationAndAmortization": "49300000", "incomeBeforeTax": "194300000", "incomeTaxExpense": "49100000", "interestAndDebtExpense": "None", "netIncomeFromContinuingOperations": "145200000", "comprehensiveIncomeNetOfTax": "None", "ebit": "229200000", "ebitda": "278500000", "netIncome": "145200000"}, {"fiscalDateEnding": "2022-09-30", "reportedCurrency": "USD", "grossProfit": "457300000", "totalRevenue": "927600000", "costOfRevenue": "470300000", "costofGoodsAndServicesSold": "470300000", "operatingIncome": "233000000", "sellingGeneralAndAdministrative": "613300000", "researchAndDevelopment": "None", "operatingExpenses": "224400000", "investmentIncomeNet": "None", "netInterestIncome": "-41500000", "interestIncome": "41500000", "interestExpense": "41500000", "nonInterestIncome": "None", "otherNonOperatingIncome": "None", "depreciation": "None", "depreciationAndAmortization": "54800000", "incomeBeforeTax": "218000000", "incomeTaxExpense": "56900000", "interestAndDebtExpense": "None", "netIncomeFromContinuingOperations": "161100000", "comprehensiveIncomeNetOfTax": "None", "ebit": "232900000", "ebitda": "287700000", "netIncome": "158200000"}, {"fiscalDateEnding": "2022-06-30", "reportedCurrency": "USD", "grossProfit": "427600000", "totalRevenue": "839700000", "costOfRevenue": "412100000", "costofGoodsAndServicesSold": "412100000", "operatingIncome": "231100000", "sellingGeneralAndAdministrative": "563100000", "researchAndDevelopment": "None", "operatingExpenses": "196500000", "investmentIncomeNet": "None", "netInterestIncome": "-36000000", "interestIncome": "36000000", "interestExpense": "36000000", "nonInterestIncome": "None", "otherNonOperatingIncome": "None", "depreciation": "None", "depreciationAndAmortization": "42500000", "incomeBeforeTax": "198800000", "incomeTaxExpense": "53600000", "interestAndDebtExpense": "None", "netIncomeFromContinuingOperations": "145200000", "comprehensiveIncomeNetOfTax": "None", "ebit": "231200000", "ebitda": "273700000", "netIncome": "142500000"}, {"fiscalDateEnding": "2022-03-31", "reportedCurrency": "USD", "grossProfit": "445700000", "totalRevenue": "904700000", "costOfRevenue": "459000000", "costofGoodsAndServicesSold": "459000000", "operatingIncome": "279700000", "sellingGeneralAndAdministrative": "582400000", "researchAndDevelopment": "None", "operatingExpenses": "166000000", "investmentIncomeNet": "None", "netInterestIncome": "-18300000", "interestIncome": "18300000", "interestExpense": "18300000", "nonInterestIncome": "None", "otherNonOperatingIncome": "None", "depreciation": "None", "depreciationAndAmortization": "39200000", "incomeBeforeTax": "265000000", "incomeTaxExpense": "44700000", "interestAndDebtExpense": "None", "netIncomeFromContinuingOperations": "220300000", "comprehensiveIncomeNetOfTax": "None", "ebit": "279700000", "ebitda": "318900000", "netIncome": "215900000"}, {"fiscalDateEnding": "2021-12-31", "reportedCurrency": "USD", "grossProfit": "321100000", "totalRevenue": "737900000", "costOfRevenue": "416800000", "costofGoodsAndServicesSold": "416800000", "operatingIncome": "158405000", "sellingGeneralAndAdministrative": "547858000", "researchAndDevelopment": "None", "operatingExpenses": "150200000", "investmentIncomeNet": "None", "netInterestIncome": "-16200000", "interestIncome": "16179000", "interestExpense": "16200000", "nonInterestIncome": "None", "otherNonOperatingIncome": "None", "depreciation": "None", "depreciationAndAmortization": "38900000", "incomeBeforeTax": "140800000", "incomeTaxExpense": "39100000", "interestAndDebtExpense": "None", "netIncomeFromContinuingOperations": "101700000", "comprehensiveIncomeNetOfTax": "None", "ebit": "171300000", "ebitda": "210200000", "netIncome": "99676000"}, {"fiscalDateEnding": "2021-09-30", "reportedCurrency": "USD", "grossProfit": "374700000", "totalRevenue": "769700000", "costOfRevenue": "395000000", "costofGoodsAndServicesSold": "395000000", "operatingIncome": "234863000", "sellingGeneralAndAdministrative": "394997000", "researchAndDevelopment": "None", "operatingExpenses": "139800000", "investmentIncomeNet": "None", "netInterestIncome": "-17458000", "interestIncome": "16175000", "interestExpense": "16200000", "nonInterestIncome": "None", "otherNonOperatingIncome": "None", "depreciation": "None", "depreciationAndAmortization": "38723000", "incomeBeforeTax": "196500000", "incomeTaxExpense": "50100000", "interestAndDebtExpense": "None", "netIncomeFromContinuingOperations": "146354000", "comprehensiveIncomeNetOfTax": "None", "ebit": "235077000", "ebitda": "273800000", "netIncome": "143300000"}, {"fiscalDateEnding": "2021-06-30", "reportedCurrency": "USD", "grossProfit": "330300000", "totalRevenue": "725900000", "costOfRevenue": "395600000", "costofGoodsAndServicesSold": "395600000", "operatingIncome": "195706000", "sellingGeneralAndAdministrative": "395611000", "researchAndDevelopment": "None", "operatingExpenses": "134600000", "investmentIncomeNet": "None", "netInterestIncome": "-16300000", "interestIncome": "16285000", "interestExpense": "16300000", "nonInterestIncome": "None", "otherNonOperatingIncome": "None", "depreciation": "None", "depreciationAndAmortization": "38347000", "incomeBeforeTax": "186300000", "incomeTaxExpense": "47000000", "interestAndDebtExpense": "None", "netIncomeFromContinuingOperations": "139300000", "comprehensiveIncomeNetOfTax": "None", "ebit": "196853000", "ebitda": "235200000", "netIncome": "136300000"}, {"fiscalDateEnding": "2021-03-31", "reportedCurrency": "USD", "grossProfit": "384500000", "totalRevenue": "814000000", "costOfRevenue": "429500000", "costofGoodsAndServicesSold": "429500000", "operatingIncome": "253227000", "sellingGeneralAndAdministrative": "522971000", "researchAndDevelopment": "None", "operatingExpenses": "131400000", "investmentIncomeNet": "None", "netInterestIncome": "-16300000", "interestIncome": "16342000", "interestExpense": "16300000", "nonInterestIncome": "None", "otherNonOperatingIncome": "None", "depreciation": "None", "depreciationAndAmortization": "37000000", "incomeBeforeTax": "239200000", "incomeTaxExpense": "39500000", "interestAndDebtExpense": "None", "netIncomeFromContinuingOperations": "199744000", "comprehensiveIncomeNetOfTax": "None", "ebit": "254100000", "ebitda": "291100000", "netIncome": "194700000"}, {"fiscalDateEnding": "2020-12-31", "reportedCurrency": "USD", "grossProfit": "262600000", "totalRevenue": "640000000", "costOfRevenue": "377400000", "costofGoodsAndServicesSold": "377400000", "operatingIncome": "134939000", "sellingGeneralAndAdministrative": "459887000", "researchAndDevelopment": "None", "operatingExpenses": "127700000", "investmentIncomeNet": "None", "netInterestIncome": "-16700000", "interestIncome": "16639000", "interestExpense": "16700000", "nonInterestIncome": "None", "otherNonOperatingIncome": "None", "depreciation": "None", "depreciationAndAmortization": "35773000", "incomeBeforeTax": "130900000", "incomeTaxExpense": "33600000", "interestAndDebtExpense": "None", "netIncomeFromContinuingOperations": "97320000", "comprehensiveIncomeNetOfTax": "None", "ebit": "136031000", "ebitda": "171804000", "netIncome": "94757000"}, {"fiscalDateEnding": "2020-09-30", "reportedCurrency": "USD", "grossProfit": "308600000", "totalRevenue": "671400000", "costOfRevenue": "362800000", "costofGoodsAndServicesSold": "362800000", "operatingIncome": "183520000", "sellingGeneralAndAdministrative": "469488000", "researchAndDevelopment": "None", "operatingExpenses": "125200000", "investmentIncomeNet": "None", "netInterestIncome": "-13234000", "interestIncome": "13234000", "interestExpense": "13200000", "nonInterestIncome": "None", "otherNonOperatingIncome": "None", "depreciation": "None", "depreciationAndAmortization": "33705000", "incomeBeforeTax": "158500000", "incomeTaxExpense": "24500000", "interestAndDebtExpense": "None", "netIncomeFromContinuingOperations": "133979000", "comprehensiveIncomeNetOfTax": "None", "ebit": "186087000", "ebitda": "219792000", "netIncome": "130239000"}, {"fiscalDateEnding": "2020-06-30", "reportedCurrency": "USD", "grossProfit": "251700000", "totalRevenue": "598200000", "costOfRevenue": "346500000", "costofGoodsAndServicesSold": "346500000", "operatingIncome": "143165000", "sellingGeneralAndAdministrative": "422718000", "researchAndDevelopment": "None", "operatingExpenses": "108500000", "investmentIncomeNet": "None", "netInterestIncome": "-13809000", "interestIncome": "13809000", "interestExpense": "13800000", "nonInterestIncome": "None", "otherNonOperatingIncome": "None", "depreciation": "None", "depreciationAndAmortization": "32909000", "incomeBeforeTax": "129400000", "incomeTaxExpense": "32600000", "interestAndDebtExpense": "None", "netIncomeFromContinuingOperations": "96784000", "comprehensiveIncomeNetOfTax": "None", "ebit": "143481000", "ebitda": "176390000", "netIncome": "93204000"}, {"fiscalDateEnding": "2020-03-31", "reportedCurrency": "USD", "grossProfit": "346900000", "totalRevenue": "696500000", "costOfRevenue": "349600000", "costofGoodsAndServicesSold": "349600000", "operatingIncome": "207335000", "sellingGeneralAndAdministrative": "445799000", "researchAndDevelopment": "None", "operatingExpenses": "139600000", "investmentIncomeNet": "None", "netInterestIncome": "-15291000", "interestIncome": "15291000", "interestExpense": "15300000", "nonInterestIncome": "None", "otherNonOperatingIncome": "None", "depreciation": "None", "depreciationAndAmortization": "32412000", "incomeBeforeTax": "205300000", "incomeTaxExpense": "52900000", "interestAndDebtExpense": "None", "netIncomeFromContinuingOperations": "152400000", "comprehensiveIncomeNetOfTax": "None", "ebit": "208166000", "ebitda": "240578000", "netIncome": "147208000"}, {"fiscalDateEnding": "2019-12-31", "reportedCurrency": "USD", "grossProfit": "242400000", "totalRevenue": "577000000", "costOfRevenue": "334600000", "costofGoodsAndServicesSold": "334600000", "operatingIncome": "115753000", "sellingGeneralAndAdministrative": "432349000", "researchAndDevelopment": "None", "operatingExpenses": "126700000", "investmentIncomeNet": "None", "netInterestIncome": "-15855000", "interestIncome": "15855000", "interestExpense": "15900000", "nonInterestIncome": "None", "otherNonOperatingIncome": "None", "depreciation": "None", "depreciationAndAmortization": "32781000", "incomeBeforeTax": "102000000", "incomeTaxExpense": "25500000", "interestAndDebtExpense": "None", "netIncomeFromContinuingOperations": "76519000", "comprehensiveIncomeNetOfTax": "None", "ebit": "116257000", "ebitda": "149038000", "netIncome": "74032000"}, {"fiscalDateEnding": "2019-09-30", "reportedCurrency": "USD", "grossProfit": "286300000", "totalRevenue": "617400000", "costOfRevenue": "331100000", "costofGoodsAndServicesSold": "331100000", "operatingIncome": "157747000", "sellingGeneralAndAdministrative": "422259000", "researchAndDevelopment": "None", "operatingExpenses": "128500000", "investmentIncomeNet": "None", "netInterestIncome": "-16314000", "interestIncome": "16314000", "interestExpense": "16300000", "nonInterestIncome": "None", "otherNonOperatingIncome": "None", "depreciation": "None", "depreciationAndAmortization": "32087000", "incomeBeforeTax": "151900000", "incomeTaxExpense": "36300000", "interestAndDebtExpense": "None", "netIncomeFromContinuingOperations": "115506000", "comprehensiveIncomeNetOfTax": "None", "ebit": "157399000", "ebitda": "189486000", "netIncome": "111734000"}, {"fiscalDateEnding": "2019-06-30", "reportedCurrency": "USD", "grossProfit": "263300000", "totalRevenue": "572900000", "costOfRevenue": "309600000", "costofGoodsAndServicesSold": "309600000", "operatingIncome": "133652000", "sellingGeneralAndAdministrative": "407660000", "researchAndDevelopment": "None", "operatingExpenses": "129600000", "investmentIncomeNet": "None", "netInterestIncome": "-16293000", "interestIncome": "31491000", "interestExpense": "16300000", "nonInterestIncome": "None", "otherNonOperatingIncome": "None", "depreciation": "None", "depreciationAndAmortization": "31620000", "incomeBeforeTax": "123500000", "incomeTaxExpense": "30900000", "interestAndDebtExpense": "None", "netIncomeFromContinuingOperations": "92593000", "comprehensiveIncomeNetOfTax": "None", "ebit": "134414000", "ebitda": "166034000", "netIncome": "89573000"}, {"fiscalDateEnding": "2019-03-31", "reportedCurrency": "USD", "grossProfit": "284600000", "totalRevenue": "617500000", "costOfRevenue": "332900000", "costofGoodsAndServicesSold": "332900000", "operatingIncome": "163616000", "sellingGeneralAndAdministrative": "421620000", "researchAndDevelopment": "None", "operatingExpenses": "121000000", "investmentIncomeNet": "None", "netInterestIncome": "-15198000", "interestIncome": "None", "interestExpense": "15200000", "nonInterestIncome": "None", "otherNonOperatingIncome": "None", "depreciation": "None", "depreciationAndAmortization": "32227000", "incomeBeforeTax": "148500000", "incomeTaxExpense": "34600000", "interestAndDebtExpense": "None", "netIncomeFromContinuingOperations": "113896000", "comprehensiveIncomeNetOfTax": "None", "ebit": "164352000", "ebitda": "196579000", "netIncome": "110695000"}, {"fiscalDateEnding": "2018-12-31", "reportedCurrency": "USD", "grossProfit": "229700000", "totalRevenue": "507700000", "costOfRevenue": "278000000", "costofGoodsAndServicesSold": "278000000", "operatingIncome": "111205000", "sellingGeneralAndAdministrative": "399945000", "researchAndDevelopment": "0", "operatingExpenses": "118300000", "investmentIncomeNet": "None", "netInterestIncome": "None", "interestIncome": "None", "interestExpense": "11900000", "nonInterestIncome": "None", "otherNonOperatingIncome": "None", "depreciation": "None", "depreciationAndAmortization": "29900000", "incomeBeforeTax": "100700000", "incomeTaxExpense": "27200000", "interestAndDebtExpense": "None", "netIncomeFromContinuingOperations": "73452000", "comprehensiveIncomeNetOfTax": "None", "ebit": "111312000", "ebitda": "141212000", "netIncome": "71340000"}, {"fiscalDateEnding": "2018-09-30", "reportedCurrency": "USD", "grossProfit": "261800000", "totalRevenue": "529800000", "costOfRevenue": "268000000", "costofGoodsAndServicesSold": "268000000", "operatingIncome": "151175000", "sellingGeneralAndAdministrative": "351742000", "researchAndDevelopment": "0", "operatingExpenses": "110600000", "investmentIncomeNet": "None", "netInterestIncome": "None", "interestIncome": "None", "interestExpense": "9000000", "nonInterestIncome": "None", "otherNonOperatingIncome": "None", "depreciation": "None", "depreciationAndAmortization": "26900000", "incomeBeforeTax": "142500000", "incomeTaxExpense": "36400000", "interestAndDebtExpense": "None", "netIncomeFromContinuingOperations": "106053000", "comprehensiveIncomeNetOfTax": "None", "ebit": "151171000", "ebitda": "178071000", "netIncome": "103337000"}, {"fiscalDateEnding": "2018-06-30", "reportedCurrency": "USD", "grossProfit": "220000000", "totalRevenue": "472000000", "costOfRevenue": "252000000", "costofGoodsAndServicesSold": "252000000", "operatingIncome": "110032000", "sellingGeneralAndAdministrative": "335652000", "researchAndDevelopment": "0", "operatingExpenses": "110100000", "investmentIncomeNet": "None", "netInterestIncome": "None", "interestIncome": "None", "interestExpense": "10000000", "nonInterestIncome": "None", "otherNonOperatingIncome": "None", "depreciation": "None", "depreciationAndAmortization": "26400000", "incomeBeforeTax": "100900000", "incomeTaxExpense": "27000000", "interestAndDebtExpense": "None", "netIncomeFromContinuingOperations": "73922000", "comprehensiveIncomeNetOfTax": "None", "ebit": "110016000", "ebitda": "136416000", "netIncome": "72304000"}, {"fiscalDateEnding": "2018-03-31", "reportedCurrency": "USD", "grossProfit": "229500000", "totalRevenue": "500400000", "costOfRevenue": "270900000", "costofGoodsAndServicesSold": "270900000", "operatingIncome": "127035000", "sellingGeneralAndAdministrative": "347212000", "researchAndDevelopment": "0", "operatingExpenses": "102400000", "investmentIncomeNet": "None", "netInterestIncome": "None", "interestIncome": "None", "interestExpense": "9700000", "nonInterestIncome": "None", "otherNonOperatingIncome": "None", "depreciation": "None", "depreciationAndAmortization": "26100000", "incomeBeforeTax": "118400000", "incomeTaxExpense": "27600000", "interestAndDebtExpense": "None", "netIncomeFromContinuingOperations": "90828000", "comprehensiveIncomeNetOfTax": "None", "ebit": "127026000", "ebitda": "153126000", "netIncome": "88926000"}, {"fiscalDateEnding": "2017-12-31", "reportedCurrency": "USD", "grossProfit": "215200000", "totalRevenue": "473400000", "costOfRevenue": "258200000", "costofGoodsAndServicesSold": "258200000", "operatingIncome": "115483000", "sellingGeneralAndAdministrative": "362019000", "researchAndDevelopment": "0", "operatingExpenses": "99700000", "investmentIncomeNet": "None", "netInterestIncome": "None", "interestIncome": "None", "interestExpense": "9400000", "nonInterestIncome": "None", "otherNonOperatingIncome": "None", "depreciation": "None", "depreciationAndAmortization": "26500000", "incomeBeforeTax": "106300000", "incomeTaxExpense": "-81200000", "interestAndDebtExpense": "None", "netIncomeFromContinuingOperations": "187505000", "comprehensiveIncomeNetOfTax": "None", "ebit": "115483000", "ebitda": "141983000", "netIncome": "182940000"}, {"fiscalDateEnding": "2017-09-30", "reportedCurrency": "USD", "grossProfit": "228400000", "totalRevenue": "474600000", "costOfRevenue": "246200000", "costofGoodsAndServicesSold": "246200000", "operatingIncome": "129565000", "sellingGeneralAndAdministrative": "318120000", "researchAndDevelopment": "0", "operatingExpenses": "98900000", "investmentIncomeNet": "None", "netInterestIncome": "None", "interestIncome": "None", "interestExpense": "9300000", "nonInterestIncome": "None", "otherNonOperatingIncome": "None", "depreciation": "None", "depreciationAndAmortization": "26800000", "incomeBeforeTax": "124400000", "incomeTaxExpense": "48500000", "interestAndDebtExpense": "None", "netIncomeFromContinuingOperations": "75913000", "comprehensiveIncomeNetOfTax": "None", "ebit": "129689000", "ebitda": "156489000", "netIncome": "74061000"}, {"fiscalDateEnding": "2017-06-30", "reportedCurrency": "USD", "grossProfit": "220300000", "totalRevenue": "464700000", "costOfRevenue": "244400000", "costofGoodsAndServicesSold": "244400000", "operatingIncome": "121893000", "sellingGeneralAndAdministrative": "315829000", "researchAndDevelopment": "0", "operatingExpenses": "98400000", "investmentIncomeNet": "None", "netInterestIncome": "None", "interestIncome": "None", "interestExpense": "9900000", "nonInterestIncome": "None", "otherNonOperatingIncome": "None", "depreciation": "None", "depreciationAndAmortization": "27100000", "incomeBeforeTax": "108000000", "incomeTaxExpense": "41900000", "interestAndDebtExpense": "None", "netIncomeFromContinuingOperations": "66102000", "comprehensiveIncomeNetOfTax": "None", "ebit": "121795000", "ebitda": "148895000", "netIncome": "64460000"}, {"fiscalDateEnding": "2017-03-31", "reportedCurrency": "USD", "grossProfit": "198700000", "totalRevenue": "444600000", "costOfRevenue": "245900000", "costofGoodsAndServicesSold": "245900000", "operatingIncome": "104063000", "sellingGeneralAndAdministrative": "312785000", "researchAndDevelopment": "0", "operatingExpenses": "94600000", "investmentIncomeNet": "None", "netInterestIncome": "None", "interestIncome": "None", "interestExpense": "9700000", "nonInterestIncome": "None", "otherNonOperatingIncome": "None", "depreciation": "None", "depreciationAndAmortization": "27700000", "incomeBeforeTax": "111000000", "incomeTaxExpense": "40900000", "interestAndDebtExpense": "None", "netIncomeFromContinuingOperations": "70110000", "comprehensiveIncomeNetOfTax": "None", "ebit": "104081000", "ebitda": "131781000", "netIncome": "68424000"}, {"fiscalDateEnding": "2016-12-31", "reportedCurrency": "USD", "grossProfit": "200900000", "totalRevenue": "433100000", "costOfRevenue": "232200000", "costofGoodsAndServicesSold": "232200000", "operatingIncome": "108418000", "sellingGeneralAndAdministrative": "313998000", "researchAndDevelopment": "0", "operatingExpenses": "92200000", "investmentIncomeNet": "None", "netInterestIncome": "None", "interestIncome": "None", "interestExpense": "9900000", "nonInterestIncome": "None", "otherNonOperatingIncome": "None", "depreciation": "None", "depreciationAndAmortization": "26800000", "incomeBeforeTax": "95000000", "incomeTaxExpense": "37300000", "interestAndDebtExpense": "None", "netIncomeFromContinuingOperations": "57626000", "comprehensiveIncomeNetOfTax": "None", "ebit": "108392000", "ebitda": "135192000", "netIncome": "56131000"}, {"fiscalDateEnding": "2016-09-30", "reportedCurrency": "USD", "grossProfit": "224100000", "totalRevenue": "461800000", "costOfRevenue": "237700000", "costofGoodsAndServicesSold": "237700000", "operatingIncome": "129566000", "sellingGeneralAndAdministrative": "305086000", "researchAndDevelopment": "0", "operatingExpenses": "94700000", "investmentIncomeNet": "None", "netInterestIncome": "None", "interestIncome": "None", "interestExpense": "9900000", "nonInterestIncome": "None", "otherNonOperatingIncome": "None", "depreciation": "None", "depreciationAndAmortization": "27000000", "incomeBeforeTax": "116800000", "incomeTaxExpense": "45400000", "interestAndDebtExpense": "None", "netIncomeFromContinuingOperations": "71545000", "comprehensiveIncomeNetOfTax": "None", "ebit": "129566000", "ebitda": "156566000", "netIncome": "69672000"}, {"fiscalDateEnding": "2016-06-30", "reportedCurrency": "USD", "grossProfit": "214500000", "totalRevenue": "445600000", "costOfRevenue": "231100000", "costofGoodsAndServicesSold": "231100000", "operatingIncome": "121305000", "sellingGeneralAndAdministrative": "297393000", "researchAndDevelopment": "0", "operatingExpenses": "93400000", "investmentIncomeNet": "None", "netInterestIncome": "None", "interestIncome": "None", "interestExpense": "9800000", "nonInterestIncome": "None", "otherNonOperatingIncome": "None", "depreciation": "None", "depreciationAndAmortization": "27000000", "incomeBeforeTax": "109000000", "incomeTaxExpense": "42800000", "interestAndDebtExpense": "None", "netIncomeFromContinuingOperations": "66250000", "comprehensiveIncomeNetOfTax": "None", "ebit": "119550000", "ebitda": "146550000", "netIncome": "64354000"}, {"fiscalDateEnding": "2016-03-31", "reportedCurrency": "USD", "grossProfit": "198300000", "totalRevenue": "422400000", "costOfRevenue": "224100000", "costofGoodsAndServicesSold": "224100000", "operatingIncome": "107743000", "sellingGeneralAndAdministrative": "287664000", "researchAndDevelopment": "0", "operatingExpenses": "90500000", "investmentIncomeNet": "None", "netInterestIncome": "None", "interestIncome": "None", "interestExpense": "9900000", "nonInterestIncome": "None", "otherNonOperatingIncome": "None", "depreciation": "None", "depreciationAndAmortization": "26900000", "incomeBeforeTax": "102600000", "incomeTaxExpense": "40500000", "interestAndDebtExpense": "None", "netIncomeFromContinuingOperations": "62070000", "comprehensiveIncomeNetOfTax": "None", "ebit": "112474000", "ebitda": "139374000", "netIncome": "60619000"}, {"fiscalDateEnding": "2015-12-31", "reportedCurrency": "USD", "grossProfit": "190800000", "totalRevenue": "404100000", "costOfRevenue": "213300000", "costofGoodsAndServicesSold": "213300000", "operatingIncome": "105796000", "sellingGeneralAndAdministrative": "1800000", "researchAndDevelopment": "0", "operatingExpenses": "84900000", "investmentIncomeNet": "None", "netInterestIncome": "None", "interestIncome": "None", "interestExpense": "9800000", "nonInterestIncome": "None", "otherNonOperatingIncome": "None", "depreciation": "None", "depreciationAndAmortization": "27300000", "incomeBeforeTax": "95200000", "incomeTaxExpense": "37100000", "interestAndDebtExpense": "None", "netIncomeFromContinuingOperations": "57935000", "comprehensiveIncomeNetOfTax": "None", "ebit": "104851000", "ebitda": "132151000", "netIncome": "56610000"}, {"fiscalDateEnding": "2015-09-30", "reportedCurrency": "USD", "grossProfit": "220600000", "totalRevenue": "431900000", "costOfRevenue": "211300000", "costofGoodsAndServicesSold": "211300000", "operatingIncome": "122213000", "sellingGeneralAndAdministrative": "4800000", "researchAndDevelopment": "0", "operatingExpenses": "98300000", "investmentIncomeNet": "None", "netInterestIncome": "None", "interestIncome": "None", "interestExpense": "9900000", "nonInterestIncome": "None", "otherNonOperatingIncome": "None", "depreciation": "None", "depreciationAndAmortization": "27400000", "incomeBeforeTax": "112900000", "incomeTaxExpense": "45400000", "interestAndDebtExpense": "None", "netIncomeFromContinuingOperations": "67427000", "comprehensiveIncomeNetOfTax": "None", "ebit": "122685000", "ebitda": "150085000", "netIncome": "65862000"}, {"fiscalDateEnding": "2015-06-30", "reportedCurrency": "USD", "grossProfit": "205700000", "totalRevenue": "417200000", "costOfRevenue": "211500000", "costofGoodsAndServicesSold": "211500000", "operatingIncome": "108406000", "sellingGeneralAndAdministrative": "6100000", "researchAndDevelopment": "0", "operatingExpenses": "97200000", "investmentIncomeNet": "None", "netInterestIncome": "None", "interestIncome": "None", "interestExpense": "9700000", "nonInterestIncome": "None", "otherNonOperatingIncome": "None", "depreciation": "None", "depreciationAndAmortization": "26800000", "incomeBeforeTax": "100900000", "incomeTaxExpense": "39900000", "interestAndDebtExpense": "None", "netIncomeFromContinuingOperations": "61005000", "comprehensiveIncomeNetOfTax": "None", "ebit": "111359000", "ebitda": "138159000", "netIncome": "59566000"}, {"fiscalDateEnding": "2015-03-31", "reportedCurrency": "USD", "grossProfit": "198500000", "totalRevenue": "403800000", "costOfRevenue": "205300000", "costofGoodsAndServicesSold": "205300000", "operatingIncome": "104218000", "sellingGeneralAndAdministrative": "6400000", "researchAndDevelopment": "0", "operatingExpenses": "94300000", "investmentIncomeNet": "None", "netInterestIncome": "None", "interestIncome": "None", "interestExpense": "9900000", "nonInterestIncome": "None", "otherNonOperatingIncome": "None", "depreciation": "None", "depreciationAndAmortization": "26800000", "incomeBeforeTax": "93700000", "incomeTaxExpense": "36800000", "interestAndDebtExpense": "None", "netIncomeFromContinuingOperations": "56951000", "comprehensiveIncomeNetOfTax": "None", "ebit": "103637000", "ebitda": "130437000", "netIncome": "55588000"}, {"fiscalDateEnding": "2014-12-31", "reportedCurrency": "USD", "grossProfit": "182100000", "totalRevenue": "390200000", "costOfRevenue": "208100000", "costofGoodsAndServicesSold": "208100000", "operatingIncome": "96397000", "sellingGeneralAndAdministrative": "100000", "researchAndDevelopment": "0", "operatingExpenses": "85500000", "investmentIncomeNet": "None", "netInterestIncome": "None", "interestIncome": "None", "interestExpense": "10000000", "nonInterestIncome": "None", "otherNonOperatingIncome": "None", "depreciation": "None", "depreciationAndAmortization": "28000000", "incomeBeforeTax": "38700000", "incomeTaxExpense": "14100000", "interestAndDebtExpense": "None", "netIncomeFromContinuingOperations": "24395000", "comprehensiveIncomeNetOfTax": "None", "ebit": "99300000", "ebitda": "127300000", "netIncome": "23813000"}, {"fiscalDateEnding": "2014-09-30", "reportedCurrency": "USD", "grossProfit": "217500000", "totalRevenue": "420600000", "costOfRevenue": "203100000", "costofGoodsAndServicesSold": "203100000", "operatingIncome": "119494000", "sellingGeneralAndAdministrative": "5700000", "researchAndDevelopment": "0", "operatingExpenses": "97900000", "investmentIncomeNet": "None", "netInterestIncome": "None", "interestIncome": "None", "interestExpense": "7300000", "nonInterestIncome": "None", "otherNonOperatingIncome": "None", "depreciation": "None", "depreciationAndAmortization": "27400000", "incomeBeforeTax": "112600000", "incomeTaxExpense": "44400000", "interestAndDebtExpense": "None", "netIncomeFromContinuingOperations": "68331000", "comprehensiveIncomeNetOfTax": "None", "ebit": "120022000", "ebitda": "147422000", "netIncome": "66650000"}, {"fiscalDateEnding": "2014-06-30", "reportedCurrency": "USD", "grossProfit": "198300000", "totalRevenue": "394700000", "costOfRevenue": "196400000", "costofGoodsAndServicesSold": "196400000", "operatingIncome": "105888000", "sellingGeneralAndAdministrative": "6000000", "researchAndDevelopment": "0", "operatingExpenses": "92500000", "investmentIncomeNet": "None", "netInterestIncome": "None", "interestIncome": "None", "interestExpense": "7000000", "nonInterestIncome": "None", "otherNonOperatingIncome": "None", "depreciation": "None", "depreciationAndAmortization": "25900000", "incomeBeforeTax": "101800000", "incomeTaxExpense": "40000000", "interestAndDebtExpense": "None", "netIncomeFromContinuingOperations": "61755000", "comprehensiveIncomeNetOfTax": "None", "ebit": "109302000", "ebitda": "135202000", "netIncome": "60224000"}, {"fiscalDateEnding": "2014-03-31", "reportedCurrency": "USD", "grossProfit": "177900000", "totalRevenue": "362000000", "costOfRevenue": "184100000", "costofGoodsAndServicesSold": "184100000", "operatingIncome": "95405000", "sellingGeneralAndAdministrative": "7500000", "researchAndDevelopment": "0", "operatingExpenses": "82500000", "investmentIncomeNet": "None", "netInterestIncome": "None", "interestIncome": "None", "interestExpense": "4100000", "nonInterestIncome": "None", "otherNonOperatingIncome": "None", "depreciation": "None", "depreciationAndAmortization": "22500000", "incomeBeforeTax": "86800000", "incomeTaxExpense": "34400000", "interestAndDebtExpense": "None", "netIncomeFromContinuingOperations": "52415000", "comprehensiveIncomeNetOfTax": "None", "ebit": "90925000", "ebitda": "113425000", "netIncome": "51039000"}, {"fiscalDateEnding": "2013-12-31", "reportedCurrency": "USD", "grossProfit": "159904000", "totalRevenue": "339364000", "costOfRevenue": "179460000", "costofGoodsAndServicesSold": "179460000", "operatingIncome": "77985000", "sellingGeneralAndAdministrative": "7699000", "researchAndDevelopment": "0", "operatingExpenses": "81919000", "investmentIncomeNet": "None", "netInterestIncome": "None", "interestIncome": "None", "interestExpense": "4324000", "nonInterestIncome": "None", "otherNonOperatingIncome": "None", "depreciation": "None", "depreciationAndAmortization": "22381000", "incomeBeforeTax": "76442000", "incomeTaxExpense": "29217000", "interestAndDebtExpense": "None", "netIncomeFromContinuingOperations": "47225000", "comprehensiveIncomeNetOfTax": "None", "ebit": "80766000", "ebitda": "103147000", "netIncome": "45871000"}, {"fiscalDateEnding": "2013-09-30", "reportedCurrency": "USD", "grossProfit": "177668000", "totalRevenue": "358196000", "costOfRevenue": "180528000", "costofGoodsAndServicesSold": "180528000", "operatingIncome": "97811000", "sellingGeneralAndAdministrative": "7431000", "researchAndDevelopment": "0", "operatingExpenses": "79857000", "investmentIncomeNet": "None", "netInterestIncome": "None", "interestIncome": "None", "interestExpense": "4135000", "nonInterestIncome": "None", "otherNonOperatingIncome": "None", "depreciation": "None", "depreciationAndAmortization": "22324000", "incomeBeforeTax": "95455000", "incomeTaxExpense": "37706000", "interestAndDebtExpense": "None", "netIncomeFromContinuingOperations": "57749000", "comprehensiveIncomeNetOfTax": "None", "ebit": "99590000", "ebitda": "121914000", "netIncome": "56123000"}, {"fiscalDateEnding": "2013-06-30", "reportedCurrency": "USD", "grossProfit": "160636000", "totalRevenue": "324150000", "costOfRevenue": "163514000", "costofGoodsAndServicesSold": "163514000", "operatingIncome": "89232000", "sellingGeneralAndAdministrative": "3623000", "researchAndDevelopment": "0", "operatingExpenses": "71404000", "investmentIncomeNet": "None", "netInterestIncome": "None", "interestIncome": "None", "interestExpense": "3997000", "nonInterestIncome": "None", "otherNonOperatingIncome": "None", "depreciation": "None", "depreciationAndAmortization": "20384000", "incomeBeforeTax": "86221000", "incomeTaxExpense": "34214000", "interestAndDebtExpense": "None", "netIncomeFromContinuingOperations": "52007000", "comprehensiveIncomeNetOfTax": "None", "ebit": "90715000", "ebitda": "111099000", "netIncome": "50850000"}, {"fiscalDateEnding": "2013-03-31", "reportedCurrency": "USD", "grossProfit": "174295000", "totalRevenue": "333793000", "costOfRevenue": "159498000", "costofGoodsAndServicesSold": "159498000", "operatingIncome": "103778000", "sellingGeneralAndAdministrative": "3850000", "researchAndDevelopment": "0", "operatingExpenses": "70517000", "investmentIncomeNet": "None", "netInterestIncome": "None", "interestIncome": "None", "interestExpense": "3984000", "nonInterestIncome": "None", "otherNonOperatingIncome": "None", "depreciation": "None", "depreciationAndAmortization": "20328000", "incomeBeforeTax": "99491000", "incomeTaxExpense": "39360000", "interestAndDebtExpense": "None", "netIncomeFromContinuingOperations": "60131000", "comprehensiveIncomeNetOfTax": "None", "ebit": "103475000", "ebitda": "123803000", "netIncome": "58823000"}, {"fiscalDateEnding": "2012-12-31", "reportedCurrency": "USD", "grossProfit": "-305676000", "totalRevenue": "302830000", "costOfRevenue": "608506000", "costofGoodsAndServicesSold": "608506000", "operatingIncome": "63832000", "sellingGeneralAndAdministrative": "162939000", "researchAndDevelopment": "0", "operatingExpenses": "229599000", "investmentIncomeNet": "None", "netInterestIncome": "None", "interestIncome": "None", "interestExpense": "4004000", "nonInterestIncome": "None", "otherNonOperatingIncome": "None", "depreciation": "None", "depreciationAndAmortization": "20113000", "incomeBeforeTax": "69227000", "incomeTaxExpense": "26590000", "interestAndDebtExpense": "None", "netIncomeFromContinuingOperations": "42637000", "comprehensiveIncomeNetOfTax": "None", "ebit": "73231000", "ebitda": "93344000", "netIncome": "41498000"}, {"fiscalDateEnding": "2012-09-30", "reportedCurrency": "USD", "grossProfit": "110335000", "totalRevenue": "303800000", "costOfRevenue": "193465000", "costofGoodsAndServicesSold": "193465000", "operatingIncome": "86513000", "sellingGeneralAndAdministrative": "153599000", "researchAndDevelopment": "0", "operatingExpenses": "218145000", "investmentIncomeNet": "None", "netInterestIncome": "None", "interestIncome": "None", "interestExpense": "4006000", "nonInterestIncome": "None", "otherNonOperatingIncome": "None", "depreciation": "None", "depreciationAndAmortization": "19914000", "incomeBeforeTax": "81649000", "incomeTaxExpense": "32145000", "interestAndDebtExpense": "None", "netIncomeFromContinuingOperations": "49504000", "comprehensiveIncomeNetOfTax": "None", "ebit": "85655000", "ebitda": "105569000", "netIncome": "48076000"}, {"fiscalDateEnding": "2012-06-30", "reportedCurrency": "USD", "grossProfit": "97944000", "totalRevenue": "290916000", "costOfRevenue": "192972000", "costofGoodsAndServicesSold": "192972000", "operatingIncome": "75145000", "sellingGeneralAndAdministrative": "154490000", "researchAndDevelopment": "0", "operatingExpenses": "215771000", "investmentIncomeNet": "None", "netInterestIncome": "None", "interestIncome": "None", "interestExpense": "4000000", "nonInterestIncome": "None", "otherNonOperatingIncome": "None", "depreciation": "None", "depreciationAndAmortization": "19665000", "incomeBeforeTax": "71145000", "incomeTaxExpense": "28674000", "interestAndDebtExpense": "None", "netIncomeFromContinuingOperations": "42471000", "comprehensiveIncomeNetOfTax": "None", "ebit": "75777000", "ebitda": "95442000", "netIncome": "41223000"}, {"fiscalDateEnding": "2012-03-31", "reportedCurrency": "USD", "grossProfit": "109490000", "totalRevenue": "302486000", "costOfRevenue": "192996000", "costofGoodsAndServicesSold": "192996000", "operatingIncome": "86877000", "sellingGeneralAndAdministrative": "153343000", "researchAndDevelopment": "0", "operatingExpenses": "215609000", "investmentIncomeNet": "None", "netInterestIncome": "None", "interestIncome": "None", "interestExpense": "4087000", "nonInterestIncome": "None", "otherNonOperatingIncome": "None", "depreciation": "None", "depreciationAndAmortization": "19254000", "incomeBeforeTax": "82790000", "incomeTaxExpense": "33357000", "interestAndDebtExpense": "None", "netIncomeFromContinuingOperations": "49433000", "comprehensiveIncomeNetOfTax": "None", "ebit": "86877000", "ebitda": "106131000", "netIncome": "47934000"}, {"fiscalDateEnding": "2011-12-31", "reportedCurrency": "USD", "grossProfit": "-408657000", "totalRevenue": "244097000", "costOfRevenue": "652754000", "costofGoodsAndServicesSold": "652754000", "operatingIncome": "60837000", "sellingGeneralAndAdministrative": "132245000", "researchAndDevelopment": "0", "operatingExpenses": "181054000", "investmentIncomeNet": "None", "netInterestIncome": "None", "interestIncome": "None", "interestExpense": "3352000", "nonInterestIncome": "None", "otherNonOperatingIncome": "None", "depreciation": "None", "depreciationAndAmortization": "17081000", "incomeBeforeTax": "59691000", "incomeTaxExpense": "23197000", "interestAndDebtExpense": "None", "netIncomeFromContinuingOperations": "36494000", "comprehensiveIncomeNetOfTax": "None", "ebit": "63043000", "ebitda": "80124000", "netIncome": "36494000"}, {"fiscalDateEnding": "2011-09-30", "reportedCurrency": "USD", "grossProfit": "95090000", "totalRevenue": "260401000", "costOfRevenue": "165311000", "costofGoodsAndServicesSold": "165311000", "operatingIncome": "76257000", "sellingGeneralAndAdministrative": "129733000", "researchAndDevelopment": "0", "operatingExpenses": "184144000", "investmentIncomeNet": "None", "netInterestIncome": "None", "interestIncome": "None", "interestExpense": "3565000", "nonInterestIncome": "None", "otherNonOperatingIncome": "None", "depreciation": "None", "depreciationAndAmortization": "16787000", "incomeBeforeTax": "72692000", "incomeTaxExpense": "28519000", "interestAndDebtExpense": "None", "netIncomeFromContinuingOperations": "44173000", "comprehensiveIncomeNetOfTax": "None", "ebit": "76257000", "ebitda": "93044000", "netIncome": "42778000"}, {"fiscalDateEnding": "2011-06-30", "reportedCurrency": "USD", "grossProfit": "85985000", "totalRevenue": "246816000", "costOfRevenue": "160831000", "costofGoodsAndServicesSold": "160831000", "operatingIncome": "65076000", "sellingGeneralAndAdministrative": "128561000", "researchAndDevelopment": "0", "operatingExpenses": "181740000", "investmentIncomeNet": "None", "netInterestIncome": "None", "interestIncome": "None", "interestExpense": "3608000", "nonInterestIncome": "None", "otherNonOperatingIncome": "None", "depreciation": "None", "depreciationAndAmortization": "16635000", "incomeBeforeTax": "61468000", "incomeTaxExpense": "24433000", "interestAndDebtExpense": "None", "netIncomeFromContinuingOperations": "37035000", "comprehensiveIncomeNetOfTax": "None", "ebit": "65076000", "ebitda": "81711000", "netIncome": "37035000"}, {"fiscalDateEnding": "2011-03-31", "reportedCurrency": "USD", "grossProfit": "99595000", "totalRevenue": "262228000", "costOfRevenue": "162633000", "costofGoodsAndServicesSold": "162633000", "operatingIncome": "80277000", "sellingGeneralAndAdministrative": "129330000", "researchAndDevelopment": "0", "operatingExpenses": "182050000", "investmentIncomeNet": "None", "netInterestIncome": "None", "interestIncome": "None", "interestExpense": "3607000", "nonInterestIncome": "None", "otherNonOperatingIncome": "None", "depreciation": "None", "depreciationAndAmortization": "16644000", "incomeBeforeTax": "76670000", "incomeTaxExpense": "30377000", "interestAndDebtExpense": "None", "netIncomeFromContinuingOperations": "46293000", "comprehensiveIncomeNetOfTax": "None", "ebit": "80277000", "ebitda": "96921000", "netIncome": "46293000"}, {"fiscalDateEnding": "2010-12-31", "reportedCurrency": "USD", "grossProfit": "-393733000", "totalRevenue": "229938000", "costOfRevenue": "623671000", "costofGoodsAndServicesSold": "623671000", "operatingIncome": "-176021000", "sellingGeneralAndAdministrative": "123879000", "researchAndDevelopment": "0", "operatingExpenses": "176021000", "investmentIncomeNet": "None", "netInterestIncome": "None", "interestIncome": "None", "interestExpense": "3624000", "nonInterestIncome": "None", "otherNonOperatingIncome": "None", "depreciation": "None", "depreciationAndAmortization": "16511000", "incomeBeforeTax": "51967000", "incomeTaxExpense": "19821000", "interestAndDebtExpense": "None", "netIncomeFromContinuingOperations": "0", "comprehensiveIncomeNetOfTax": "None", "ebit": "55591000", "ebitda": "72102000", "netIncome": "32146000"}, {"fiscalDateEnding": "2010-09-30", "reportedCurrency": "USD", "grossProfit": "94314000", "totalRevenue": "247616000", "costOfRevenue": "153302000", "costofGoodsAndServicesSold": "153302000", "operatingIncome": "76641000", "sellingGeneralAndAdministrative": "123496000", "researchAndDevelopment": "0", "operatingExpenses": "170975000", "investmentIncomeNet": "None", "netInterestIncome": "None", "interestIncome": "None", "interestExpense": "3607000", "nonInterestIncome": "None", "otherNonOperatingIncome": "None", "depreciation": "None", "depreciationAndAmortization": "15985000", "incomeBeforeTax": "73034000", "incomeTaxExpense": "28741000", "interestAndDebtExpense": "None", "netIncomeFromContinuingOperations": "44293000", "comprehensiveIncomeNetOfTax": "None", "ebit": "76641000", "ebitda": "92626000", "netIncome": "44293000"}, {"fiscalDateEnding": "2010-06-30", "reportedCurrency": "USD", "grossProfit": "88671000", "totalRevenue": "243665000", "costOfRevenue": "154994000", "costofGoodsAndServicesSold": "154994000", "operatingIncome": "71645000", "sellingGeneralAndAdministrative": "123152000", "researchAndDevelopment": "0", "operatingExpenses": "172020000", "investmentIncomeNet": "None", "netInterestIncome": "None", "interestIncome": "None", "interestExpense": "3632000", "nonInterestIncome": "None", "otherNonOperatingIncome": "None", "depreciation": "None", "depreciationAndAmortization": "15779000", "incomeBeforeTax": "68013000", "incomeTaxExpense": "26828000", "interestAndDebtExpense": "None", "netIncomeFromContinuingOperations": "41185000", "comprehensiveIncomeNetOfTax": "None", "ebit": "71645000", "ebitda": "87424000", "netIncome": "41185000"}, {"fiscalDateEnding": "2010-03-31", "reportedCurrency": "USD", "grossProfit": "93757000", "totalRevenue": "252273000", "costOfRevenue": "158516000", "costofGoodsAndServicesSold": "158516000", "operatingIncome": "76692000", "sellingGeneralAndAdministrative": "124138000", "researchAndDevelopment": "0", "operatingExpenses": "175581000", "investmentIncomeNet": "None", "netInterestIncome": "None", "interestIncome": "None", "interestExpense": "3608000", "nonInterestIncome": "None", "otherNonOperatingIncome": "None", "depreciation": "None", "depreciationAndAmortization": "15806000", "incomeBeforeTax": "73084000", "incomeTaxExpense": "28956000", "interestAndDebtExpense": "None", "netIncomeFromContinuingOperations": "0", "comprehensiveIncomeNetOfTax": "None", "ebit": "76692000", "ebitda": "92498000", "netIncome": "44128000"}, {"fiscalDateEnding": "2009-12-31", "reportedCurrency": "USD", "grossProfit": "-413907000", "totalRevenue": "214162000", "costOfRevenue": "628069000", "costofGoodsAndServicesSold": "628069000", "operatingIncome": "-169374000", "sellingGeneralAndAdministrative": "117222000", "researchAndDevelopment": "0", "operatingExpenses": "169374000", "investmentIncomeNet": "None", "netInterestIncome": "None", "interestIncome": "None", "interestExpense": "3711000", "nonInterestIncome": "None", "otherNonOperatingIncome": "None", "depreciation": "None", "depreciationAndAmortization": "15770000", "incomeBeforeTax": "41077000", "incomeTaxExpense": "17424000", "interestAndDebtExpense": "None", "netIncomeFromContinuingOperations": "0", "comprehensiveIncomeNetOfTax": "None", "ebit": "44788000", "ebitda": "60558000", "netIncome": "23653000"}, {"fiscalDateEnding": "2009-09-30", "reportedCurrency": "USD", "grossProfit": "88636000", "totalRevenue": "243766000", "costOfRevenue": "155130000", "costofGoodsAndServicesSold": "155130000", "operatingIncome": "71113000", "sellingGeneralAndAdministrative": "121339000", "researchAndDevelopment": "0", "operatingExpenses": "172653000", "investmentIncomeNet": "None", "netInterestIncome": "None", "interestIncome": "None", "interestExpense": "3622000", "nonInterestIncome": "None", "otherNonOperatingIncome": "None", "depreciation": "None", "depreciationAndAmortization": "15791000", "incomeBeforeTax": "67491000", "incomeTaxExpense": "26530000", "interestAndDebtExpense": "None", "netIncomeFromContinuingOperations": "0", "comprehensiveIncomeNetOfTax": "None", "ebit": "71113000", "ebitda": "86904000", "netIncome": "40961000"}, {"fiscalDateEnding": "2009-06-30", "reportedCurrency": "USD", "grossProfit": "88124000", "totalRevenue": "246369000", "costOfRevenue": "158245000", "costofGoodsAndServicesSold": "158245000", "operatingIncome": "70611000", "sellingGeneralAndAdministrative": "124320000", "researchAndDevelopment": "0", "operatingExpenses": "175758000", "investmentIncomeNet": "None", "netInterestIncome": "None", "interestIncome": "None", "interestExpense": "3632000", "nonInterestIncome": "None", "otherNonOperatingIncome": "None", "depreciation": "None", "depreciationAndAmortization": "15818000", "incomeBeforeTax": "66979000", "incomeTaxExpense": "26311000", "interestAndDebtExpense": "None", "netIncomeFromContinuingOperations": "0", "comprehensiveIncomeNetOfTax": "None", "ebit": "70611000", "ebitda": "86429000", "netIncome": "40668000"}, {"fiscalDateEnding": "2009-03-31", "reportedCurrency": "USD", "grossProfit": "100375000", "totalRevenue": "263580000", "costOfRevenue": "163205000", "costofGoodsAndServicesSold": "163205000", "operatingIncome": "82841000", "sellingGeneralAndAdministrative": "129157000", "researchAndDevelopment": "0", "operatingExpenses": "180739000", "investmentIncomeNet": "None", "netInterestIncome": "None", "interestIncome": "None", "interestExpense": "3634000", "nonInterestIncome": "None", "otherNonOperatingIncome": "None", "depreciation": "None", "depreciationAndAmortization": "15718000", "incomeBeforeTax": "79207000", "incomeTaxExpense": "31195000", "interestAndDebtExpense": "None", "netIncomeFromContinuingOperations": "0", "comprehensiveIncomeNetOfTax": "None", "ebit": "82841000", "ebitda": "98559000", "netIncome": "48012000"}, {"fiscalDateEnding": "2008-12-31", "reportedCurrency": "USD", "grossProfit": "-391045000", "totalRevenue": "232090000", "costOfRevenue": "623135000", "costofGoodsAndServicesSold": "623135000", "operatingIncome": "-174219000", "sellingGeneralAndAdministrative": "123661000", "researchAndDevelopment": "0", "operatingExpenses": "174219000", "investmentIncomeNet": "None", "netInterestIncome": "None", "interestIncome": "None", "interestExpense": "3645000", "nonInterestIncome": "None", "otherNonOperatingIncome": "None", "depreciation": "None", "depreciationAndAmortization": "15199000", "incomeBeforeTax": "54226000", "incomeTaxExpense": "20853000", "interestAndDebtExpense": "None", "netIncomeFromContinuingOperations": "0", "comprehensiveIncomeNetOfTax": "None", "ebit": "57871000", "ebitda": "73070000", "netIncome": "33373000"}, {"fiscalDateEnding": "2008-09-30", "reportedCurrency": "USD", "grossProfit": "88452000", "totalRevenue": "247029000", "costOfRevenue": "158577000", "costofGoodsAndServicesSold": "158577000", "operatingIncome": "70961000", "sellingGeneralAndAdministrative": "122172000", "researchAndDevelopment": "0", "operatingExpenses": "176068000", "investmentIncomeNet": "None", "netInterestIncome": "None", "interestIncome": "None", "interestExpense": "3867000", "nonInterestIncome": "None", "otherNonOperatingIncome": "None", "depreciation": "None", "depreciationAndAmortization": "15672000", "incomeBeforeTax": "67094000", "incomeTaxExpense": "26501000", "interestAndDebtExpense": "None", "netIncomeFromContinuingOperations": "0", "comprehensiveIncomeNetOfTax": "None", "ebit": "70961000", "ebitda": "86633000", "netIncome": "40593000"}, {"fiscalDateEnding": "2008-06-30", "reportedCurrency": "USD", "grossProfit": "86822000", "totalRevenue": "241720000", "costOfRevenue": "154898000", "costofGoodsAndServicesSold": "154898000", "operatingIncome": "-171382000", "sellingGeneralAndAdministrative": "122314000", "researchAndDevelopment": "0", "operatingExpenses": "171382000", "investmentIncomeNet": "None", "netInterestIncome": "None", "interestIncome": "None", "interestExpense": "3744000", "nonInterestIncome": "None", "otherNonOperatingIncome": "None", "depreciation": "None", "depreciationAndAmortization": "14684000", "incomeBeforeTax": "66594000", "incomeTaxExpense": "26196000", "interestAndDebtExpense": "None", "netIncomeFromContinuingOperations": "0", "comprehensiveIncomeNetOfTax": "None", "ebit": "70338000", "ebitda": "85022000", "netIncome": "40398000"}, {"fiscalDateEnding": "2008-03-31", "reportedCurrency": "USD", "grossProfit": "104324000", "totalRevenue": "256715000", "costOfRevenue": "152391000", "costofGoodsAndServicesSold": "152391000", "operatingIncome": "88018000", "sellingGeneralAndAdministrative": "123131000", "researchAndDevelopment": "0", "operatingExpenses": "168697000", "investmentIncomeNet": "None", "netInterestIncome": "None", "interestIncome": "None", "interestExpense": "3434000", "nonInterestIncome": "None", "otherNonOperatingIncome": "None", "depreciation": "None", "depreciationAndAmortization": "14362000", "incomeBeforeTax": "84584000", "incomeTaxExpense": "32824000", "interestAndDebtExpense": "None", "netIncomeFromContinuingOperations": "0", "comprehensiveIncomeNetOfTax": "None", "ebit": "88018000", "ebitda": "102380000", "netIncome": "51760000"}, {"fiscalDateEnding": "2007-12-31", "reportedCurrency": "USD", "grossProfit": "-358246000", "totalRevenue": "217226000", "costOfRevenue": "575472000", "costofGoodsAndServicesSold": "575472000", "operatingIncome": "-160375000", "sellingGeneralAndAdministrative": "111504000", "researchAndDevelopment": "0", "operatingExpenses": "160375000", "investmentIncomeNet": "None", "netInterestIncome": "None", "interestIncome": "None", "interestExpense": "3357000", "nonInterestIncome": "None", "otherNonOperatingIncome": "None", "depreciation": "None", "depreciationAndAmortization": "13909000", "incomeBeforeTax": "53494000", "incomeTaxExpense": "20490000", "interestAndDebtExpense": "None", "netIncomeFromContinuingOperations": "0", "comprehensiveIncomeNetOfTax": "None", "ebit": "56851000", "ebitda": "70760000", "netIncome": "33004000"}, {"fiscalDateEnding": "2007-09-30", "reportedCurrency": "USD", "grossProfit": "93865000", "totalRevenue": "237284000", "costOfRevenue": "143419000", "costofGoodsAndServicesSold": "143419000", "operatingIncome": "78830000", "sellingGeneralAndAdministrative": "111982000", "researchAndDevelopment": "0", "operatingExpenses": "158454000", "investmentIncomeNet": "None", "netInterestIncome": "None", "interestIncome": "None", "interestExpense": "3395000", "nonInterestIncome": "None", "otherNonOperatingIncome": "None", "depreciation": "None", "depreciationAndAmortization": "13544000", "incomeBeforeTax": "75435000", "incomeTaxExpense": "29219000", "interestAndDebtExpense": "None", "netIncomeFromContinuingOperations": "0", "comprehensiveIncomeNetOfTax": "None", "ebit": "78830000", "ebitda": "92374000", "netIncome": "46216000"}, {"fiscalDateEnding": "2007-06-30", "reportedCurrency": "USD", "grossProfit": "102450000", "totalRevenue": "246644000", "costOfRevenue": "144194000", "costofGoodsAndServicesSold": "144194000", "operatingIncome": "87912000", "sellingGeneralAndAdministrative": "113970000", "researchAndDevelopment": "0", "operatingExpenses": "158732000", "investmentIncomeNet": "None", "netInterestIncome": "None", "interestIncome": "None", "interestExpense": "3416000", "nonInterestIncome": "None", "otherNonOperatingIncome": "None", "depreciation": "None", "depreciationAndAmortization": "13204000", "incomeBeforeTax": "84496000", "incomeTaxExpense": "32484000", "interestAndDebtExpense": "None", "netIncomeFromContinuingOperations": "0", "comprehensiveIncomeNetOfTax": "None", "ebit": "87912000", "ebitda": "101116000", "netIncome": "52012000"}, {"fiscalDateEnding": "2007-03-31", "reportedCurrency": "USD", "grossProfit": "115780000", "totalRevenue": "258513000", "costOfRevenue": "142733000", "costofGoodsAndServicesSold": "142733000", "operatingIncome": "101736000", "sellingGeneralAndAdministrative": "112312000", "researchAndDevelopment": "0", "operatingExpenses": "156777000", "investmentIncomeNet": "None", "netInterestIncome": "None", "interestIncome": "None", "interestExpense": "3634000", "nonInterestIncome": "None", "otherNonOperatingIncome": "None", "depreciation": "None", "depreciationAndAmortization": "12542000", "incomeBeforeTax": "98102000", "incomeTaxExpense": "38375000", "interestAndDebtExpense": "None", "netIncomeFromContinuingOperations": "0", "comprehensiveIncomeNetOfTax": "None", "ebit": "101736000", "ebitda": "114278000", "netIncome": "59727000"}, {"fiscalDateEnding": "2006-12-31", "reportedCurrency": "USD", "grossProfit": "-316733000", "totalRevenue": "214650000", "costOfRevenue": "531383000", "costofGoodsAndServicesSold": "531383000", "operatingIncome": "-149300000", "sellingGeneralAndAdministrative": "100975000", "researchAndDevelopment": "0", "operatingExpenses": "149300000", "investmentIncomeNet": "None", "netInterestIncome": "None", "interestIncome": "None", "interestExpense": "3277000", "nonInterestIncome": "None", "otherNonOperatingIncome": "None", "depreciation": "None", "depreciationAndAmortization": "12438000", "incomeBeforeTax": "62073000", "incomeTaxExpense": "24450000", "interestAndDebtExpense": "None", "netIncomeFromContinuingOperations": "0", "comprehensiveIncomeNetOfTax": "None", "ebit": "65350000", "ebitda": "77788000", "netIncome": "37623000"}, {"fiscalDateEnding": "2006-09-30", "reportedCurrency": "USD", "grossProfit": "81642000", "totalRevenue": "211965000", "costOfRevenue": "130323000", "costofGoodsAndServicesSold": "130323000", "operatingIncome": "68794000", "sellingGeneralAndAdministrative": "101658000", "researchAndDevelopment": "0", "operatingExpenses": "143171000", "investmentIncomeNet": "None", "netInterestIncome": "None", "interestIncome": "None", "interestExpense": "3229000", "nonInterestIncome": "None", "otherNonOperatingIncome": "None", "depreciation": "None", "depreciationAndAmortization": "12011000", "incomeBeforeTax": "65565000", "incomeTaxExpense": "25295000", "interestAndDebtExpense": "None", "netIncomeFromContinuingOperations": "0", "comprehensiveIncomeNetOfTax": "None", "ebit": "68794000", "ebitda": "80805000", "netIncome": "40270000"}, {"fiscalDateEnding": "2006-06-30", "reportedCurrency": "USD", "grossProfit": "87493000", "totalRevenue": "220807000", "costOfRevenue": "133314000", "costofGoodsAndServicesSold": "133314000", "operatingIncome": "74296000", "sellingGeneralAndAdministrative": "104614000", "researchAndDevelopment": "0", "operatingExpenses": "146511000", "investmentIncomeNet": "None", "netInterestIncome": "None", "interestIncome": "None", "interestExpense": "3329000", "nonInterestIncome": "None", "otherNonOperatingIncome": "None", "depreciation": "None", "depreciationAndAmortization": "11763000", "incomeBeforeTax": "70967000", "incomeTaxExpense": "26536000", "interestAndDebtExpense": "None", "netIncomeFromContinuingOperations": "0", "comprehensiveIncomeNetOfTax": "None", "ebit": "74296000", "ebitda": "86059000", "netIncome": "44431000"}, {"fiscalDateEnding": "2006-03-31", "reportedCurrency": "USD", "grossProfit": "98883000", "totalRevenue": "230582000", "costOfRevenue": "131699000", "costofGoodsAndServicesSold": "131699000", "operatingIncome": "84958000", "sellingGeneralAndAdministrative": "103060000", "researchAndDevelopment": "0", "operatingExpenses": "145624000", "investmentIncomeNet": "None", "netInterestIncome": "None", "interestIncome": "None", "interestExpense": "3522000", "nonInterestIncome": "None", "otherNonOperatingIncome": "None", "depreciation": "None", "depreciationAndAmortization": "11595000", "incomeBeforeTax": "81436000", "incomeTaxExpense": "31410000", "interestAndDebtExpense": "None", "netIncomeFromContinuingOperations": "0", "comprehensiveIncomeNetOfTax": "None", "ebit": "84958000", "ebitda": "96553000", "netIncome": "50026000"}, {"fiscalDateEnding": "2005-12-31", "reportedCurrency": "USD", "grossProfit": "-181772000", "totalRevenue": "193171000", "costOfRevenue": "374943000", "costofGoodsAndServicesSold": "374943000", "operatingIncome": "61038000", "sellingGeneralAndAdministrative": "277516000", "researchAndDevelopment": "0", "operatingExpenses": "-239124000", "investmentIncomeNet": "None", "netInterestIncome": "None", "interestIncome": "None", "interestExpense": "3578000", "nonInterestIncome": "None", "otherNonOperatingIncome": "None", "depreciation": "None", "depreciationAndAmortization": "11530000", "incomeBeforeTax": "57460000", "incomeTaxExpense": "21743000", "interestAndDebtExpense": "None", "netIncomeFromContinuingOperations": "0", "comprehensiveIncomeNetOfTax": "None", "ebit": "61038000", "ebitda": "72568000", "netIncome": "35717000"}, {"fiscalDateEnding": "2005-09-30", "reportedCurrency": "USD", "grossProfit": "70998000", "totalRevenue": "190645000", "costOfRevenue": "119647000", "costofGoodsAndServicesSold": "119647000", "operatingIncome": "59327000", "sellingGeneralAndAdministrative": "94690000", "researchAndDevelopment": "0", "operatingExpenses": "131318000", "investmentIncomeNet": "None", "netInterestIncome": "None", "interestIncome": "None", "interestExpense": "3638000", "nonInterestIncome": "None", "otherNonOperatingIncome": "None", "depreciation": "None", "depreciationAndAmortization": "10990000", "incomeBeforeTax": "55689000", "incomeTaxExpense": "20906000", "interestAndDebtExpense": "None", "netIncomeFromContinuingOperations": "0", "comprehensiveIncomeNetOfTax": "None", "ebit": "59327000", "ebitda": "70317000", "netIncome": "34783000"}, {"fiscalDateEnding": "2005-06-30", "reportedCurrency": "USD", "grossProfit": "75851000", "totalRevenue": "195931000", "costOfRevenue": "120080000", "costofGoodsAndServicesSold": "120080000", "operatingIncome": "64179000", "sellingGeneralAndAdministrative": "94888000", "researchAndDevelopment": "0", "operatingExpenses": "131752000", "investmentIncomeNet": "None", "netInterestIncome": "None", "interestIncome": "None", "interestExpense": "3711000", "nonInterestIncome": "None", "otherNonOperatingIncome": "None", "depreciation": "None", "depreciationAndAmortization": "10884000", "incomeBeforeTax": "60468000", "incomeTaxExpense": "23435000", "interestAndDebtExpense": "None", "netIncomeFromContinuingOperations": "0", "comprehensiveIncomeNetOfTax": "None", "ebit": "64179000", "ebitda": "75063000", "netIncome": "37033000"}, {"fiscalDateEnding": "2005-03-31", "reportedCurrency": "USD", "grossProfit": "84848000", "totalRevenue": "202374000", "costOfRevenue": "117526000", "costofGoodsAndServicesSold": "117526000", "operatingIncome": "74055000", "sellingGeneralAndAdministrative": "91275000", "researchAndDevelopment": "0", "operatingExpenses": "128319000", "investmentIncomeNet": "None", "netInterestIncome": "None", "interestIncome": "None", "interestExpense": "3542000", "nonInterestIncome": "None", "otherNonOperatingIncome": "None", "depreciation": "None", "depreciationAndAmortization": "9902000", "incomeBeforeTax": "70513000", "incomeTaxExpense": "27495000", "interestAndDebtExpense": "None", "netIncomeFromContinuingOperations": "0", "comprehensiveIncomeNetOfTax": "None", "ebit": "74055000", "ebitda": "83957000", "netIncome": "43018000"}, {"fiscalDateEnding": "2004-12-31", "reportedCurrency": "USD", "grossProfit": "-236102000", "totalRevenue": "163046000", "costOfRevenue": "399148000", "costofGoodsAndServicesSold": "399148000", "operatingIncome": "-112785000", "sellingGeneralAndAdministrative": "82221000", "researchAndDevelopment": "0", "operatingExpenses": "112785000", "investmentIncomeNet": "None", "netInterestIncome": "None", "interestIncome": "None", "interestExpense": "3457000", "nonInterestIncome": "None", "otherNonOperatingIncome": "None", "depreciation": "None", "depreciationAndAmortization": "8318000", "incomeBeforeTax": "46804000", "incomeTaxExpense": "16548000", "interestAndDebtExpense": "None", "netIncomeFromContinuingOperations": "0", "comprehensiveIncomeNetOfTax": "None", "ebit": "50261000", "ebitda": "58579000", "netIncome": "30256000"}]}