{"symbol": "VRSK", "annualReports": [{"fiscalDateEnding": "2024-12-31", "reportedCurrency": "USD", "grossProfit": "505100000", "totalRevenue": "735600000", "costOfRevenue": "230500000", "costofGoodsAndServicesSold": "230500000", "operatingIncome": "316300000", "sellingGeneralAndAdministrative": "408700000", "researchAndDevelopment": "None", "operatingExpenses": "188800000", "investmentIncomeNet": "None", "netInterestIncome": "-124600000", "interestIncome": "None", "interestExpense": "124600000", "nonInterestIncome": "None", "otherNonOperatingIncome": "None", "depreciation": "None", "depreciationAndAmortization": "305900000", "incomeBeforeTax": "1490000", "incomeTaxExpense": "1490000", "interestAndDebtExpense": "None", "netIncomeFromContinuingOperations": "950700000", "comprehensiveIncomeNetOfTax": "None", "ebit": "1353200000", "ebitda": "1659100000", "netIncome": "1490000"}, {"fiscalDateEnding": "2023-12-31", "reportedCurrency": "USD", "grossProfit": "1804900000", "totalRevenue": "2681400000", "costOfRevenue": "876500000", "costofGoodsAndServicesSold": "876500000", "operatingIncome": "1131700000", "sellingGeneralAndAdministrative": "391800000", "researchAndDevelopment": "207100000", "operatingExpenses": "673200000", "investmentIncomeNet": "None", "netInterestIncome": "-115500000", "interestIncome": "None", "interestExpense": "115500000", "nonInterestIncome": "None", "otherNonOperatingIncome": "None", "depreciation": "None", "depreciationAndAmortization": "281400000", "incomeBeforeTax": "1027200000", "incomeTaxExpense": "258800000", "interestAndDebtExpense": "None", "netIncomeFromContinuingOperations": "768400000", "comprehensiveIncomeNetOfTax": "None", "ebit": "1142700000", "ebitda": "1424100000", "netIncome": "614600000"}, {"fiscalDateEnding": "2022-12-31", "reportedCurrency": "USD", "grossProfit": "1672400000", "totalRevenue": "2497000000", "costOfRevenue": "824600000", "costofGoodsAndServicesSold": "824600000", "operatingIncome": "1406500000", "sellingGeneralAndAdministrative": "381500000", "researchAndDevelopment": "43100000", "operatingExpenses": "265900000", "investmentIncomeNet": "None", "netInterestIncome": "-138800000", "interestIncome": "None", "interestExpense": "138800000", "nonInterestIncome": "None", "otherNonOperatingIncome": "None", "depreciation": "None", "depreciationAndAmortization": "238600000", "incomeBeforeTax": "1262400000", "incomeTaxExpense": "220300000", "interestAndDebtExpense": "None", "netIncomeFromContinuingOperations": "1042100000", "comprehensiveIncomeNetOfTax": "None", "ebit": "1401200000", "ebitda": "1639800000", "netIncome": "954300000"}, {"fiscalDateEnding": "2021-12-31", "reportedCurrency": "USD", "grossProfit": "1940800000", "totalRevenue": "2998600000", "costOfRevenue": "1057800000", "costofGoodsAndServicesSold": "1057800000", "operatingIncome": "1000500000", "sellingGeneralAndAdministrative": "422700000", "researchAndDevelopment": "47100000", "operatingExpenses": "940300000", "investmentIncomeNet": "None", "netInterestIncome": "-127000000", "interestIncome": "None", "interestExpense": "127000000", "nonInterestIncome": "None", "otherNonOperatingIncome": "1900000", "depreciation": "None", "depreciationAndAmortization": "250200000", "incomeBeforeTax": "875400000", "incomeTaxExpense": "209100000", "interestAndDebtExpense": "None", "netIncomeFromContinuingOperations": "666300000", "comprehensiveIncomeNetOfTax": "None", "ebit": "913500000", "ebitda": "1163700000", "netIncome": "666300000"}, {"fiscalDateEnding": "2020-12-31", "reportedCurrency": "USD", "grossProfit": "1790700000", "totalRevenue": "2784600000", "costOfRevenue": "993900000", "costofGoodsAndServicesSold": "993900000", "operatingIncome": "1038100000", "sellingGeneralAndAdministrative": "413000000", "researchAndDevelopment": "48900000", "operatingExpenses": "752600000", "investmentIncomeNet": "None", "netInterestIncome": "-138200000", "interestIncome": "None", "interestExpense": "138200000", "nonInterestIncome": "None", "otherNonOperatingIncome": "-2400000", "depreciation": "None", "depreciationAndAmortization": "358100000", "incomeBeforeTax": "897500000", "incomeTaxExpense": "184800000", "interestAndDebtExpense": "None", "netIncomeFromContinuingOperations": "712700000", "comprehensiveIncomeNetOfTax": "None", "ebit": "1035700000", "ebitda": "1393800000", "netIncome": "712700000"}, {"fiscalDateEnding": "2019-12-31", "reportedCurrency": "USD", "grossProfit": "1630300000", "totalRevenue": "2607100000", "costOfRevenue": "976800000", "costofGoodsAndServicesSold": "976800000", "operatingIncome": "696900000", "sellingGeneralAndAdministrative": "603500000", "researchAndDevelopment": "65599999", "operatingExpenses": "933400000", "investmentIncomeNet": "None", "netInterestIncome": "-126800000", "interestIncome": "128500000", "interestExpense": "126800000", "nonInterestIncome": "None", "otherNonOperatingIncome": "None", "depreciation": "None", "depreciationAndAmortization": "323700000", "incomeBeforeTax": "568400000", "incomeTaxExpense": "118500000", "interestAndDebtExpense": "None", "netIncomeFromContinuingOperations": "449900000", "comprehensiveIncomeNetOfTax": "None", "ebit": "695200000", "ebitda": "1018900000", "netIncome": "449900000"}, {"fiscalDateEnding": "2018-12-31", "reportedCurrency": "USD", "grossProfit": "1508900000", "totalRevenue": "2395100000", "costOfRevenue": "886200000", "costofGoodsAndServicesSold": "886200000", "operatingIncome": "834100000", "sellingGeneralAndAdministrative": "378700000", "researchAndDevelopment": "47600000", "operatingExpenses": "674800000", "investmentIncomeNet": "None", "netInterestIncome": "-129700000", "interestIncome": "114400000", "interestExpense": "129700000", "nonInterestIncome": "None", "otherNonOperatingIncome": "15300000", "depreciation": "None", "depreciationAndAmortization": "296100000", "incomeBeforeTax": "719700000", "incomeTaxExpense": "121000000", "interestAndDebtExpense": "None", "netIncomeFromContinuingOperations": "598700000", "comprehensiveIncomeNetOfTax": "None", "ebit": "849400000", "ebitda": "1145500000", "netIncome": "598700000"}, {"fiscalDateEnding": "2017-12-31", "reportedCurrency": "USD", "grossProfit": "1361400000", "totalRevenue": "2145200000", "costOfRevenue": "783800000", "costofGoodsAndServicesSold": "783800000", "operatingIncome": "801200000", "sellingGeneralAndAdministrative": "322800000", "researchAndDevelopment": "37400000", "operatingExpenses": "560200000", "investmentIncomeNet": "None", "netInterestIncome": "-119400000", "interestIncome": "110200000", "interestExpense": "119400000", "nonInterestIncome": "None", "otherNonOperatingIncome": "9200000", "depreciation": "None", "depreciationAndAmortization": "237400000", "incomeBeforeTax": "691000000", "incomeTaxExpense": "135900000", "interestAndDebtExpense": "None", "netIncomeFromContinuingOperations": "555100000", "comprehensiveIncomeNetOfTax": "None", "ebit": "810400000", "ebitda": "1047800000", "netIncome": "555100000"}, {"fiscalDateEnding": "2016-12-31", "reportedCurrency": "USD", "grossProfit": "1280800000", "totalRevenue": "1995200000", "costOfRevenue": "714400000", "costofGoodsAndServicesSold": "714400000", "operatingIncome": "767600000", "sellingGeneralAndAdministrative": "301600000", "researchAndDevelopment": "27400000", "operatingExpenses": "513200000", "investmentIncomeNet": "None", "netInterestIncome": "-120000000", "interestIncome": "113900000", "interestExpense": "120000000", "nonInterestIncome": "None", "otherNonOperatingIncome": "6100000", "depreciation": "None", "depreciationAndAmortization": "211600000", "incomeBeforeTax": "653700000", "incomeTaxExpense": "202200000", "interestAndDebtExpense": "None", "netIncomeFromContinuingOperations": "451500000", "comprehensiveIncomeNetOfTax": "None", "ebit": "773700000", "ebitda": "985300000", "netIncome": "591200000"}, {"fiscalDateEnding": "2015-12-31", "reportedCurrency": "USD", "grossProfit": "1264736000", "totalRevenue": "2068010000", "costOfRevenue": "803274000", "costofGoodsAndServicesSold": "803274000", "operatingIncome": "736562000", "sellingGeneralAndAdministrative": "312690000", "researchAndDevelopment": "20600000", "operatingExpenses": "528174000", "investmentIncomeNet": "None", "netInterestIncome": "None", "interestIncome": "19300000", "interestExpense": "121316000", "nonInterestIncome": "None", "otherNonOperatingIncome": "102190000", "depreciation": "None", "depreciationAndAmortization": "215484000", "incomeBeforeTax": "717436000", "incomeTaxExpense": "209859000", "interestAndDebtExpense": "None", "netIncomeFromContinuingOperations": "507577000", "comprehensiveIncomeNetOfTax": "None", "ebit": "757016000", "ebitda": "972500000", "netIncome": "507577000"}, {"fiscalDateEnding": "2014-12-31", "reportedCurrency": "USD", "grossProfit": "1030128000", "totalRevenue": "1746726000", "costOfRevenue": "716598000", "costofGoodsAndServicesSold": "716598000", "operatingIncome": "660446000", "sellingGeneralAndAdministrative": "227306000", "researchAndDevelopment": "41900000", "operatingExpenses": "369682000", "investmentIncomeNet": "None", "netInterestIncome": "None", "interestIncome": "None", "interestExpense": "69984000", "nonInterestIncome": "None", "otherNonOperatingIncome": "158000", "depreciation": "None", "depreciationAndAmortization": "143483000", "incomeBeforeTax": "590620000", "incomeTaxExpense": "219755000", "interestAndDebtExpense": "None", "netIncomeFromContinuingOperations": "370865000", "comprehensiveIncomeNetOfTax": "None", "ebit": "632517000", "ebitda": "776000000", "netIncome": "400042000"}, {"fiscalDateEnding": "2013-12-31", "reportedCurrency": "USD", "grossProfit": "973180000", "totalRevenue": "1595703000", "costOfRevenue": "622523000", "costofGoodsAndServicesSold": "622523000", "operatingIncome": "614267000", "sellingGeneralAndAdministrative": "228982000", "researchAndDevelopment": "34232000", "operatingExpenses": "358913000", "investmentIncomeNet": "None", "netInterestIncome": "None", "interestIncome": "None", "interestExpense": "76136000", "nonInterestIncome": "None", "otherNonOperatingIncome": "609000", "depreciation": "None", "depreciationAndAmortization": "134578000", "incomeBeforeTax": "538740000", "incomeTaxExpense": "196426000", "interestAndDebtExpense": "None", "netIncomeFromContinuingOperations": "735166000", "comprehensiveIncomeNetOfTax": "None", "ebit": "601461000", "ebitda": "736039000", "netIncome": "348380000"}, {"fiscalDateEnding": "2012-12-31", "reportedCurrency": "USD", "grossProfit": "927146000", "totalRevenue": "1534320000", "costOfRevenue": "607174000", "costofGoodsAndServicesSold": "607174000", "operatingIncome": "591588000", "sellingGeneralAndAdministrative": "231359000", "researchAndDevelopment": "27321000", "operatingExpenses": "335558000", "investmentIncomeNet": "None", "netInterestIncome": "None", "interestIncome": "None", "interestExpense": "72508000", "nonInterestIncome": "None", "otherNonOperatingIncome": "128000", "depreciation": "None", "depreciationAndAmortization": "104199000", "incomeBeforeTax": "519208000", "incomeTaxExpense": "190066000", "interestAndDebtExpense": "None", "netIncomeFromContinuingOperations": "329142000", "comprehensiveIncomeNetOfTax": "None", "ebit": "591716000", "ebitda": "695915000", "netIncome": "329142000"}, {"fiscalDateEnding": "2011-12-31", "reportedCurrency": "USD", "grossProfit": "798105000", "totalRevenue": "1331840000", "costOfRevenue": "533735000", "costofGoodsAndServicesSold": "533735000", "operatingIncome": "513381000", "sellingGeneralAndAdministrative": "209469000", "researchAndDevelopment": "15393000", "operatingExpenses": "288088000", "investmentIncomeNet": "None", "netInterestIncome": "None", "interestIncome": "None", "interestExpense": "53847000", "nonInterestIncome": "None", "otherNonOperatingIncome": "887000", "depreciation": "None", "depreciationAndAmortization": "78619000", "incomeBeforeTax": "460421000", "incomeTaxExpense": "177663000", "interestAndDebtExpense": "None", "netIncomeFromContinuingOperations": "282758000", "comprehensiveIncomeNetOfTax": "None", "ebit": "514268000", "ebitda": "592887000", "netIncome": "282758000"}, {"fiscalDateEnding": "2010-12-31", "reportedCurrency": "USD", "grossProfit": "674870000", "totalRevenue": "1138343000", "costOfRevenue": "463473000", "costofGoodsAndServicesSold": "463473000", "operatingIncome": "440914000", "sellingGeneralAndAdministrative": "166374000", "researchAndDevelopment": "14870000", "operatingExpenses": "234500000", "investmentIncomeNet": "None", "netInterestIncome": "None", "interestIncome": "None", "interestExpense": "34664000", "nonInterestIncome": "None", "otherNonOperatingIncome": "None", "depreciation": "None", "depreciationAndAmortization": "68126000", "incomeBeforeTax": "406650000", "incomeTaxExpense": "164098000", "interestAndDebtExpense": "None", "netIncomeFromContinuingOperations": "None", "comprehensiveIncomeNetOfTax": "None", "ebit": "441314000", "ebitda": "509440000", "netIncome": "242552000"}, {"fiscalDateEnding": "2009-12-31", "reportedCurrency": "USD", "grossProfit": "535810000", "totalRevenue": "1027104000", "costOfRevenue": "491294000", "costofGoodsAndServicesSold": "491294000", "operatingIncome": "266869000", "sellingGeneralAndAdministrative": "162604000", "researchAndDevelopment": "14109000", "operatingExpenses": "233803000", "investmentIncomeNet": "None", "netInterestIncome": "None", "interestIncome": "None", "interestExpense": "35265000", "nonInterestIncome": "None", "otherNonOperatingIncome": "None", "depreciation": "None", "depreciationAndAmortization": "71199000", "incomeBeforeTax": "264605000", "incomeTaxExpense": "137991000", "interestAndDebtExpense": "None", "netIncomeFromContinuingOperations": "None", "comprehensiveIncomeNetOfTax": "None", "ebit": "299870000", "ebitda": "371069000", "netIncome": "126614000"}, {"fiscalDateEnding": "2008-12-31", "reportedCurrency": "USD", "grossProfit": "506653000", "totalRevenue": "893550000", "costOfRevenue": "386897000", "costofGoodsAndServicesSold": "386897000", "operatingIncome": "310542000", "sellingGeneralAndAdministrative": "123439000", "researchAndDevelopment": "11054000", "operatingExpenses": "196111000", "investmentIncomeNet": "None", "netInterestIncome": "None", "interestIncome": "None", "interestExpense": "31316000", "nonInterestIncome": "None", "otherNonOperatingIncome": "None", "depreciation": "None", "depreciationAndAmortization": "64872000", "incomeBeforeTax": "278899000", "incomeTaxExpense": "120671000", "interestAndDebtExpense": "None", "netIncomeFromContinuingOperations": "None", "comprehensiveIncomeNetOfTax": "None", "ebit": "310215000", "ebitda": "375087000", "netIncome": "158228000"}, {"fiscalDateEnding": "2007-12-31", "reportedCurrency": "USD", "grossProfit": "445004000", "totalRevenue": "802195000", "costOfRevenue": "357191000", "costofGoodsAndServicesSold": "357191000", "operatingIncome": "271767000", "sellingGeneralAndAdministrative": "107576000", "researchAndDevelopment": "8944000", "operatingExpenses": "173237000", "investmentIncomeNet": "None", "netInterestIncome": "None", "interestIncome": "None", "interestExpense": "22928000", "nonInterestIncome": "None", "otherNonOperatingIncome": "None", "depreciation": "None", "depreciationAndAmortization": "65759000", "incomeBeforeTax": "258147000", "incomeTaxExpense": "103184000", "interestAndDebtExpense": "None", "netIncomeFromContinuingOperations": "None", "comprehensiveIncomeNetOfTax": "None", "ebit": "280977000", "ebitda": "346736000", "netIncome": "150374000"}], "quarterlyReports": [{"fiscalDateEnding": "2024-12-31", "reportedCurrency": "USD", "grossProfit": "505100000", "totalRevenue": "735600000", "costOfRevenue": "230500000", "costofGoodsAndServicesSold": "230500000", "operatingIncome": "316300000", "sellingGeneralAndAdministrative": "100300000", "researchAndDevelopment": "None", "operatingExpenses": "188800000", "investmentIncomeNet": "None", "netInterestIncome": "-34500000", "interestIncome": "None", "interestExpense": "34500000", "nonInterestIncome": "None", "otherNonOperatingIncome": "None", "depreciation": "None", "depreciationAndAmortization": "76400000", "incomeBeforeTax": "275100000", "incomeTaxExpense": "71600000", "interestAndDebtExpense": "None", "netIncomeFromContinuingOperations": "203500000", "comprehensiveIncomeNetOfTax": "None", "ebit": "309600000", "ebitda": "386000000", "netIncome": "210300000"}, {"fiscalDateEnding": "2024-09-30", "reportedCurrency": "USD", "grossProfit": "501900000", "totalRevenue": "725300000", "costOfRevenue": "223400000", "costofGoodsAndServicesSold": "223400000", "operatingIncome": "311500000", "sellingGeneralAndAdministrative": "114000000", "researchAndDevelopment": "None", "operatingExpenses": "190400000", "investmentIncomeNet": "None", "netInterestIncome": "-32100000", "interestIncome": "None", "interestExpense": "32100000", "nonInterestIncome": "None", "otherNonOperatingIncome": "None", "depreciation": "None", "depreciationAndAmortization": "76400000", "incomeBeforeTax": "285300000", "incomeTaxExpense": "65300000", "interestAndDebtExpense": "None", "netIncomeFromContinuingOperations": "220000000", "comprehensiveIncomeNetOfTax": "None", "ebit": "317400000", "ebitda": "393800000", "netIncome": "220000000"}, {"fiscalDateEnding": "2024-06-30", "reportedCurrency": "USD", "grossProfit": "420200000", "totalRevenue": "716800000", "costOfRevenue": "296600000", "costofGoodsAndServicesSold": "296600000", "operatingIncome": "318700000", "sellingGeneralAndAdministrative": "101500000", "researchAndDevelopment": "None", "operatingExpenses": "101500000", "investmentIncomeNet": "None", "netInterestIncome": "-29100000", "interestIncome": "None", "interestExpense": "29100000", "nonInterestIncome": "None", "otherNonOperatingIncome": "None", "depreciation": "None", "depreciationAndAmortization": "77200000", "incomeBeforeTax": "393000000", "incomeTaxExpense": "85200000", "interestAndDebtExpense": "None", "netIncomeFromContinuingOperations": "307800000", "comprehensiveIncomeNetOfTax": "None", "ebit": "318700000", "ebitda": "395900000", "netIncome": "308100000"}, {"fiscalDateEnding": "2024-03-31", "reportedCurrency": "USD", "grossProfit": "400300000", "totalRevenue": "704000000", "costOfRevenue": "303700000", "costofGoodsAndServicesSold": "303700000", "operatingIncome": "307500000", "sellingGeneralAndAdministrative": "92900000", "researchAndDevelopment": "None", "operatingExpenses": "92800000", "investmentIncomeNet": "None", "netInterestIncome": "-28900000", "interestIncome": "None", "interestExpense": "28900000", "nonInterestIncome": "None", "otherNonOperatingIncome": "None", "depreciation": "None", "depreciationAndAmortization": "75900000", "incomeBeforeTax": "275200000", "incomeTaxExpense": "55800000", "interestAndDebtExpense": "None", "netIncomeFromContinuingOperations": "219400000", "comprehensiveIncomeNetOfTax": "None", "ebit": "307500000", "ebitda": "383400000", "netIncome": "219600000"}, {"fiscalDateEnding": "2023-12-31", "reportedCurrency": "USD", "grossProfit": "451000000", "totalRevenue": "677200000", "costOfRevenue": "226200000", "costofGoodsAndServicesSold": "226200000", "operatingIncome": "250500000", "sellingGeneralAndAdministrative": "114400000", "researchAndDevelopment": "207100000", "operatingExpenses": "200500000", "investmentIncomeNet": "None", "netInterestIncome": "-28100000", "interestIncome": "None", "interestExpense": "28100000", "nonInterestIncome": "None", "otherNonOperatingIncome": "None", "depreciation": "None", "depreciationAndAmortization": "86100000", "incomeBeforeTax": "242700000", "incomeTaxExpense": "60400000", "interestAndDebtExpense": "None", "netIncomeFromContinuingOperations": "182300000", "comprehensiveIncomeNetOfTax": "None", "ebit": "270800000", "ebitda": "356900000", "netIncome": "173800000"}, {"fiscalDateEnding": "2023-09-30", "reportedCurrency": "USD", "grossProfit": "460400000", "totalRevenue": "677600000", "costOfRevenue": "217200000", "costofGoodsAndServicesSold": "217200000", "operatingIncome": "281100000", "sellingGeneralAndAdministrative": "111600000", "researchAndDevelopment": "None", "operatingExpenses": "179300000", "investmentIncomeNet": "None", "netInterestIncome": "-29400000", "interestIncome": "None", "interestExpense": "29400000", "nonInterestIncome": "None", "otherNonOperatingIncome": "None", "depreciation": "None", "depreciationAndAmortization": "67700000", "incomeBeforeTax": "249700000", "incomeTaxExpense": "62300000", "interestAndDebtExpense": "None", "netIncomeFromContinuingOperations": "187400000", "comprehensiveIncomeNetOfTax": "None", "ebit": "281200000", "ebitda": "348900000", "netIncome": "187400000"}, {"fiscalDateEnding": "2023-06-30", "reportedCurrency": "USD", "grossProfit": "458100000", "totalRevenue": "675000000", "costOfRevenue": "216900000", "costofGoodsAndServicesSold": "216900000", "operatingIncome": "306000000", "sellingGeneralAndAdministrative": "86800000", "researchAndDevelopment": "None", "operatingExpenses": "152100000", "investmentIncomeNet": "None", "netInterestIncome": "-31600000", "interestIncome": "None", "interestExpense": "31600000", "nonInterestIncome": "None", "otherNonOperatingIncome": "-6200000", "depreciation": "None", "depreciationAndAmortization": "65300000", "incomeBeforeTax": "268200000", "incomeTaxExpense": "63900000", "interestAndDebtExpense": "None", "netIncomeFromContinuingOperations": "204300000", "comprehensiveIncomeNetOfTax": "None", "ebit": "284000000", "ebitda": "349300000", "netIncome": "196900000"}, {"fiscalDateEnding": "2023-03-31", "reportedCurrency": "USD", "grossProfit": "435400000", "totalRevenue": "651600000", "costOfRevenue": "216200000", "costofGoodsAndServicesSold": "216200000", "operatingIncome": "294100000", "sellingGeneralAndAdministrative": "79000000", "researchAndDevelopment": "None", "operatingExpenses": "141300000", "investmentIncomeNet": "None", "netInterestIncome": "-26400000", "interestIncome": "None", "interestExpense": "26400000", "nonInterestIncome": "None", "otherNonOperatingIncome": "-1100000", "depreciation": "None", "depreciationAndAmortization": "62300000", "incomeBeforeTax": "266600000", "incomeTaxExpense": "72200000", "interestAndDebtExpense": "None", "netIncomeFromContinuingOperations": "194400000", "comprehensiveIncomeNetOfTax": "None", "ebit": "295100000", "ebitda": "357400000", "netIncome": "194400000"}, {"fiscalDateEnding": "2022-12-31", "reportedCurrency": "USD", "grossProfit": "425200000", "totalRevenue": "630400000", "costOfRevenue": "205200000", "costofGoodsAndServicesSold": "205200000", "operatingIncome": "282500000", "sellingGeneralAndAdministrative": "5600000", "researchAndDevelopment": "None", "operatingExpenses": "142700000", "investmentIncomeNet": "None", "netInterestIncome": "-41200000", "interestIncome": "None", "interestExpense": "41200000", "nonInterestIncome": "None", "otherNonOperatingIncome": "None", "depreciation": "None", "depreciationAndAmortization": "60000000", "incomeBeforeTax": "239500000", "incomeTaxExpense": "23700000", "interestAndDebtExpense": "None", "netIncomeFromContinuingOperations": "149000000", "comprehensiveIncomeNetOfTax": "None", "ebit": "280700000", "ebitda": "340700000", "netIncome": "215800000"}, {"fiscalDateEnding": "2022-09-30", "reportedCurrency": "USD", "grossProfit": "498600000", "totalRevenue": "745300000", "costOfRevenue": "246700000", "costofGoodsAndServicesSold": "246700000", "operatingIncome": "276600000", "sellingGeneralAndAdministrative": "125900000", "researchAndDevelopment": "None", "operatingExpenses": "222000000", "investmentIncomeNet": "None", "netInterestIncome": "-34500000", "interestIncome": "None", "interestExpense": "34500000", "nonInterestIncome": "None", "otherNonOperatingIncome": "3100000", "depreciation": "None", "depreciationAndAmortization": "88300000", "incomeBeforeTax": "245200000", "incomeTaxExpense": "55700000", "interestAndDebtExpense": "None", "netIncomeFromContinuingOperations": "189500000", "comprehensiveIncomeNetOfTax": "None", "ebit": "276600000", "ebitda": "364900000", "netIncome": "189500000"}, {"fiscalDateEnding": "2022-06-30", "reportedCurrency": "USD", "grossProfit": "417300000", "totalRevenue": "612800000", "costOfRevenue": "195500000", "costofGoodsAndServicesSold": "195500000", "operatingIncome": "247600000", "sellingGeneralAndAdministrative": "125900000", "researchAndDevelopment": "None", "operatingExpenses": "169700000", "investmentIncomeNet": "None", "netInterestIncome": "-31800000", "interestIncome": "None", "interestExpense": "31900000", "nonInterestIncome": "None", "otherNonOperatingIncome": "4700000", "depreciation": "None", "depreciationAndAmortization": "89600000", "incomeBeforeTax": "214800000", "incomeTaxExpense": "41200000", "interestAndDebtExpense": "None", "netIncomeFromContinuingOperations": "197800000", "comprehensiveIncomeNetOfTax": "None", "ebit": "263200000", "ebitda": "352800000", "netIncome": "197700000"}, {"fiscalDateEnding": "2022-03-31", "reportedCurrency": "USD", "grossProfit": "495000000", "totalRevenue": "775500000", "costOfRevenue": "280500000", "costofGoodsAndServicesSold": "280500000", "operatingIncome": "642600000", "sellingGeneralAndAdministrative": "135300000", "researchAndDevelopment": "None", "operatingExpenses": "-147600000", "investmentIncomeNet": "None", "netInterestIncome": "-31300000", "interestIncome": "None", "interestExpense": "31300000", "nonInterestIncome": "None", "otherNonOperatingIncome": "-400000", "depreciation": "None", "depreciationAndAmortization": "94200000", "incomeBeforeTax": "610900000", "incomeTaxExpense": "105100000", "interestAndDebtExpense": "None", "netIncomeFromContinuingOperations": "505800000", "comprehensiveIncomeNetOfTax": "None", "ebit": "247100000", "ebitda": "341300000", "netIncome": "505800000"}, {"fiscalDateEnding": "2021-12-31", "reportedCurrency": "USD", "grossProfit": "500800000", "totalRevenue": "766000000", "costOfRevenue": "265200000", "costofGoodsAndServicesSold": "265200000", "operatingIncome": "194600000", "sellingGeneralAndAdministrative": "76400000", "researchAndDevelopment": "None", "operatingExpenses": "173000000", "investmentIncomeNet": "None", "netInterestIncome": "-30200000", "interestIncome": "None", "interestExpense": "30200000", "nonInterestIncome": "None", "otherNonOperatingIncome": "600000", "depreciation": "None", "depreciationAndAmortization": "96600000", "incomeBeforeTax": "164200000", "incomeTaxExpense": "22400000", "interestAndDebtExpense": "None", "netIncomeFromContinuingOperations": "141800000", "comprehensiveIncomeNetOfTax": "None", "ebit": "194400000", "ebitda": "291000000", "netIncome": "142000000"}, {"fiscalDateEnding": "2021-09-30", "reportedCurrency": "USD", "grossProfit": "493700000", "totalRevenue": "759000000", "costOfRevenue": "265300000", "costofGoodsAndServicesSold": "265300000", "operatingIncome": "288900000", "sellingGeneralAndAdministrative": "115100000", "researchAndDevelopment": "None", "operatingExpenses": "204800000", "investmentIncomeNet": "None", "netInterestIncome": "-29900000", "interestIncome": "None", "interestExpense": "29900000", "nonInterestIncome": "None", "otherNonOperatingIncome": "100000", "depreciation": "None", "depreciationAndAmortization": "89700000", "incomeBeforeTax": "259100000", "incomeTaxExpense": "54200000", "interestAndDebtExpense": "None", "netIncomeFromContinuingOperations": "204900000", "comprehensiveIncomeNetOfTax": "None", "ebit": "288900000", "ebitda": "378600000", "netIncome": "201700000"}, {"fiscalDateEnding": "2021-06-30", "reportedCurrency": "USD", "grossProfit": "482600000", "totalRevenue": "747500000", "costOfRevenue": "264900000", "costofGoodsAndServicesSold": "264900000", "operatingIncome": "267400000", "sellingGeneralAndAdministrative": "111400000", "researchAndDevelopment": "None", "operatingExpenses": "215200000", "investmentIncomeNet": "None", "netInterestIncome": "-31500000", "interestIncome": "None", "interestExpense": "31500000", "nonInterestIncome": "None", "otherNonOperatingIncome": "-500000", "depreciation": "None", "depreciationAndAmortization": "103800000", "incomeBeforeTax": "235400000", "incomeTaxExpense": "83800000", "interestAndDebtExpense": "None", "netIncomeFromContinuingOperations": "151600000", "comprehensiveIncomeNetOfTax": "None", "ebit": "267400000", "ebitda": "371200000", "netIncome": "154000000"}, {"fiscalDateEnding": "2021-03-31", "reportedCurrency": "USD", "grossProfit": "463700000", "totalRevenue": "726100000", "costOfRevenue": "262400000", "costofGoodsAndServicesSold": "262400000", "operatingIncome": "250400000", "sellingGeneralAndAdministrative": "119000000", "researchAndDevelopment": "None", "operatingExpenses": "213300000", "investmentIncomeNet": "None", "netInterestIncome": "-35400000", "interestIncome": "None", "interestExpense": "35400000", "nonInterestIncome": "None", "otherNonOperatingIncome": "1700000", "depreciation": "None", "depreciationAndAmortization": "93500000", "incomeBeforeTax": "216700000", "incomeTaxExpense": "48700000", "interestAndDebtExpense": "None", "netIncomeFromContinuingOperations": "168000000", "comprehensiveIncomeNetOfTax": "None", "ebit": "250900000", "ebitda": "344400000", "netIncome": "168600000"}, {"fiscalDateEnding": "2020-12-31", "reportedCurrency": "USD", "grossProfit": "452900000", "totalRevenue": "713400000", "costOfRevenue": "260500000", "costofGoodsAndServicesSold": "260500000", "operatingIncome": "250600000", "sellingGeneralAndAdministrative": "108100000", "researchAndDevelopment": "180800000", "operatingExpenses": "182900000", "investmentIncomeNet": "None", "netInterestIncome": "-35300000", "interestIncome": "None", "interestExpense": "35300000", "nonInterestIncome": "None", "otherNonOperatingIncome": "-1600000", "depreciation": "None", "depreciationAndAmortization": "93200000", "incomeBeforeTax": "216000000", "incomeTaxExpense": "39800000", "interestAndDebtExpense": "None", "netIncomeFromContinuingOperations": "176200000", "comprehensiveIncomeNetOfTax": "None", "ebit": "251300000", "ebitda": "344500000", "netIncome": "176200000"}, {"fiscalDateEnding": "2020-09-30", "reportedCurrency": "USD", "grossProfit": "462700000", "totalRevenue": "702700000", "costOfRevenue": "240000000", "costofGoodsAndServicesSold": "240000000", "operatingIncome": "275400000", "sellingGeneralAndAdministrative": "96400000", "researchAndDevelopment": "None", "operatingExpenses": "187300000", "investmentIncomeNet": "None", "netInterestIncome": "-35300000", "interestIncome": "None", "interestExpense": "35300000", "nonInterestIncome": "None", "otherNonOperatingIncome": "-100000", "depreciation": "None", "depreciationAndAmortization": "90900000", "incomeBeforeTax": "240000000", "incomeTaxExpense": "54200000", "interestAndDebtExpense": "None", "netIncomeFromContinuingOperations": "185800000", "comprehensiveIncomeNetOfTax": "None", "ebit": "275300000", "ebitda": "366200000", "netIncome": "185800000"}, {"fiscalDateEnding": "2020-06-30", "reportedCurrency": "USD", "grossProfit": "443000000", "totalRevenue": "678800000", "costOfRevenue": "235800000", "costofGoodsAndServicesSold": "235800000", "operatingIncome": "259700000", "sellingGeneralAndAdministrative": "96400000", "researchAndDevelopment": "None", "operatingExpenses": "183300000", "investmentIncomeNet": "None", "netInterestIncome": "-34200000", "interestIncome": "None", "interestExpense": "34200000", "nonInterestIncome": "None", "otherNonOperatingIncome": "-700000", "depreciation": "None", "depreciationAndAmortization": "86900000", "incomeBeforeTax": "224800000", "incomeTaxExpense": "45800000", "interestAndDebtExpense": "None", "netIncomeFromContinuingOperations": "179000000", "comprehensiveIncomeNetOfTax": "None", "ebit": "259000000", "ebitda": "345900000", "netIncome": "179000000"}, {"fiscalDateEnding": "2020-03-31", "reportedCurrency": "USD", "grossProfit": "432100000", "totalRevenue": "689800000", "costOfRevenue": "257700000", "costofGoodsAndServicesSold": "257700000", "operatingIncome": "252300000", "sellingGeneralAndAdministrative": "112100000", "researchAndDevelopment": "None", "operatingExpenses": "179800000", "investmentIncomeNet": "None", "netInterestIncome": "-33500000", "interestIncome": "35600000", "interestExpense": "33500000", "nonInterestIncome": "None", "otherNonOperatingIncome": "None", "depreciation": "None", "depreciationAndAmortization": "87100000", "incomeBeforeTax": "216700000", "incomeTaxExpense": "45000000", "interestAndDebtExpense": "None", "netIncomeFromContinuingOperations": "171700000", "comprehensiveIncomeNetOfTax": "None", "ebit": "250200000", "ebitda": "337300000", "netIncome": "171700000"}, {"fiscalDateEnding": "2019-12-31", "reportedCurrency": "USD", "grossProfit": "417000000", "totalRevenue": "676800000", "costOfRevenue": "259800000", "costofGoodsAndServicesSold": "259800000", "operatingIncome": "200400000", "sellingGeneralAndAdministrative": "124800000", "researchAndDevelopment": "173000000", "operatingExpenses": "216600000", "investmentIncomeNet": "None", "netInterestIncome": "-33100000", "interestIncome": "28300000", "interestExpense": "33100000", "nonInterestIncome": "None", "otherNonOperatingIncome": "None", "depreciation": "None", "depreciationAndAmortization": "85600000", "incomeBeforeTax": "172100000", "incomeTaxExpense": "39900000", "interestAndDebtExpense": "None", "netIncomeFromContinuingOperations": "132200000", "comprehensiveIncomeNetOfTax": "None", "ebit": "205200000", "ebitda": "290800000", "netIncome": "132200000"}, {"fiscalDateEnding": "2019-09-30", "reportedCurrency": "USD", "grossProfit": "409800000", "totalRevenue": "652700000", "costOfRevenue": "242900000", "costofGoodsAndServicesSold": "242900000", "operatingIncome": "75700000", "sellingGeneralAndAdministrative": "255000000", "researchAndDevelopment": "None", "operatingExpenses": "334100000", "investmentIncomeNet": "None", "netInterestIncome": "-31300000", "interestIncome": "36800000", "interestExpense": "31300000", "nonInterestIncome": "None", "otherNonOperatingIncome": "-5500000", "depreciation": "None", "depreciationAndAmortization": "79100000", "incomeBeforeTax": "38900000", "incomeTaxExpense": "6000000", "interestAndDebtExpense": "None", "netIncomeFromContinuingOperations": "32900000", "comprehensiveIncomeNetOfTax": "None", "ebit": "70200000", "ebitda": "149300000", "netIncome": "32900000"}, {"fiscalDateEnding": "2019-06-30", "reportedCurrency": "USD", "grossProfit": "409900000", "totalRevenue": "652600000", "costOfRevenue": "242700000", "costofGoodsAndServicesSold": "242700000", "operatingIncome": "218300000", "sellingGeneralAndAdministrative": "112300000", "researchAndDevelopment": "None", "operatingExpenses": "191600000", "investmentIncomeNet": "None", "netInterestIncome": "-30500000", "interestIncome": "31000000", "interestExpense": "30500000", "nonInterestIncome": "None", "otherNonOperatingIncome": "-500000", "depreciation": "None", "depreciationAndAmortization": "79300000", "incomeBeforeTax": "187300000", "incomeTaxExpense": "36900000", "interestAndDebtExpense": "None", "netIncomeFromContinuingOperations": "150400000", "comprehensiveIncomeNetOfTax": "None", "ebit": "217800000", "ebitda": "297100000", "netIncome": "150400000"}, {"fiscalDateEnding": "2019-03-31", "reportedCurrency": "USD", "grossProfit": "393600000", "totalRevenue": "625000000", "costOfRevenue": "231400000", "costofGoodsAndServicesSold": "231400000", "operatingIncome": "202400000", "sellingGeneralAndAdministrative": "111400000", "researchAndDevelopment": "None", "operatingExpenses": "191200000", "investmentIncomeNet": "None", "netInterestIncome": "-31900000", "interestIncome": "32300000", "interestExpense": "31900000", "nonInterestIncome": "None", "otherNonOperatingIncome": "-400000", "depreciation": "None", "depreciationAndAmortization": "79800000", "incomeBeforeTax": "170100000", "incomeTaxExpense": "35700000", "interestAndDebtExpense": "None", "netIncomeFromContinuingOperations": "134400000", "comprehensiveIncomeNetOfTax": "None", "ebit": "202000000", "ebitda": "281800000", "netIncome": "134400000"}, {"fiscalDateEnding": "2018-12-31", "reportedCurrency": "USD", "grossProfit": "389900000", "totalRevenue": "613900000", "costOfRevenue": "224000000", "costofGoodsAndServicesSold": "224000000", "operatingIncome": "216200000", "sellingGeneralAndAdministrative": "97700000", "researchAndDevelopment": "142700000", "operatingExpenses": "173700000", "investmentIncomeNet": "None", "netInterestIncome": "None", "interestIncome": "None", "interestExpense": "32600000", "nonInterestIncome": "None", "otherNonOperatingIncome": "-4000000", "depreciation": "None", "depreciationAndAmortization": "76000000", "incomeBeforeTax": "179600000", "incomeTaxExpense": "33400000", "interestAndDebtExpense": "None", "netIncomeFromContinuingOperations": "146200000", "comprehensiveIncomeNetOfTax": "None", "ebit": "212200000", "ebitda": "288200000", "netIncome": "146200000"}, {"fiscalDateEnding": "2018-09-30", "reportedCurrency": "USD", "grossProfit": "379500000", "totalRevenue": "598700000", "costOfRevenue": "219200000", "costofGoodsAndServicesSold": "219200000", "operatingIncome": "211100000", "sellingGeneralAndAdministrative": "95700000", "researchAndDevelopment": "0", "operatingExpenses": "168400000", "investmentIncomeNet": "None", "netInterestIncome": "None", "interestIncome": "None", "interestExpense": "32400000", "nonInterestIncome": "None", "otherNonOperatingIncome": "14100000", "depreciation": "None", "depreciationAndAmortization": "72700000", "incomeBeforeTax": "192800000", "incomeTaxExpense": "26800000", "interestAndDebtExpense": "None", "netIncomeFromContinuingOperations": "166000000", "comprehensiveIncomeNetOfTax": "None", "ebit": "225200000", "ebitda": "297900000", "netIncome": "166000000"}, {"fiscalDateEnding": "2018-06-30", "reportedCurrency": "USD", "grossProfit": "378900000", "totalRevenue": "601300000", "costOfRevenue": "222400000", "costofGoodsAndServicesSold": "222400000", "operatingIncome": "212300000", "sellingGeneralAndAdministrative": "93000000", "researchAndDevelopment": "0", "operatingExpenses": "166600000", "investmentIncomeNet": "None", "netInterestIncome": "None", "interestIncome": "None", "interestExpense": "31900000", "nonInterestIncome": "None", "otherNonOperatingIncome": "4600000", "depreciation": "None", "depreciationAndAmortization": "73600000", "incomeBeforeTax": "185000000", "incomeTaxExpense": "31500000", "interestAndDebtExpense": "None", "netIncomeFromContinuingOperations": "153500000", "comprehensiveIncomeNetOfTax": "None", "ebit": "216900000", "ebitda": "290500000", "netIncome": "153500000"}, {"fiscalDateEnding": "2018-03-31", "reportedCurrency": "USD", "grossProfit": "360000000", "totalRevenue": "581200000", "costOfRevenue": "221200000", "costofGoodsAndServicesSold": "221200000", "operatingIncome": "194500000", "sellingGeneralAndAdministrative": "91800000", "researchAndDevelopment": "0", "operatingExpenses": "165500000", "investmentIncomeNet": "None", "netInterestIncome": "None", "interestIncome": "None", "interestExpense": "32800000", "nonInterestIncome": "None", "otherNonOperatingIncome": "600000", "depreciation": "None", "depreciationAndAmortization": "73700000", "incomeBeforeTax": "162300000", "incomeTaxExpense": "29300000", "interestAndDebtExpense": "None", "netIncomeFromContinuingOperations": "133000000", "comprehensiveIncomeNetOfTax": "None", "ebit": "195100000", "ebitda": "268800000", "netIncome": "133000000"}, {"fiscalDateEnding": "2017-12-31", "reportedCurrency": "USD", "grossProfit": "361600000", "totalRevenue": "570300000", "costOfRevenue": "208700000", "costofGoodsAndServicesSold": "208700000", "operatingIncome": "210000000", "sellingGeneralAndAdministrative": "87200000", "researchAndDevelopment": "104900000", "operatingExpenses": "151600000", "investmentIncomeNet": "None", "netInterestIncome": "None", "interestIncome": "None", "interestExpense": "32100000", "nonInterestIncome": "None", "otherNonOperatingIncome": "1300000", "depreciation": "None", "depreciationAndAmortization": "64400000", "incomeBeforeTax": "179200000", "incomeTaxExpense": "-25400000", "interestAndDebtExpense": "None", "netIncomeFromContinuingOperations": "204600000", "comprehensiveIncomeNetOfTax": "None", "ebit": "211300000", "ebitda": "275700000", "netIncome": "204600000"}, {"fiscalDateEnding": "2017-09-30", "reportedCurrency": "USD", "grossProfit": "350600000", "totalRevenue": "549100000", "costOfRevenue": "198500000", "costofGoodsAndServicesSold": "198500000", "operatingIncome": "208400000", "sellingGeneralAndAdministrative": "80900000", "researchAndDevelopment": "0", "operatingExpenses": "142200000", "investmentIncomeNet": "None", "netInterestIncome": "None", "interestIncome": "None", "interestExpense": "30300000", "nonInterestIncome": "None", "otherNonOperatingIncome": "2600000", "depreciation": "None", "depreciationAndAmortization": "61200000", "incomeBeforeTax": "180700000", "incomeTaxExpense": "60000000", "interestAndDebtExpense": "None", "netIncomeFromContinuingOperations": "120700000", "comprehensiveIncomeNetOfTax": "None", "ebit": "211100000", "ebitda": "272300000", "netIncome": "120700000"}, {"fiscalDateEnding": "2017-06-30", "reportedCurrency": "USD", "grossProfit": "329500000", "totalRevenue": "523200000", "costOfRevenue": "193700000", "costofGoodsAndServicesSold": "193700000", "operatingIncome": "195000000", "sellingGeneralAndAdministrative": "78800000", "researchAndDevelopment": "0", "operatingExpenses": "134500000", "investmentIncomeNet": "None", "netInterestIncome": "None", "interestIncome": "None", "interestExpense": "28500000", "nonInterestIncome": "None", "otherNonOperatingIncome": "3400000", "depreciation": "None", "depreciationAndAmortization": "55700000", "incomeBeforeTax": "169900000", "incomeTaxExpense": "48900000", "interestAndDebtExpense": "None", "netIncomeFromContinuingOperations": "121000000", "comprehensiveIncomeNetOfTax": "None", "ebit": "198400000", "ebitda": "254100000", "netIncome": "121000000"}, {"fiscalDateEnding": "2017-03-31", "reportedCurrency": "USD", "grossProfit": "319700000", "totalRevenue": "502600000", "costOfRevenue": "182900000", "costofGoodsAndServicesSold": "182900000", "operatingIncome": "187700000", "sellingGeneralAndAdministrative": "75900000", "researchAndDevelopment": "0", "operatingExpenses": "132000000", "investmentIncomeNet": "None", "netInterestIncome": "None", "interestIncome": "None", "interestExpense": "28400000", "nonInterestIncome": "None", "otherNonOperatingIncome": "1900000", "depreciation": "None", "depreciationAndAmortization": "56100000", "incomeBeforeTax": "161200000", "incomeTaxExpense": "52400000", "interestAndDebtExpense": "None", "netIncomeFromContinuingOperations": "108800000", "comprehensiveIncomeNetOfTax": "None", "ebit": "189600000", "ebitda": "245700000", "netIncome": "108800000"}, {"fiscalDateEnding": "2016-12-31", "reportedCurrency": "USD", "grossProfit": "313131000", "totalRevenue": "506123000", "costOfRevenue": "192992000", "costofGoodsAndServicesSold": "192992000", "operatingIncome": "185470000", "sellingGeneralAndAdministrative": "77192000", "researchAndDevelopment": "80200000", "operatingExpenses": "127661000", "investmentIncomeNet": "None", "netInterestIncome": "None", "interestIncome": "None", "interestExpense": "28383000", "nonInterestIncome": "None", "otherNonOperatingIncome": "3086000", "depreciation": "None", "depreciationAndAmortization": "50509000", "incomeBeforeTax": "160173000", "incomeTaxExpense": "52716000", "interestAndDebtExpense": "None", "netIncomeFromContinuingOperations": "107457000", "comprehensiveIncomeNetOfTax": "None", "ebit": "188556000", "ebitda": "239065000", "netIncome": "109248000"}, {"fiscalDateEnding": "2016-09-30", "reportedCurrency": "USD", "grossProfit": "328416000", "totalRevenue": "498081000", "costOfRevenue": "169665000", "costofGoodsAndServicesSold": "169665000", "operatingIncome": "198422000", "sellingGeneralAndAdministrative": "77814000", "researchAndDevelopment": "0", "operatingExpenses": "129994000", "investmentIncomeNet": "None", "netInterestIncome": "None", "interestIncome": "None", "interestExpense": "28150000", "nonInterestIncome": "None", "otherNonOperatingIncome": "2124000", "depreciation": "None", "depreciationAndAmortization": "52179000", "incomeBeforeTax": "172396000", "incomeTaxExpense": "44819000", "interestAndDebtExpense": "None", "netIncomeFromContinuingOperations": "127577000", "comprehensiveIncomeNetOfTax": "None", "ebit": "200547000", "ebitda": "252726000", "netIncome": "127600000"}, {"fiscalDateEnding": "2016-06-30", "reportedCurrency": "USD", "grossProfit": "319830000", "totalRevenue": "498296000", "costOfRevenue": "178466000", "costofGoodsAndServicesSold": "178466000", "operatingIncome": "191079000", "sellingGeneralAndAdministrative": "75557000", "researchAndDevelopment": "0", "operatingExpenses": "128751000", "investmentIncomeNet": "None", "netInterestIncome": "None", "interestIncome": "None", "interestExpense": "31435000", "nonInterestIncome": "None", "otherNonOperatingIncome": "846000", "depreciation": "None", "depreciationAndAmortization": "53263000", "incomeBeforeTax": "160490000", "incomeTaxExpense": "53754000", "interestAndDebtExpense": "None", "netIncomeFromContinuingOperations": "106736000", "comprehensiveIncomeNetOfTax": "None", "ebit": "191137000", "ebitda": "244400000", "netIncome": "261800000"}, {"fiscalDateEnding": "2016-03-31", "reportedCurrency": "USD", "grossProfit": "319424000", "totalRevenue": "492701000", "costOfRevenue": "173277000", "costofGoodsAndServicesSold": "173277000", "operatingIncome": "192629000", "sellingGeneralAndAdministrative": "71037000", "researchAndDevelopment": "0", "operatingExpenses": "126795000", "investmentIncomeNet": "None", "netInterestIncome": "None", "interestIncome": "None", "interestExpense": "32032000", "nonInterestIncome": "None", "otherNonOperatingIncome": "44000", "depreciation": "None", "depreciationAndAmortization": "68649000", "incomeBeforeTax": "160641000", "incomeTaxExpense": "50911000", "interestAndDebtExpense": "None", "netIncomeFromContinuingOperations": "109730000", "comprehensiveIncomeNetOfTax": "None", "ebit": "179751000", "ebitda": "248400000", "netIncome": "92600000"}, {"fiscalDateEnding": "2015-12-31", "reportedCurrency": "USD", "grossProfit": "346867000", "totalRevenue": "560562000", "costOfRevenue": "213695000", "costofGoodsAndServicesSold": "213695000", "operatingIncome": "195668000", "sellingGeneralAndAdministrative": "83782000", "researchAndDevelopment": "52100000", "operatingExpenses": "151199000", "investmentIncomeNet": "None", "netInterestIncome": "None", "interestIncome": "None", "interestExpense": "32389000", "nonInterestIncome": "None", "otherNonOperatingIncome": "-150000", "depreciation": "None", "depreciationAndAmortization": "67417000", "incomeBeforeTax": "163129000", "incomeTaxExpense": "49372000", "interestAndDebtExpense": "None", "netIncomeFromContinuingOperations": "113757000", "comprehensiveIncomeNetOfTax": "None", "ebit": "195518000", "ebitda": "262935000", "netIncome": "113757000"}, {"fiscalDateEnding": "2015-09-30", "reportedCurrency": "USD", "grossProfit": "340234000", "totalRevenue": "550401000", "costOfRevenue": "210167000", "costofGoodsAndServicesSold": "210167000", "operatingIncome": "208880000", "sellingGeneralAndAdministrative": "79310000", "researchAndDevelopment": "0", "operatingExpenses": "131354000", "investmentIncomeNet": "None", "netInterestIncome": "None", "interestIncome": "None", "interestExpense": "33003000", "nonInterestIncome": "None", "otherNonOperatingIncome": "17912000", "depreciation": "None", "depreciationAndAmortization": "52044000", "incomeBeforeTax": "193789000", "incomeTaxExpense": "61975000", "interestAndDebtExpense": "None", "netIncomeFromContinuingOperations": "131814000", "comprehensiveIncomeNetOfTax": "None", "ebit": "184847000", "ebitda": "236891000", "netIncome": "131814000"}, {"fiscalDateEnding": "2015-06-30", "reportedCurrency": "USD", "grossProfit": "302454000", "totalRevenue": "497650000", "costOfRevenue": "195196000", "costofGoodsAndServicesSold": "195196000", "operatingIncome": "153722000", "sellingGeneralAndAdministrative": "91292000", "researchAndDevelopment": "0", "operatingExpenses": "148732000", "investmentIncomeNet": "None", "netInterestIncome": "None", "interestIncome": "None", "interestExpense": "37662000", "nonInterestIncome": "None", "otherNonOperatingIncome": "84966000", "depreciation": "None", "depreciationAndAmortization": "57440000", "incomeBeforeTax": "201026000", "incomeTaxExpense": "37706000", "interestAndDebtExpense": "None", "netIncomeFromContinuingOperations": "163320000", "comprehensiveIncomeNetOfTax": "None", "ebit": "134184000", "ebitda": "191624000", "netIncome": "163320000"}, {"fiscalDateEnding": "2015-03-31", "reportedCurrency": "USD", "grossProfit": "275181000", "totalRevenue": "459397000", "costOfRevenue": "184216000", "costofGoodsAndServicesSold": "184216000", "operatingIncome": "178292000", "sellingGeneralAndAdministrative": "58306000", "researchAndDevelopment": "0", "operatingExpenses": "96889000", "investmentIncomeNet": "None", "netInterestIncome": "None", "interestIncome": "None", "interestExpense": "18262000", "nonInterestIncome": "None", "otherNonOperatingIncome": "-538000", "depreciation": "None", "depreciationAndAmortization": "38583000", "incomeBeforeTax": "159492000", "incomeTaxExpense": "60806000", "interestAndDebtExpense": "None", "netIncomeFromContinuingOperations": "98686000", "comprehensiveIncomeNetOfTax": "None", "ebit": "162212000", "ebitda": "200795000", "netIncome": "98686000"}, {"fiscalDateEnding": "2014-12-31", "reportedCurrency": "USD", "grossProfit": "271282000", "totalRevenue": "464864000", "costOfRevenue": "193582000", "costofGoodsAndServicesSold": "193582000", "operatingIncome": "177047000", "sellingGeneralAndAdministrative": "56934000", "researchAndDevelopment": "44508000", "operatingExpenses": "94235000", "investmentIncomeNet": "None", "netInterestIncome": "None", "interestIncome": "None", "interestExpense": "17588000", "nonInterestIncome": "None", "otherNonOperatingIncome": "234000", "depreciation": "None", "depreciationAndAmortization": "37302000", "incomeBeforeTax": "159693000", "incomeTaxExpense": "60383000", "interestAndDebtExpense": "None", "netIncomeFromContinuingOperations": "99310000", "comprehensiveIncomeNetOfTax": "None", "ebit": "177281000", "ebitda": "214583000", "netIncome": "97370000"}, {"fiscalDateEnding": "2014-09-30", "reportedCurrency": "USD", "grossProfit": "267792000", "totalRevenue": "448665000", "costOfRevenue": "180873000", "costofGoodsAndServicesSold": "180873000", "operatingIncome": "175490000", "sellingGeneralAndAdministrative": "56164000", "researchAndDevelopment": "0", "operatingExpenses": "92302000", "investmentIncomeNet": "None", "netInterestIncome": "None", "interestIncome": "None", "interestExpense": "17498000", "nonInterestIncome": "None", "otherNonOperatingIncome": "-285000", "depreciation": "None", "depreciationAndAmortization": "36138000", "incomeBeforeTax": "157707000", "incomeTaxExpense": "58692000", "interestAndDebtExpense": "None", "netIncomeFromContinuingOperations": "99015000", "comprehensiveIncomeNetOfTax": "None", "ebit": "175490000", "ebitda": "211628000", "netIncome": "99015000"}, {"fiscalDateEnding": "2014-06-30", "reportedCurrency": "USD", "grossProfit": "251084000", "totalRevenue": "423554000", "costOfRevenue": "172470000", "costofGoodsAndServicesSold": "172470000", "operatingIncome": "141607000", "sellingGeneralAndAdministrative": "57074000", "researchAndDevelopment": "0", "operatingExpenses": "92018000", "investmentIncomeNet": "None", "netInterestIncome": "None", "interestIncome": "None", "interestExpense": "17459000", "nonInterestIncome": "None", "otherNonOperatingIncome": "200000", "depreciation": "None", "depreciationAndAmortization": "34944000", "incomeBeforeTax": "141807000", "incomeTaxExpense": "53708000", "interestAndDebtExpense": "None", "netIncomeFromContinuingOperations": "88099000", "comprehensiveIncomeNetOfTax": "None", "ebit": "159066000", "ebitda": "194010000", "netIncome": "88099000"}, {"fiscalDateEnding": "2014-03-31", "reportedCurrency": "USD", "grossProfit": "239970000", "totalRevenue": "409643000", "costOfRevenue": "169673000", "costofGoodsAndServicesSold": "169673000", "operatingIncome": "148843000", "sellingGeneralAndAdministrative": "57134000", "researchAndDevelopment": "0", "operatingExpenses": "91127000", "investmentIncomeNet": "None", "netInterestIncome": "None", "interestIncome": "None", "interestExpense": "17439000", "nonInterestIncome": "None", "otherNonOperatingIncome": "9000", "depreciation": "None", "depreciationAndAmortization": "35099000", "incomeBeforeTax": "131413000", "incomeTaxExpense": "46972000", "interestAndDebtExpense": "None", "netIncomeFromContinuingOperations": "84441000", "comprehensiveIncomeNetOfTax": "None", "ebit": "148843000", "ebitda": "183942000", "netIncome": "115558000"}, {"fiscalDateEnding": "2013-12-31", "reportedCurrency": "USD", "grossProfit": "225632000", "totalRevenue": "332463000", "costOfRevenue": "106831000", "costofGoodsAndServicesSold": "106831000", "operatingIncome": "145754000", "sellingGeneralAndAdministrative": "49472000", "researchAndDevelopment": "34232000", "operatingExpenses": "79878000", "investmentIncomeNet": "None", "netInterestIncome": "None", "interestIncome": "None", "interestExpense": "17650000", "nonInterestIncome": "None", "otherNonOperatingIncome": "393000", "depreciation": "None", "depreciationAndAmortization": "35053000", "incomeBeforeTax": "128497000", "incomeTaxExpense": "47340000", "interestAndDebtExpense": "None", "netIncomeFromContinuingOperations": "364639000", "comprehensiveIncomeNetOfTax": "None", "ebit": "146147000", "ebitda": "181200000", "netIncome": "87223000"}, {"fiscalDateEnding": "2013-09-30", "reportedCurrency": "USD", "grossProfit": "262017000", "totalRevenue": "438597000", "costOfRevenue": "176580000", "costofGoodsAndServicesSold": "176580000", "operatingIncome": "169590000", "sellingGeneralAndAdministrative": "59330000", "researchAndDevelopment": "0", "operatingExpenses": "92427000", "investmentIncomeNet": "None", "netInterestIncome": "None", "interestIncome": "None", "interestExpense": "18692000", "nonInterestIncome": "None", "otherNonOperatingIncome": "228000", "depreciation": "None", "depreciationAndAmortization": "33097000", "incomeBeforeTax": "151126000", "incomeTaxExpense": "54685000", "interestAndDebtExpense": "None", "netIncomeFromContinuingOperations": "205811000", "comprehensiveIncomeNetOfTax": "None", "ebit": "166835000", "ebitda": "199932000", "netIncome": "96441000"}, {"fiscalDateEnding": "2013-06-30", "reportedCurrency": "USD", "grossProfit": "246657000", "totalRevenue": "421320000", "costOfRevenue": "174663000", "costofGoodsAndServicesSold": "174663000", "operatingIncome": "151498000", "sellingGeneralAndAdministrative": "61152000", "researchAndDevelopment": "0", "operatingExpenses": "95159000", "investmentIncomeNet": "None", "netInterestIncome": "None", "interestIncome": "None", "interestExpense": "19704000", "nonInterestIncome": "None", "otherNonOperatingIncome": "133000", "depreciation": "None", "depreciationAndAmortization": "34007000", "incomeBeforeTax": "131927000", "incomeTaxExpense": "47722000", "interestAndDebtExpense": "None", "netIncomeFromContinuingOperations": "84205000", "comprehensiveIncomeNetOfTax": "None", "ebit": "146984000", "ebitda": "180991000", "netIncome": "84205000"}, {"fiscalDateEnding": "2013-03-31", "reportedCurrency": "USD", "grossProfit": "238874000", "totalRevenue": "403323000", "costOfRevenue": "164449000", "costofGoodsAndServicesSold": "164449000", "operatingIncome": "147425000", "sellingGeneralAndAdministrative": "59028000", "researchAndDevelopment": "0", "operatingExpenses": "91449000", "investmentIncomeNet": "None", "netInterestIncome": "None", "interestIncome": "None", "interestExpense": "20090000", "nonInterestIncome": "None", "otherNonOperatingIncome": "-145000", "depreciation": "None", "depreciationAndAmortization": "32421000", "incomeBeforeTax": "127190000", "incomeTaxExpense": "46679000", "interestAndDebtExpense": "None", "netIncomeFromContinuingOperations": "80511000", "comprehensiveIncomeNetOfTax": "None", "ebit": "145379000", "ebitda": "177800000", "netIncome": "80511000"}, {"fiscalDateEnding": "2012-12-31", "reportedCurrency": "USD", "grossProfit": "245709000", "totalRevenue": "415730000", "costOfRevenue": "170021000", "costofGoodsAndServicesSold": "170021000", "operatingIncome": "158974000", "sellingGeneralAndAdministrative": "56200000", "researchAndDevelopment": "18386000", "operatingExpenses": "86735000", "investmentIncomeNet": "None", "netInterestIncome": "None", "interestIncome": "None", "interestExpense": "20613000", "nonInterestIncome": "None", "otherNonOperatingIncome": "69000", "depreciation": "None", "depreciationAndAmortization": "30535000", "incomeBeforeTax": "138430000", "incomeTaxExpense": "40131000", "interestAndDebtExpense": "None", "netIncomeFromContinuingOperations": "98299000", "comprehensiveIncomeNetOfTax": "None", "ebit": "159043000", "ebitda": "189578000", "netIncome": "98299000"}, {"fiscalDateEnding": "2012-09-30", "reportedCurrency": "USD", "grossProfit": "242114000", "totalRevenue": "398863000", "costOfRevenue": "156749000", "costofGoodsAndServicesSold": "156749000", "operatingIncome": "155251000", "sellingGeneralAndAdministrative": "58707000", "researchAndDevelopment": "0", "operatingExpenses": "86863000", "investmentIncomeNet": "None", "netInterestIncome": "None", "interestIncome": "None", "interestExpense": "18133000", "nonInterestIncome": "None", "otherNonOperatingIncome": "-502000", "depreciation": "None", "depreciationAndAmortization": "28156000", "incomeBeforeTax": "136616000", "incomeTaxExpense": "53705000", "interestAndDebtExpense": "None", "netIncomeFromContinuingOperations": "82911000", "comprehensiveIncomeNetOfTax": "None", "ebit": "154749000", "ebitda": "182905000", "netIncome": "82911000"}, {"fiscalDateEnding": "2012-06-30", "reportedCurrency": "USD", "grossProfit": "226152000", "totalRevenue": "373226000", "costOfRevenue": "147074000", "costofGoodsAndServicesSold": "147074000", "operatingIncome": "138402000", "sellingGeneralAndAdministrative": "62473000", "researchAndDevelopment": "0", "operatingExpenses": "87750000", "investmentIncomeNet": "None", "netInterestIncome": "None", "interestIncome": "None", "interestExpense": "17377000", "nonInterestIncome": "None", "otherNonOperatingIncome": "126000", "depreciation": "None", "depreciationAndAmortization": "25277000", "incomeBeforeTax": "121151000", "incomeTaxExpense": "47820000", "interestAndDebtExpense": "None", "netIncomeFromContinuingOperations": "73331000", "comprehensiveIncomeNetOfTax": "None", "ebit": "138528000", "ebitda": "163805000", "netIncome": "73331000"}, {"fiscalDateEnding": "2012-03-31", "reportedCurrency": "USD", "grossProfit": "213171000", "totalRevenue": "346501000", "costOfRevenue": "133330000", "costofGoodsAndServicesSold": "133330000", "operatingIncome": "138961000", "sellingGeneralAndAdministrative": "53979000", "researchAndDevelopment": "0", "operatingExpenses": "74210000", "investmentIncomeNet": "None", "netInterestIncome": "None", "interestIncome": "None", "interestExpense": "16385000", "nonInterestIncome": "None", "otherNonOperatingIncome": "435000", "depreciation": "None", "depreciationAndAmortization": "20231000", "incomeBeforeTax": "123011000", "incomeTaxExpense": "48410000", "interestAndDebtExpense": "None", "netIncomeFromContinuingOperations": "74601000", "comprehensiveIncomeNetOfTax": "None", "ebit": "139396000", "ebitda": "159627000", "netIncome": "74601000"}, {"fiscalDateEnding": "2011-12-31", "reportedCurrency": "USD", "grossProfit": "211218000", "totalRevenue": "351593000", "costOfRevenue": "140375000", "costofGoodsAndServicesSold": "140375000", "operatingIncome": "138857000", "sellingGeneralAndAdministrative": "52829000", "researchAndDevelopment": "15393000", "operatingExpenses": "72361000", "investmentIncomeNet": "None", "netInterestIncome": "None", "interestIncome": "None", "interestExpense": "14754000", "nonInterestIncome": "None", "otherNonOperatingIncome": "387000", "depreciation": "None", "depreciationAndAmortization": "19532000", "incomeBeforeTax": "124490000", "incomeTaxExpense": "44172000", "interestAndDebtExpense": "None", "netIncomeFromContinuingOperations": "80318000", "comprehensiveIncomeNetOfTax": "None", "ebit": "139244000", "ebitda": "158776000", "netIncome": "80318000"}, {"fiscalDateEnding": "2011-09-30", "reportedCurrency": "USD", "grossProfit": "202479000", "totalRevenue": "340098000", "costOfRevenue": "137619000", "costofGoodsAndServicesSold": "137619000", "operatingIncome": "131409000", "sellingGeneralAndAdministrative": "51475000", "researchAndDevelopment": "0", "operatingExpenses": "71070000", "investmentIncomeNet": "None", "netInterestIncome": "None", "interestIncome": "None", "interestExpense": "14593000", "nonInterestIncome": "None", "otherNonOperatingIncome": "13000", "depreciation": "None", "depreciationAndAmortization": "19595000", "incomeBeforeTax": "116829000", "incomeTaxExpense": "45842000", "interestAndDebtExpense": "None", "netIncomeFromContinuingOperations": "70987000", "comprehensiveIncomeNetOfTax": "None", "ebit": "131422000", "ebitda": "151017000", "netIncome": "70987000"}, {"fiscalDateEnding": "2011-06-30", "reportedCurrency": "USD", "grossProfit": "196095000", "totalRevenue": "327280000", "costOfRevenue": "131185000", "costofGoodsAndServicesSold": "131185000", "operatingIncome": "123818000", "sellingGeneralAndAdministrative": "55909000", "researchAndDevelopment": "0", "operatingExpenses": "75641000", "investmentIncomeNet": "None", "netInterestIncome": "None", "interestIncome": "None", "interestExpense": "14895000", "nonInterestIncome": "None", "otherNonOperatingIncome": "115000", "depreciation": "None", "depreciationAndAmortization": "19732000", "incomeBeforeTax": "109048000", "incomeTaxExpense": "43471000", "interestAndDebtExpense": "None", "netIncomeFromContinuingOperations": "65577000", "comprehensiveIncomeNetOfTax": "None", "ebit": "123943000", "ebitda": "143675000", "netIncome": "65577000"}, {"fiscalDateEnding": "2011-03-31", "reportedCurrency": "USD", "grossProfit": "188313000", "totalRevenue": "312869000", "costOfRevenue": "124556000", "costofGoodsAndServicesSold": "124556000", "operatingIncome": "119297000", "sellingGeneralAndAdministrative": "49256000", "researchAndDevelopment": "0", "operatingExpenses": "69016000", "investmentIncomeNet": "None", "netInterestIncome": "None", "interestIncome": "None", "interestExpense": "9615000", "nonInterestIncome": "None", "otherNonOperatingIncome": "372000", "depreciation": "None", "depreciationAndAmortization": "19760000", "incomeBeforeTax": "110054000", "incomeTaxExpense": "44178000", "interestAndDebtExpense": "None", "netIncomeFromContinuingOperations": "65876000", "comprehensiveIncomeNetOfTax": "None", "ebit": "119669000", "ebitda": "139429000", "netIncome": "65876000"}, {"fiscalDateEnding": "2010-12-31", "reportedCurrency": "USD", "grossProfit": "176683000", "totalRevenue": "293158000", "costOfRevenue": "116475000", "costofGoodsAndServicesSold": "116475000", "operatingIncome": "113707000", "sellingGeneralAndAdministrative": "45240000", "researchAndDevelopment": "14870000", "operatingExpenses": "63520000", "investmentIncomeNet": "None", "netInterestIncome": "None", "interestIncome": "None", "interestExpense": "9269000", "nonInterestIncome": "None", "otherNonOperatingIncome": "None", "depreciation": "None", "depreciationAndAmortization": "17736000", "incomeBeforeTax": "104585000", "incomeTaxExpense": "38692000", "interestAndDebtExpense": "None", "netIncomeFromContinuingOperations": "0", "comprehensiveIncomeNetOfTax": "None", "ebit": "113854000", "ebitda": "131590000", "netIncome": "65893000"}, {"fiscalDateEnding": "2010-09-30", "reportedCurrency": "USD", "grossProfit": "170349000", "totalRevenue": "287354000", "costOfRevenue": "117005000", "costofGoodsAndServicesSold": "117005000", "operatingIncome": "113718000", "sellingGeneralAndAdministrative": "40982000", "researchAndDevelopment": "0", "operatingExpenses": "56631000", "investmentIncomeNet": "None", "netInterestIncome": "None", "interestIncome": "None", "interestExpense": "8484000", "nonInterestIncome": "None", "otherNonOperatingIncome": "None", "depreciation": "None", "depreciationAndAmortization": "16193000", "incomeBeforeTax": "105302000", "incomeTaxExpense": "42422000", "interestAndDebtExpense": "None", "netIncomeFromContinuingOperations": "0", "comprehensiveIncomeNetOfTax": "None", "ebit": "113786000", "ebitda": "129979000", "netIncome": "62880000"}, {"fiscalDateEnding": "2010-06-30", "reportedCurrency": "USD", "grossProfit": "166677000", "totalRevenue": "281677000", "costOfRevenue": "115000000", "costofGoodsAndServicesSold": "115000000", "operatingIncome": "107075000", "sellingGeneralAndAdministrative": "42638000", "researchAndDevelopment": "0", "operatingExpenses": "59602000", "investmentIncomeNet": "None", "netInterestIncome": "None", "interestIncome": "None", "interestExpense": "8445000", "nonInterestIncome": "None", "otherNonOperatingIncome": "None", "depreciation": "None", "depreciationAndAmortization": "16964000", "incomeBeforeTax": "98751000", "incomeTaxExpense": "40347000", "interestAndDebtExpense": "None", "netIncomeFromContinuingOperations": "0", "comprehensiveIncomeNetOfTax": "None", "ebit": "107196000", "ebitda": "124160000", "netIncome": "58404000"}, {"fiscalDateEnding": "2010-03-31", "reportedCurrency": "USD", "grossProfit": "161161000", "totalRevenue": "276154000", "costOfRevenue": "114993000", "costofGoodsAndServicesSold": "114993000", "operatingIncome": "106414000", "sellingGeneralAndAdministrative": "37514000", "researchAndDevelopment": "0", "operatingExpenses": "54747000", "investmentIncomeNet": "None", "netInterestIncome": "None", "interestIncome": "None", "interestExpense": "8466000", "nonInterestIncome": "None", "otherNonOperatingIncome": "None", "depreciation": "None", "depreciationAndAmortization": "17233000", "incomeBeforeTax": "98012000", "incomeTaxExpense": "42637000", "interestAndDebtExpense": "None", "netIncomeFromContinuingOperations": "0", "comprehensiveIncomeNetOfTax": "None", "ebit": "106478000", "ebitda": "123711000", "netIncome": "55375000"}, {"fiscalDateEnding": "2009-12-31", "reportedCurrency": "USD", "grossProfit": "111716000", "totalRevenue": "265126000", "costOfRevenue": "153410000", "costofGoodsAndServicesSold": "153410000", "operatingIncome": "42158000", "sellingGeneralAndAdministrative": "51879000", "researchAndDevelopment": "7609000", "operatingExpenses": "69558000", "investmentIncomeNet": "None", "netInterestIncome": "None", "interestIncome": "None", "interestExpense": "9139000", "nonInterestIncome": "None", "otherNonOperatingIncome": "None", "depreciation": "None", "depreciationAndAmortization": "17679000", "incomeBeforeTax": "31102000", "incomeTaxExpense": "37547000", "interestAndDebtExpense": "None", "netIncomeFromContinuingOperations": "0", "comprehensiveIncomeNetOfTax": "None", "ebit": "40241000", "ebitda": "57920000", "netIncome": "-6445000"}, {"fiscalDateEnding": "2009-09-30", "reportedCurrency": "USD", "grossProfit": "140928000", "totalRevenue": "258311000", "costOfRevenue": "117383000", "costofGoodsAndServicesSold": "117383000", "operatingIncome": "84795000", "sellingGeneralAndAdministrative": "38500000", "researchAndDevelopment": "6500000", "operatingExpenses": "56133000", "investmentIncomeNet": "None", "netInterestIncome": "None", "interestIncome": "None", "interestExpense": "9449000", "nonInterestIncome": "None", "otherNonOperatingIncome": "None", "depreciation": "None", "depreciationAndAmortization": "17633000", "incomeBeforeTax": "75399000", "incomeTaxExpense": "33194000", "interestAndDebtExpense": "None", "netIncomeFromContinuingOperations": "0", "comprehensiveIncomeNetOfTax": "None", "ebit": "84848000", "ebitda": "102481000", "netIncome": "42205000"}, {"fiscalDateEnding": "2009-06-30", "reportedCurrency": "USD", "grossProfit": "144938000", "totalRevenue": "257916000", "costOfRevenue": "112978000", "costofGoodsAndServicesSold": "112978000", "operatingIncome": "87851000", "sellingGeneralAndAdministrative": "38905000", "researchAndDevelopment": "6500000", "operatingExpenses": "57087000", "investmentIncomeNet": "None", "netInterestIncome": "None", "interestIncome": "None", "interestExpense": "8523000", "nonInterestIncome": "None", "otherNonOperatingIncome": "None", "depreciation": "None", "depreciationAndAmortization": "18182000", "incomeBeforeTax": "79410000", "incomeTaxExpense": "33471000", "interestAndDebtExpense": "None", "netIncomeFromContinuingOperations": "0", "comprehensiveIncomeNetOfTax": "None", "ebit": "87933000", "ebitda": "106115000", "netIncome": "45939000"}, {"fiscalDateEnding": "2009-03-31", "reportedCurrency": "USD", "grossProfit": "138228000", "totalRevenue": "245751000", "costOfRevenue": "107523000", "costofGoodsAndServicesSold": "107523000", "operatingIncome": "87203000", "sellingGeneralAndAdministrative": "33320000", "researchAndDevelopment": "0", "operatingExpenses": "51025000", "investmentIncomeNet": "None", "netInterestIncome": "None", "interestIncome": "None", "interestExpense": "8154000", "nonInterestIncome": "None", "otherNonOperatingIncome": "None", "depreciation": "None", "depreciationAndAmortization": "17705000", "incomeBeforeTax": "78694000", "incomeTaxExpense": "33779000", "interestAndDebtExpense": "None", "netIncomeFromContinuingOperations": "0", "comprehensiveIncomeNetOfTax": "None", "ebit": "86848000", "ebitda": "104553000", "netIncome": "44915000"}, {"fiscalDateEnding": "2008-12-31", "reportedCurrency": "USD", "grossProfit": "133557000", "totalRevenue": "231469000", "costOfRevenue": "97912000", "costofGoodsAndServicesSold": "97912000", "operatingIncome": "76195000", "sellingGeneralAndAdministrative": "32146000", "researchAndDevelopment": "6519000", "operatingExpenses": "57362000", "investmentIncomeNet": "None", "netInterestIncome": "None", "interestIncome": "None", "interestExpense": "8750000", "nonInterestIncome": "None", "otherNonOperatingIncome": "None", "depreciation": "None", "depreciationAndAmortization": "17416000", "incomeBeforeTax": "66799000", "incomeTaxExpense": "30360000", "interestAndDebtExpense": "None", "netIncomeFromContinuingOperations": "0", "comprehensiveIncomeNetOfTax": "None", "ebit": "75549000", "ebitda": "92965000", "netIncome": "36439000"}, {"fiscalDateEnding": "2008-09-30", "reportedCurrency": "USD", "grossProfit": "126084000", "totalRevenue": "224391000", "costOfRevenue": "98307000", "costofGoodsAndServicesSold": "98307000", "operatingIncome": "77724000", "sellingGeneralAndAdministrative": "32265000", "researchAndDevelopment": "4535000", "operatingExpenses": "48360000", "investmentIncomeNet": "None", "netInterestIncome": "None", "interestIncome": "None", "interestExpense": "8393000", "nonInterestIncome": "None", "otherNonOperatingIncome": "None", "depreciation": "None", "depreciationAndAmortization": "16095000", "incomeBeforeTax": "69333000", "incomeTaxExpense": "28493000", "interestAndDebtExpense": "None", "netIncomeFromContinuingOperations": "0", "comprehensiveIncomeNetOfTax": "None", "ebit": "77726000", "ebitda": "93821000", "netIncome": "40840000"}, {"fiscalDateEnding": "2008-06-30", "reportedCurrency": "USD", "grossProfit": "124704000", "totalRevenue": "222072000", "costOfRevenue": "97368000", "costofGoodsAndServicesSold": "97368000", "operatingIncome": "78937000", "sellingGeneralAndAdministrative": "30354000", "researchAndDevelopment": "4535000", "operatingExpenses": "45767000", "investmentIncomeNet": "None", "netInterestIncome": "None", "interestIncome": "None", "interestExpense": "7847000", "nonInterestIncome": "None", "otherNonOperatingIncome": "None", "depreciation": "None", "depreciationAndAmortization": "15413000", "incomeBeforeTax": "71865000", "incomeTaxExpense": "31942000", "interestAndDebtExpense": "None", "netIncomeFromContinuingOperations": "0", "comprehensiveIncomeNetOfTax": "None", "ebit": "79712000", "ebitda": "95125000", "netIncome": "39923000"}, {"fiscalDateEnding": "2008-03-31", "reportedCurrency": "USD", "grossProfit": "122308000", "totalRevenue": "215618000", "costOfRevenue": "93310000", "costofGoodsAndServicesSold": "93310000", "operatingIncome": "77686000", "sellingGeneralAndAdministrative": "28674000", "researchAndDevelopment": "0", "operatingExpenses": "44622000", "investmentIncomeNet": "None", "netInterestIncome": "None", "interestIncome": "None", "interestExpense": "6326000", "nonInterestIncome": "None", "otherNonOperatingIncome": "None", "depreciation": "None", "depreciationAndAmortization": "15948000", "incomeBeforeTax": "70902000", "incomeTaxExpense": "29876000", "interestAndDebtExpense": "None", "netIncomeFromContinuingOperations": "0", "comprehensiveIncomeNetOfTax": "None", "ebit": "77228000", "ebitda": "93176000", "netIncome": "41026000"}, {"fiscalDateEnding": "2007-12-31", "reportedCurrency": "USD", "grossProfit": "445004000", "totalRevenue": "202484000", "costOfRevenue": "95346000", "costofGoodsAndServicesSold": "95346000", "operatingIncome": "64751000", "sellingGeneralAndAdministrative": "24987000", "researchAndDevelopment": "8944000", "operatingExpenses": "0", "investmentIncomeNet": "None", "netInterestIncome": "None", "interestIncome": "None", "interestExpense": "5876000", "nonInterestIncome": "None", "otherNonOperatingIncome": "None", "depreciation": "None", "depreciationAndAmortization": "None", "incomeBeforeTax": "61495000", "incomeTaxExpense": "21911000", "interestAndDebtExpense": "None", "netIncomeFromContinuingOperations": "0", "comprehensiveIncomeNetOfTax": "None", "ebit": "0", "ebitda": "None", "netIncome": "38317000"}, {"fiscalDateEnding": "2007-09-30", "reportedCurrency": "USD", "grossProfit": "0", "totalRevenue": "199723000", "costOfRevenue": "85343000", "costofGoodsAndServicesSold": "85343000", "operatingIncome": "71868000", "sellingGeneralAndAdministrative": "26989000", "researchAndDevelopment": "0", "operatingExpenses": "0", "investmentIncomeNet": "None", "netInterestIncome": "None", "interestIncome": "None", "interestExpense": "5578000", "nonInterestIncome": "None", "otherNonOperatingIncome": "None", "depreciation": "None", "depreciationAndAmortization": "None", "incomeBeforeTax": "68015000", "incomeTaxExpense": "28841000", "interestAndDebtExpense": "None", "netIncomeFromContinuingOperations": "0", "comprehensiveIncomeNetOfTax": "None", "ebit": "0", "ebitda": "None", "netIncome": "37154000"}, {"fiscalDateEnding": "2007-06-30", "reportedCurrency": "USD", "grossProfit": "0", "totalRevenue": "399988000", "costOfRevenue": "176502000", "costofGoodsAndServicesSold": "176502000", "operatingIncome": "135148000", "sellingGeneralAndAdministrative": "55600000", "researchAndDevelopment": "0", "operatingExpenses": "0", "investmentIncomeNet": "None", "netInterestIncome": "None", "interestIncome": "None", "interestExpense": "11474000", "nonInterestIncome": "None", "otherNonOperatingIncome": "None", "depreciation": "None", "depreciationAndAmortization": "None", "incomeBeforeTax": "128637000", "incomeTaxExpense": "52432000", "interestAndDebtExpense": "None", "netIncomeFromContinuingOperations": "0", "comprehensiveIncomeNetOfTax": "None", "ebit": "0", "ebitda": "None", "netIncome": "74903000"}]}