{"symbol": "ZBRA", "annualReports": [{"fiscalDateEnding": "2024-12-31", "reportedCurrency": "USD", "grossProfit": "2413000000", "totalRevenue": "4981000000", "costOfRevenue": "2568000000", "costofGoodsAndServicesSold": "2568000000", "operatingIncome": "742000000", "sellingGeneralAndAdministrative": "381000000", "researchAndDevelopment": "563000000", "operatingExpenses": "1671000000", "investmentIncomeNet": "None", "netInterestIncome": "-98000000", "interestIncome": "None", "interestExpense": "98000000", "nonInterestIncome": "None", "otherNonOperatingIncome": "None", "depreciation": "None", "depreciationAndAmortization": "172000000", "incomeBeforeTax": "635000000", "incomeTaxExpense": "107000000", "interestAndDebtExpense": "None", "netIncomeFromContinuingOperations": "528000000", "comprehensiveIncomeNetOfTax": "None", "ebit": "765000000", "ebitda": "937000000", "netIncome": "528000000"}, {"fiscalDateEnding": "2023-12-31", "reportedCurrency": "USD", "grossProfit": "2123000000", "totalRevenue": "4584000000", "costOfRevenue": "2461000000", "costofGoodsAndServicesSold": "2461000000", "operatingIncome": "481000000", "sellingGeneralAndAdministrative": "334000000", "researchAndDevelopment": "519000000", "operatingExpenses": "1642000000", "investmentIncomeNet": "None", "netInterestIncome": "-94000000", "interestIncome": "None", "interestExpense": "133000000", "nonInterestIncome": "None", "otherNonOperatingIncome": "None", "depreciation": "None", "depreciationAndAmortization": "176000000", "incomeBeforeTax": "334000000", "incomeTaxExpense": "38000000", "interestAndDebtExpense": "None", "netIncomeFromContinuingOperations": "465000000", "comprehensiveIncomeNetOfTax": "None", "ebit": "476000000", "ebitda": "652000000", "netIncome": "296000000"}, {"fiscalDateEnding": "2022-12-31", "reportedCurrency": "USD", "grossProfit": "2624000000", "totalRevenue": "5781000000", "costOfRevenue": "3157000000", "costofGoodsAndServicesSold": "3157000000", "operatingIncome": "1346000000", "sellingGeneralAndAdministrative": "375000000", "researchAndDevelopment": "570000000", "operatingExpenses": "1688000000", "investmentIncomeNet": "None", "netInterestIncome": "23000000", "interestIncome": "23000000", "interestExpense": "23000000", "nonInterestIncome": "None", "otherNonOperatingIncome": "-8000000", "depreciation": "None", "depreciationAndAmortization": "204000000", "incomeBeforeTax": "544000000", "incomeTaxExpense": "81000000", "interestAndDebtExpense": "None", "netIncomeFromContinuingOperations": "463000000", "comprehensiveIncomeNetOfTax": "None", "ebit": "936000000", "ebitda": "1140000000", "netIncome": "463000000"}, {"fiscalDateEnding": "2021-12-31", "reportedCurrency": "USD", "grossProfit": "2628000000", "totalRevenue": "5627000000", "costOfRevenue": "2999000000", "costofGoodsAndServicesSold": "2999000000", "operatingIncome": "979000000", "sellingGeneralAndAdministrative": "348000000", "researchAndDevelopment": "567000000", "operatingExpenses": "1617000000", "investmentIncomeNet": "None", "netInterestIncome": "-5000000", "interestIncome": "None", "interestExpense": "5000000", "nonInterestIncome": "None", "otherNonOperatingIncome": "-6000000", "depreciation": "None", "depreciationAndAmortization": "187000000", "incomeBeforeTax": "968000000", "incomeTaxExpense": "131000000", "interestAndDebtExpense": "None", "netIncomeFromContinuingOperations": "837000000", "comprehensiveIncomeNetOfTax": "None", "ebit": "986000000", "ebitda": "1173000000", "netIncome": "837000000"}, {"fiscalDateEnding": "2020-12-31", "reportedCurrency": "USD", "grossProfit": "2003000000", "totalRevenue": "4448000000", "costOfRevenue": "2445000000", "costofGoodsAndServicesSold": "2445000000", "operatingIncome": "651000000", "sellingGeneralAndAdministrative": "304000000", "researchAndDevelopment": "453000000", "operatingExpenses": "1318000000", "investmentIncomeNet": "None", "netInterestIncome": "-76000000", "interestIncome": "None", "interestExpense": "76000000", "nonInterestIncome": "None", "otherNonOperatingIncome": "-15000000", "depreciation": "None", "depreciationAndAmortization": "146000000", "incomeBeforeTax": "560000000", "incomeTaxExpense": "56000000", "interestAndDebtExpense": "None", "netIncomeFromContinuingOperations": "504000000", "comprehensiveIncomeNetOfTax": "None", "ebit": "590000000", "ebitda": "736000000", "netIncome": "504000000"}, {"fiscalDateEnding": "2019-12-31", "reportedCurrency": "USD", "grossProfit": "2100000000", "totalRevenue": "4485000000", "costOfRevenue": "2385000000", "costofGoodsAndServicesSold": "2385000000", "operatingIncome": "692000000", "sellingGeneralAndAdministrative": "323000000", "researchAndDevelopment": "447000000", "operatingExpenses": "1376000000", "investmentIncomeNet": "None", "netInterestIncome": "-89000000", "interestIncome": "95000000", "interestExpense": "89000000", "nonInterestIncome": "None", "otherNonOperatingIncome": "-5000000", "depreciation": "None", "depreciationAndAmortization": "208000000", "incomeBeforeTax": "598000000", "incomeTaxExpense": "54000000", "interestAndDebtExpense": "None", "netIncomeFromContinuingOperations": "544000000", "comprehensiveIncomeNetOfTax": "None", "ebit": "692000000", "ebitda": "900000000", "netIncome": "544000000"}, {"fiscalDateEnding": "2018-12-31", "reportedCurrency": "USD", "grossProfit": "1981000000", "totalRevenue": "4218000000", "costOfRevenue": "2237000000", "costofGoodsAndServicesSold": "2237000000", "operatingIncome": "610000000", "sellingGeneralAndAdministrative": "328000000", "researchAndDevelopment": "444000000", "operatingExpenses": "1352000000", "investmentIncomeNet": "None", "netInterestIncome": "-91000000", "interestIncome": "96000000", "interestExpense": "91000000", "nonInterestIncome": "None", "otherNonOperatingIncome": "5000000", "depreciation": "None", "depreciationAndAmortization": "175000000", "incomeBeforeTax": "524000000", "incomeTaxExpense": "103000000", "interestAndDebtExpense": "None", "netIncomeFromContinuingOperations": "421000000", "comprehensiveIncomeNetOfTax": "None", "ebit": "639000000", "ebitda": "814000000", "netIncome": "421000000"}, {"fiscalDateEnding": "2017-12-31", "reportedCurrency": "USD", "grossProfit": "1710000000", "totalRevenue": "3722000000", "costOfRevenue": "2012000000", "costofGoodsAndServicesSold": "2012000000", "operatingIncome": "322000000", "sellingGeneralAndAdministrative": "301000000", "researchAndDevelopment": "389000000", "operatingExpenses": "1322000000", "investmentIncomeNet": "None", "netInterestIncome": "-227000000", "interestIncome": "228000000", "interestExpense": "227000000", "nonInterestIncome": "None", "otherNonOperatingIncome": "-7000000", "depreciation": "None", "depreciationAndAmortization": "263000000", "incomeBeforeTax": "88000000", "incomeTaxExpense": "71000000", "interestAndDebtExpense": "None", "netIncomeFromContinuingOperations": "17000000", "comprehensiveIncomeNetOfTax": "None", "ebit": "382000000", "ebitda": "645000000", "netIncome": "17000000"}, {"fiscalDateEnding": "2016-12-31", "reportedCurrency": "USD", "grossProfit": "1642000000", "totalRevenue": "3574000000", "costOfRevenue": "1932000000", "costofGoodsAndServicesSold": "1932000000", "operatingIncome": "80000000", "sellingGeneralAndAdministrative": "307000000", "researchAndDevelopment": "376000000", "operatingExpenses": "1356000000", "investmentIncomeNet": "None", "netInterestIncome": "-193000000", "interestIncome": "198000000", "interestExpense": "193000000", "nonInterestIncome": "None", "otherNonOperatingIncome": "-16000000", "depreciation": "None", "depreciationAndAmortization": "304000000", "incomeBeforeTax": "-129000000", "incomeTaxExpense": "8000000", "interestAndDebtExpense": "None", "netIncomeFromContinuingOperations": "-137000000", "comprehensiveIncomeNetOfTax": "None", "ebit": "275000000", "ebitda": "579000000", "netIncome": "-137000000"}, {"fiscalDateEnding": "2015-12-31", "reportedCurrency": "USD", "grossProfit": "1644233000", "totalRevenue": "3651972000", "costOfRevenue": "2007739000", "costofGoodsAndServicesSold": "2007739000", "operatingIncome": "53303000", "sellingGeneralAndAdministrative": "276656000", "researchAndDevelopment": "394111000", "operatingExpenses": "1408005000", "investmentIncomeNet": "None", "netInterestIncome": "None", "interestIncome": "216000000", "interestExpense": "193958000", "nonInterestIncome": "None", "otherNonOperatingIncome": "-24000000", "depreciation": "None", "depreciationAndAmortization": "319879000", "incomeBeforeTax": "-163623000", "incomeTaxExpense": "-26290000", "interestAndDebtExpense": "None", "netIncomeFromContinuingOperations": "-158000000", "comprehensiveIncomeNetOfTax": "None", "ebit": "235308000", "ebitda": "555187000", "netIncome": "-137333000"}, {"fiscalDateEnding": "2014-12-31", "reportedCurrency": "USD", "grossProfit": "778025000", "totalRevenue": "1670572000", "costOfRevenue": "892547000", "costofGoodsAndServicesSold": "892547000", "operatingIncome": "88590000", "sellingGeneralAndAdministrative": "138214000", "researchAndDevelopment": "151103000", "operatingExpenses": "556717000", "investmentIncomeNet": "None", "netInterestIncome": "None", "interestIncome": "None", "interestExpense": "56836000", "nonInterestIncome": "None", "otherNonOperatingIncome": "-15125000", "depreciation": "None", "depreciationAndAmortization": "81371000", "incomeBeforeTax": "16629000", "incomeTaxExpense": "-15800000", "interestAndDebtExpense": "None", "netIncomeFromContinuingOperations": "32429000", "comprehensiveIncomeNetOfTax": "None", "ebit": "220305000", "ebitda": "301676000", "netIncome": "32429000"}, {"fiscalDateEnding": "2013-12-31", "reportedCurrency": "USD", "grossProfit": "503610000", "totalRevenue": "1038159000", "costOfRevenue": "534549000", "costofGoodsAndServicesSold": "534549000", "operatingIncome": "160264000", "sellingGeneralAndAdministrative": "96216000", "researchAndDevelopment": "91147000", "operatingExpenses": "332766000", "investmentIncomeNet": "None", "netInterestIncome": "None", "interestIncome": "None", "interestExpense": "0", "nonInterestIncome": "None", "otherNonOperatingIncome": "3563000", "depreciation": "None", "depreciationAndAmortization": "32110000", "incomeBeforeTax": "163827000", "incomeTaxExpense": "29602000", "interestAndDebtExpense": "None", "netIncomeFromContinuingOperations": "134225000", "comprehensiveIncomeNetOfTax": "None", "ebit": "179582000", "ebitda": "211692000", "netIncome": "134358000"}, {"fiscalDateEnding": "2012-12-31", "reportedCurrency": "USD", "grossProfit": "491644000", "totalRevenue": "996168000", "costOfRevenue": "504524000", "costofGoodsAndServicesSold": "504524000", "operatingIncome": "164351000", "sellingGeneralAndAdministrative": "92167000", "researchAndDevelopment": "87364000", "operatingExpenses": "314110000", "investmentIncomeNet": "None", "netInterestIncome": "None", "interestIncome": "None", "interestExpense": "0", "nonInterestIncome": "None", "otherNonOperatingIncome": "-177000", "depreciation": "None", "depreciationAndAmortization": "26177000", "incomeBeforeTax": "164174000", "incomeTaxExpense": "42277000", "interestAndDebtExpense": "None", "netIncomeFromContinuingOperations": "121897000", "comprehensiveIncomeNetOfTax": "None", "ebit": "189173000", "ebitda": "215350000", "netIncome": "122904000"}, {"fiscalDateEnding": "2011-12-31", "reportedCurrency": "USD", "grossProfit": "486769000", "totalRevenue": "983488000", "costOfRevenue": "496719000", "costofGoodsAndServicesSold": "496719000", "operatingIncome": "182036000", "sellingGeneralAndAdministrative": "81649000", "researchAndDevelopment": "89926000", "operatingExpenses": "302692000", "investmentIncomeNet": "None", "netInterestIncome": "None", "interestIncome": "None", "interestExpense": "1944000", "nonInterestIncome": "None", "otherNonOperatingIncome": "-2317000", "depreciation": "None", "depreciationAndAmortization": "24000000", "incomeBeforeTax": "179719000", "incomeTaxExpense": "49376000", "interestAndDebtExpense": "None", "netIncomeFromContinuingOperations": "130343000", "comprehensiveIncomeNetOfTax": "None", "ebit": "190379000", "ebitda": "214379000", "netIncome": "174643000"}, {"fiscalDateEnding": "2010-12-31", "reportedCurrency": "USD", "grossProfit": "460869000", "totalRevenue": "956848000", "costOfRevenue": "495979000", "costofGoodsAndServicesSold": "495979000", "operatingIncome": "143852000", "sellingGeneralAndAdministrative": "79710000", "researchAndDevelopment": "101930000", "operatingExpenses": "313902000", "investmentIncomeNet": "None", "netInterestIncome": "None", "interestIncome": "None", "interestExpense": "0", "nonInterestIncome": "None", "otherNonOperatingIncome": "1083000", "depreciation": "None", "depreciationAndAmortization": "31209000", "incomeBeforeTax": "144935000", "incomeTaxExpense": "43157000", "interestAndDebtExpense": "None", "netIncomeFromContinuingOperations": "101778000", "comprehensiveIncomeNetOfTax": "None", "ebit": "148999000", "ebitda": "180208000", "netIncome": "101778000"}, {"fiscalDateEnding": "2009-12-31", "reportedCurrency": "USD", "grossProfit": "360721000", "totalRevenue": "803585000", "costOfRevenue": "442864000", "costofGoodsAndServicesSold": "442864000", "operatingIncome": "68802000", "sellingGeneralAndAdministrative": "85032000", "researchAndDevelopment": "85089000", "operatingExpenses": "280786000", "investmentIncomeNet": "None", "netInterestIncome": "None", "interestIncome": "None", "interestExpense": "0", "nonInterestIncome": "None", "otherNonOperatingIncome": "None", "depreciation": "None", "depreciationAndAmortization": "32913000", "incomeBeforeTax": "70523000", "incomeTaxExpense": "23419000", "interestAndDebtExpense": "None", "netIncomeFromContinuingOperations": "None", "comprehensiveIncomeNetOfTax": "None", "ebit": "89347000", "ebitda": "122260000", "netIncome": "47104000"}, {"fiscalDateEnding": "2008-12-31", "reportedCurrency": "USD", "grossProfit": "479305000", "totalRevenue": "976700000", "costOfRevenue": "497395000", "costofGoodsAndServicesSold": "497395000", "operatingIncome": "-15346000", "sellingGeneralAndAdministrative": "87885000", "researchAndDevelopment": "85120000", "operatingExpenses": "494651000", "investmentIncomeNet": "None", "netInterestIncome": "None", "interestIncome": "None", "interestExpense": "0", "nonInterestIncome": "None", "otherNonOperatingIncome": "None", "depreciation": "None", "depreciationAndAmortization": "38581000", "incomeBeforeTax": "-11913000", "incomeTaxExpense": "26508000", "interestAndDebtExpense": "None", "netIncomeFromContinuingOperations": "None", "comprehensiveIncomeNetOfTax": "None", "ebit": "-18779000", "ebitda": "19802000", "netIncome": "-38421000"}, {"fiscalDateEnding": "2007-12-31", "reportedCurrency": "USD", "grossProfit": "417118000", "totalRevenue": "868279000", "costOfRevenue": "451161000", "costofGoodsAndServicesSold": "451161000", "operatingIncome": "143185000", "sellingGeneralAndAdministrative": "81356000", "researchAndDevelopment": "57600000", "operatingExpenses": "272080000", "investmentIncomeNet": "None", "netInterestIncome": "None", "interestIncome": "None", "interestExpense": "44000", "nonInterestIncome": "None", "otherNonOperatingIncome": "None", "depreciation": "None", "depreciationAndAmortization": "26902000", "incomeBeforeTax": "167375000", "incomeTaxExpense": "57262000", "interestAndDebtExpense": "None", "netIncomeFromContinuingOperations": "None", "comprehensiveIncomeNetOfTax": "None", "ebit": "122657000", "ebitda": "149559000", "netIncome": "110113000"}, {"fiscalDateEnding": "2006-12-31", "reportedCurrency": "USD", "grossProfit": "358420000", "totalRevenue": "759524000", "costOfRevenue": "401104000", "costofGoodsAndServicesSold": "401104000", "operatingIncome": "80429000", "sellingGeneralAndAdministrative": "62656000", "researchAndDevelopment": "48959000", "operatingExpenses": "277991000", "investmentIncomeNet": "None", "netInterestIncome": "None", "interestIncome": "None", "interestExpense": "252000", "nonInterestIncome": "None", "otherNonOperatingIncome": "None", "depreciation": "None", "depreciationAndAmortization": "16087000", "incomeBeforeTax": "101642000", "incomeTaxExpense": "32015000", "interestAndDebtExpense": "None", "netIncomeFromContinuingOperations": "None", "comprehensiveIncomeNetOfTax": "None", "ebit": "124899000", "ebitda": "140986000", "netIncome": "70946000"}, {"fiscalDateEnding": "2005-12-31", "reportedCurrency": "USD", "grossProfit": "354181000", "totalRevenue": "702271000", "costOfRevenue": "348090000", "costofGoodsAndServicesSold": "348090000", "operatingIncome": "154211000", "sellingGeneralAndAdministrative": "59910000", "researchAndDevelopment": "46000000", "operatingExpenses": "199970000", "investmentIncomeNet": "None", "netInterestIncome": "None", "interestIncome": "None", "interestExpense": "79000", "nonInterestIncome": "None", "otherNonOperatingIncome": "None", "depreciation": "None", "depreciationAndAmortization": "13104000", "incomeBeforeTax": "168465000", "incomeTaxExpense": "56862000", "interestAndDebtExpense": "None", "netIncomeFromContinuingOperations": "None", "comprehensiveIncomeNetOfTax": "None", "ebit": "141890000", "ebitda": "154994000", "netIncome": "111603000"}], "quarterlyReports": [{"fiscalDateEnding": "2024-12-31", "reportedCurrency": "USD", "grossProfit": "648000000", "totalRevenue": "1334000000", "costOfRevenue": "686000000", "costofGoodsAndServicesSold": "686000000", "operatingIncome": "225000000", "sellingGeneralAndAdministrative": "107000000", "researchAndDevelopment": "138000000", "operatingExpenses": "423000000", "investmentIncomeNet": "None", "netInterestIncome": "-27000000", "interestIncome": "None", "interestExpense": "27000000", "nonInterestIncome": "None", "otherNonOperatingIncome": "None", "depreciation": "None", "depreciationAndAmortization": "42000000", "incomeBeforeTax": "208000000", "incomeTaxExpense": "45000000", "interestAndDebtExpense": "None", "netIncomeFromContinuingOperations": "163000000", "comprehensiveIncomeNetOfTax": "None", "ebit": "267000000", "ebitda": "309000000", "netIncome": "163000000"}, {"fiscalDateEnding": "2024-09-30", "reportedCurrency": "USD", "grossProfit": "613000000", "totalRevenue": "1255000000", "costOfRevenue": "642000000", "costofGoodsAndServicesSold": "642000000", "operatingIncome": "191000000", "sellingGeneralAndAdministrative": "96000000", "researchAndDevelopment": "141000000", "operatingExpenses": "422000000", "investmentIncomeNet": "None", "netInterestIncome": "-31000000", "interestIncome": "None", "interestExpense": "31000000", "nonInterestIncome": "None", "otherNonOperatingIncome": "None", "depreciation": "None", "depreciationAndAmortization": "45000000", "incomeBeforeTax": "149000000", "incomeTaxExpense": "12000000", "interestAndDebtExpense": "None", "netIncomeFromContinuingOperations": "137000000", "comprehensiveIncomeNetOfTax": "None", "ebit": "180000000", "ebitda": "225000000", "netIncome": "137000000"}, {"fiscalDateEnding": "2024-06-30", "reportedCurrency": "USD", "grossProfit": "559000000", "totalRevenue": "1212000000", "costOfRevenue": "653000000", "costofGoodsAndServicesSold": "653000000", "operatingIncome": "166000000", "sellingGeneralAndAdministrative": "97000000", "researchAndDevelopment": "146000000", "operatingExpenses": "393000000", "investmentIncomeNet": "None", "netInterestIncome": "-23000000", "interestIncome": "None", "interestExpense": "23000000", "nonInterestIncome": "None", "otherNonOperatingIncome": "None", "depreciation": "None", "depreciationAndAmortization": "42000000", "incomeBeforeTax": "136000000", "incomeTaxExpense": "23000000", "interestAndDebtExpense": "None", "netIncomeFromContinuingOperations": "113000000", "comprehensiveIncomeNetOfTax": "None", "ebit": "171000000", "ebitda": "213000000", "netIncome": "113000000"}, {"fiscalDateEnding": "2024-03-31", "reportedCurrency": "USD", "grossProfit": "536000000", "totalRevenue": "1174000000", "costOfRevenue": "638000000", "costofGoodsAndServicesSold": "638000000", "operatingIncome": "169000000", "sellingGeneralAndAdministrative": "81000000", "researchAndDevelopment": "138000000", "operatingExpenses": "367000000", "investmentIncomeNet": "None", "netInterestIncome": "-17000000", "interestIncome": "None", "interestExpense": "17000000", "nonInterestIncome": "None", "otherNonOperatingIncome": "None", "depreciation": "None", "depreciationAndAmortization": "43000000", "incomeBeforeTax": "142000000", "incomeTaxExpense": "27000000", "interestAndDebtExpense": "None", "netIncomeFromContinuingOperations": "115000000", "comprehensiveIncomeNetOfTax": "None", "ebit": "169000000", "ebitda": "212000000", "netIncome": "115000000"}, {"fiscalDateEnding": "2023-12-31", "reportedCurrency": "USD", "grossProfit": "421000000", "totalRevenue": "1008000000", "costOfRevenue": "587000000", "costofGoodsAndServicesSold": "587000000", "operatingIncome": "91000000", "sellingGeneralAndAdministrative": "78000000", "researchAndDevelopment": "116000000", "operatingExpenses": "330000000", "investmentIncomeNet": "None", "netInterestIncome": "-64000000", "interestIncome": "None", "interestExpense": "39000000", "nonInterestIncome": "None", "otherNonOperatingIncome": "None", "depreciation": "None", "depreciationAndAmortization": "44000000", "incomeBeforeTax": "2000000", "incomeTaxExpense": "-15000000", "interestAndDebtExpense": "None", "netIncomeFromContinuingOperations": "17000000", "comprehensiveIncomeNetOfTax": "None", "ebit": "41000000", "ebitda": "85000000", "netIncome": "17000000"}, {"fiscalDateEnding": "2023-09-30", "reportedCurrency": "USD", "grossProfit": "427000000", "totalRevenue": "956000000", "costOfRevenue": "529000000", "costofGoodsAndServicesSold": "529000000", "operatingIncome": "-12000000", "sellingGeneralAndAdministrative": "88000000", "researchAndDevelopment": "127000000", "operatingExpenses": "379000000", "investmentIncomeNet": "None", "netInterestIncome": "-16000000", "interestIncome": "None", "interestExpense": "39000000", "nonInterestIncome": "None", "otherNonOperatingIncome": "None", "depreciation": "None", "depreciationAndAmortization": "44000000", "incomeBeforeTax": "-24000000", "incomeTaxExpense": "-9000000", "interestAndDebtExpense": "None", "netIncomeFromContinuingOperations": "-15000000", "comprehensiveIncomeNetOfTax": "None", "ebit": "15000000", "ebitda": "59000000", "netIncome": "-15000000"}, {"fiscalDateEnding": "2023-06-30", "reportedCurrency": "USD", "grossProfit": "581000000", "totalRevenue": "1214000000", "costOfRevenue": "633000000", "costofGoodsAndServicesSold": "633000000", "operatingIncome": "194000000", "sellingGeneralAndAdministrative": "69000000", "researchAndDevelopment": "130000000", "operatingExpenses": "371000000", "investmentIncomeNet": "None", "netInterestIncome": "-16000000", "interestIncome": "None", "interestExpense": "16000000", "nonInterestIncome": "None", "otherNonOperatingIncome": "-7000000", "depreciation": "None", "depreciationAndAmortization": "44000000", "incomeBeforeTax": "171000000", "incomeTaxExpense": "27000000", "interestAndDebtExpense": "None", "netIncomeFromContinuingOperations": "144000000", "comprehensiveIncomeNetOfTax": "None", "ebit": "205000000", "ebitda": "249000000", "netIncome": "144000000"}, {"fiscalDateEnding": "2023-03-31", "reportedCurrency": "USD", "grossProfit": "667000000", "totalRevenue": "1405000000", "costOfRevenue": "738000000", "costofGoodsAndServicesSold": "738000000", "operatingIncome": "225000000", "sellingGeneralAndAdministrative": "99000000", "researchAndDevelopment": "146000000", "operatingExpenses": "432000000", "investmentIncomeNet": "None", "netInterestIncome": "-37000000", "interestIncome": "None", "interestExpense": "37000000", "nonInterestIncome": "None", "otherNonOperatingIncome": "-3000000", "depreciation": "None", "depreciationAndAmortization": "44000000", "incomeBeforeTax": "185000000", "incomeTaxExpense": "35000000", "interestAndDebtExpense": "None", "netIncomeFromContinuingOperations": "150000000", "comprehensiveIncomeNetOfTax": "None", "ebit": "215000000", "ebitda": "259000000", "netIncome": "150000000"}, {"fiscalDateEnding": "2022-12-31", "reportedCurrency": "USD", "grossProfit": "685000000", "totalRevenue": "1503000000", "costOfRevenue": "818000000", "costofGoodsAndServicesSold": "818000000", "operatingIncome": "260000000", "sellingGeneralAndAdministrative": "87000000", "researchAndDevelopment": "142000000", "operatingExpenses": "413000000", "investmentIncomeNet": "None", "netInterestIncome": "-25000000", "interestIncome": "None", "interestExpense": "25000000", "nonInterestIncome": "None", "otherNonOperatingIncome": "-40000000", "depreciation": "None", "depreciationAndAmortization": "45000000", "incomeBeforeTax": "225000000", "incomeTaxExpense": "39000000", "interestAndDebtExpense": "None", "netIncomeFromContinuingOperations": "186000000", "comprehensiveIncomeNetOfTax": "None", "ebit": "249000000", "ebitda": "294000000", "netIncome": "186000000"}, {"fiscalDateEnding": "2022-09-30", "reportedCurrency": "USD", "grossProfit": "628000000", "totalRevenue": "1378000000", "costOfRevenue": "750000000", "costofGoodsAndServicesSold": "750000000", "operatingIncome": "202000000", "sellingGeneralAndAdministrative": "92000000", "researchAndDevelopment": "143000000", "operatingExpenses": "426000000", "investmentIncomeNet": "None", "netInterestIncome": "21000000", "interestIncome": "None", "interestExpense": "21000000", "nonInterestIncome": "None", "otherNonOperatingIncome": "-1000000", "depreciation": "None", "depreciationAndAmortization": "55000000", "incomeBeforeTax": "222000000", "incomeTaxExpense": "52000000", "interestAndDebtExpense": "None", "netIncomeFromContinuingOperations": "170000000", "comprehensiveIncomeNetOfTax": "None", "ebit": "243000000", "ebitda": "298000000", "netIncome": "170000000"}, {"fiscalDateEnding": "2022-06-30", "reportedCurrency": "USD", "grossProfit": "674000000", "totalRevenue": "1468000000", "costOfRevenue": "794000000", "costofGoodsAndServicesSold": "794000000", "operatingIncome": "-145000000", "sellingGeneralAndAdministrative": "97000000", "researchAndDevelopment": "148000000", "operatingExpenses": "819000000", "investmentIncomeNet": "None", "netInterestIncome": "-3000000", "interestIncome": "None", "interestExpense": "3000000", "nonInterestIncome": "None", "otherNonOperatingIncome": "-5000000", "depreciation": "None", "depreciationAndAmortization": "51000000", "incomeBeforeTax": "-153000000", "incomeTaxExpense": "-55000000", "interestAndDebtExpense": "None", "netIncomeFromContinuingOperations": "-98000000", "comprehensiveIncomeNetOfTax": "None", "ebit": "-156000000", "ebitda": "-105000000", "netIncome": "-98000000"}, {"fiscalDateEnding": "2022-03-31", "reportedCurrency": "USD", "grossProfit": "637000000", "totalRevenue": "1432000000", "costOfRevenue": "795000000", "costofGoodsAndServicesSold": "795000000", "operatingIncome": "212000000", "sellingGeneralAndAdministrative": "99000000", "researchAndDevelopment": "137000000", "operatingExpenses": "425000000", "investmentIncomeNet": "None", "netInterestIncome": "30000000", "interestIncome": "30000000", "interestExpense": "30000000", "nonInterestIncome": "None", "otherNonOperatingIncome": "38000000", "depreciation": "None", "depreciationAndAmortization": "52000000", "incomeBeforeTax": "250000000", "incomeTaxExpense": "45000000", "interestAndDebtExpense": "None", "netIncomeFromContinuingOperations": "205000000", "comprehensiveIncomeNetOfTax": "None", "ebit": "280000000", "ebitda": "332000000", "netIncome": "205000000"}, {"fiscalDateEnding": "2021-12-31", "reportedCurrency": "USD", "grossProfit": "669000000", "totalRevenue": "1467000000", "costOfRevenue": "798000000", "costofGoodsAndServicesSold": "798000000", "operatingIncome": "223000000", "sellingGeneralAndAdministrative": "89000000", "researchAndDevelopment": "145000000", "operatingExpenses": "457000000", "investmentIncomeNet": "None", "netInterestIncome": "5000000", "interestIncome": "None", "interestExpense": "5000000", "nonInterestIncome": "None", "otherNonOperatingIncome": "-2000000", "depreciation": "None", "depreciationAndAmortization": "51000000", "incomeBeforeTax": "226000000", "incomeTaxExpense": "35000000", "interestAndDebtExpense": "None", "netIncomeFromContinuingOperations": "191000000", "comprehensiveIncomeNetOfTax": "None", "ebit": "221000000", "ebitda": "272000000", "netIncome": "191000000"}, {"fiscalDateEnding": "2021-09-30", "reportedCurrency": "USD", "grossProfit": "646000000", "totalRevenue": "1436000000", "costOfRevenue": "790000000", "costofGoodsAndServicesSold": "790000000", "operatingIncome": "237000000", "sellingGeneralAndAdministrative": "85000000", "researchAndDevelopment": "141000000", "operatingExpenses": "403000000", "investmentIncomeNet": "None", "netInterestIncome": "-5000000", "interestIncome": "None", "interestExpense": "5000000", "nonInterestIncome": "None", "otherNonOperatingIncome": "-4000000", "depreciation": "None", "depreciationAndAmortization": "48000000", "incomeBeforeTax": "228000000", "incomeTaxExpense": "29000000", "interestAndDebtExpense": "None", "netIncomeFromContinuingOperations": "199000000", "comprehensiveIncomeNetOfTax": "None", "ebit": "243000000", "ebitda": "291000000", "netIncome": "199000000"}, {"fiscalDateEnding": "2021-06-30", "reportedCurrency": "USD", "grossProfit": "658000000", "totalRevenue": "1377000000", "costOfRevenue": "719000000", "costofGoodsAndServicesSold": "719000000", "operatingIncome": "247000000", "sellingGeneralAndAdministrative": "92000000", "researchAndDevelopment": "141000000", "operatingExpenses": "407000000", "investmentIncomeNet": "None", "netInterestIncome": "-7000000", "interestIncome": "None", "interestExpense": "7000000", "nonInterestIncome": "None", "otherNonOperatingIncome": "-2000000", "depreciation": "None", "depreciationAndAmortization": "44000000", "incomeBeforeTax": "238000000", "incomeTaxExpense": "19000000", "interestAndDebtExpense": "None", "netIncomeFromContinuingOperations": "219000000", "comprehensiveIncomeNetOfTax": "None", "ebit": "251000000", "ebitda": "295000000", "netIncome": "219000000"}, {"fiscalDateEnding": "2021-03-31", "reportedCurrency": "USD", "grossProfit": "655000000", "totalRevenue": "1347000000", "costOfRevenue": "692000000", "costofGoodsAndServicesSold": "692000000", "operatingIncome": "272000000", "sellingGeneralAndAdministrative": "82000000", "researchAndDevelopment": "140000000", "operatingExpenses": "382000000", "investmentIncomeNet": "None", "netInterestIncome": "2000000", "interestIncome": "None", "interestExpense": "2000000", "nonInterestIncome": "None", "otherNonOperatingIncome": "2000000", "depreciation": "None", "depreciationAndAmortization": "44000000", "incomeBeforeTax": "276000000", "incomeTaxExpense": "48000000", "interestAndDebtExpense": "None", "netIncomeFromContinuingOperations": "228000000", "comprehensiveIncomeNetOfTax": "None", "ebit": "273000000", "ebitda": "317000000", "netIncome": "228000000"}, {"fiscalDateEnding": "2020-12-31", "reportedCurrency": "USD", "grossProfit": "618000000", "totalRevenue": "1308000000", "costOfRevenue": "690000000", "costofGoodsAndServicesSold": "690000000", "operatingIncome": "231000000", "sellingGeneralAndAdministrative": "85000000", "researchAndDevelopment": "137000000", "operatingExpenses": "381000000", "investmentIncomeNet": "None", "netInterestIncome": "-7000000", "interestIncome": "None", "interestExpense": "7000000", "nonInterestIncome": "None", "otherNonOperatingIncome": "-8000000", "depreciation": "None", "depreciationAndAmortization": "43000000", "incomeBeforeTax": "216000000", "incomeTaxExpense": "17000000", "interestAndDebtExpense": "None", "netIncomeFromContinuingOperations": "199000000", "comprehensiveIncomeNetOfTax": "None", "ebit": "223000000", "ebitda": "266000000", "netIncome": "199000000"}, {"fiscalDateEnding": "2020-09-30", "reportedCurrency": "USD", "grossProfit": "493000000", "totalRevenue": "1132000000", "costOfRevenue": "639000000", "costofGoodsAndServicesSold": "639000000", "operatingIncome": "150000000", "sellingGeneralAndAdministrative": "71000000", "researchAndDevelopment": "113000000", "operatingExpenses": "323000000", "investmentIncomeNet": "None", "netInterestIncome": "-10000000", "interestIncome": "None", "interestExpense": "10000000", "nonInterestIncome": "None", "otherNonOperatingIncome": "-2000000", "depreciation": "None", "depreciationAndAmortization": "35000000", "incomeBeforeTax": "138000000", "incomeTaxExpense": "22000000", "interestAndDebtExpense": "None", "netIncomeFromContinuingOperations": "116000000", "comprehensiveIncomeNetOfTax": "None", "ebit": "144000000", "ebitda": "179000000", "netIncome": "116000000"}, {"fiscalDateEnding": "2020-06-30", "reportedCurrency": "USD", "grossProfit": "419000000", "totalRevenue": "956000000", "costOfRevenue": "537000000", "costofGoodsAndServicesSold": "537000000", "operatingIncome": "119000000", "sellingGeneralAndAdministrative": "74000000", "researchAndDevelopment": "98000000", "operatingExpenses": "297000000", "investmentIncomeNet": "None", "netInterestIncome": "-14000000", "interestIncome": "None", "interestExpense": "14000000", "nonInterestIncome": "None", "otherNonOperatingIncome": "-2000000", "depreciation": "None", "depreciationAndAmortization": "34000000", "incomeBeforeTax": "103000000", "incomeTaxExpense": "3000000", "interestAndDebtExpense": "None", "netIncomeFromContinuingOperations": "100000000", "comprehensiveIncomeNetOfTax": "None", "ebit": "110000000", "ebitda": "144000000", "netIncome": "100000000"}, {"fiscalDateEnding": "2020-03-31", "reportedCurrency": "USD", "grossProfit": "473000000", "totalRevenue": "1052000000", "costOfRevenue": "579000000", "costofGoodsAndServicesSold": "579000000", "operatingIncome": "151000000", "sellingGeneralAndAdministrative": "74000000", "researchAndDevelopment": "105000000", "operatingExpenses": "317000000", "investmentIncomeNet": "None", "netInterestIncome": "-45000000", "interestIncome": "None", "interestExpense": "45000000", "nonInterestIncome": "None", "otherNonOperatingIncome": "-3000000", "depreciation": "None", "depreciationAndAmortization": "34000000", "incomeBeforeTax": "103000000", "incomeTaxExpense": "14000000", "interestAndDebtExpense": "None", "netIncomeFromContinuingOperations": "89000000", "comprehensiveIncomeNetOfTax": "None", "ebit": "156000000", "ebitda": "190000000", "netIncome": "89000000"}, {"fiscalDateEnding": "2019-12-31", "reportedCurrency": "USD", "grossProfit": "544000000", "totalRevenue": "1192000000", "costOfRevenue": "648000000", "costofGoodsAndServicesSold": "648000000", "operatingIncome": "188000000", "sellingGeneralAndAdministrative": "79000000", "researchAndDevelopment": "118000000", "operatingExpenses": "346000000", "investmentIncomeNet": "None", "netInterestIncome": "-4000000", "interestIncome": "8000000", "interestExpense": "4000000", "nonInterestIncome": "None", "otherNonOperatingIncome": "-5000000", "depreciation": "None", "depreciationAndAmortization": "36000000", "incomeBeforeTax": "179000000", "incomeTaxExpense": "10000000", "interestAndDebtExpense": "None", "netIncomeFromContinuingOperations": "169000000", "comprehensiveIncomeNetOfTax": "None", "ebit": "191000000", "ebitda": "227000000", "netIncome": "169000000"}, {"fiscalDateEnding": "2019-09-30", "reportedCurrency": "USD", "grossProfit": "535000000", "totalRevenue": "1130000000", "costOfRevenue": "595000000", "costofGoodsAndServicesSold": "595000000", "operatingIncome": "185000000", "sellingGeneralAndAdministrative": "78000000", "researchAndDevelopment": "110000000", "operatingExpenses": "338000000", "investmentIncomeNet": "None", "netInterestIncome": "-28000000", "interestIncome": "None", "interestExpense": "28000000", "nonInterestIncome": "None", "otherNonOperatingIncome": "2000000", "depreciation": "None", "depreciationAndAmortization": "44000000", "incomeBeforeTax": "159000000", "incomeTaxExpense": "23000000", "interestAndDebtExpense": "None", "netIncomeFromContinuingOperations": "136000000", "comprehensiveIncomeNetOfTax": "None", "ebit": "183000000", "ebitda": "227000000", "netIncome": "136000000"}, {"fiscalDateEnding": "2019-06-30", "reportedCurrency": "USD", "grossProfit": "520000000", "totalRevenue": "1097000000", "costOfRevenue": "577000000", "costofGoodsAndServicesSold": "577000000", "operatingIncome": "160000000", "sellingGeneralAndAdministrative": "90000000", "researchAndDevelopment": "108000000", "operatingExpenses": "355000000", "investmentIncomeNet": "None", "netInterestIncome": "-33000000", "interestIncome": "None", "interestExpense": "33000000", "nonInterestIncome": "None", "otherNonOperatingIncome": "2000000", "depreciation": "None", "depreciationAndAmortization": "48000000", "incomeBeforeTax": "129000000", "incomeTaxExpense": "5000000", "interestAndDebtExpense": "None", "netIncomeFromContinuingOperations": "124000000", "comprehensiveIncomeNetOfTax": "None", "ebit": "147000000", "ebitda": "195000000", "netIncome": "124000000"}, {"fiscalDateEnding": "2019-03-31", "reportedCurrency": "USD", "grossProfit": "501000000", "totalRevenue": "1066000000", "costOfRevenue": "565000000", "costofGoodsAndServicesSold": "565000000", "operatingIncome": "159000000", "sellingGeneralAndAdministrative": "76000000", "researchAndDevelopment": "111000000", "operatingExpenses": "337000000", "investmentIncomeNet": "None", "netInterestIncome": "-24000000", "interestIncome": "None", "interestExpense": "24000000", "nonInterestIncome": "None", "otherNonOperatingIncome": "-4000000", "depreciation": "None", "depreciationAndAmortization": "47000000", "incomeBeforeTax": "131000000", "incomeTaxExpense": "16000000", "interestAndDebtExpense": "None", "netIncomeFromContinuingOperations": "115000000", "comprehensiveIncomeNetOfTax": "None", "ebit": "163000000", "ebitda": "210000000", "netIncome": "115000000"}, {"fiscalDateEnding": "2018-12-31", "reportedCurrency": "USD", "grossProfit": "539000000", "totalRevenue": "1137000000", "costOfRevenue": "598000000", "costofGoodsAndServicesSold": "598000000", "operatingIncome": "179000000", "sellingGeneralAndAdministrative": "89000000", "researchAndDevelopment": "121000000", "operatingExpenses": "358000000", "investmentIncomeNet": "None", "netInterestIncome": "None", "interestIncome": "None", "interestExpense": "39000000", "nonInterestIncome": "None", "otherNonOperatingIncome": "8000000", "depreciation": "None", "depreciationAndAmortization": "26000000", "incomeBeforeTax": "148000000", "incomeTaxExpense": "33000000", "interestAndDebtExpense": "None", "netIncomeFromContinuingOperations": "115000000", "comprehensiveIncomeNetOfTax": "None", "ebit": "199000000", "ebitda": "225000000", "netIncome": "115000000"}, {"fiscalDateEnding": "2018-09-30", "reportedCurrency": "USD", "grossProfit": "505000000", "totalRevenue": "1092000000", "costOfRevenue": "587000000", "costofGoodsAndServicesSold": "587000000", "operatingIncome": "162000000", "sellingGeneralAndAdministrative": "75000000", "researchAndDevelopment": "113000000", "operatingExpenses": "333000000", "investmentIncomeNet": "None", "netInterestIncome": "None", "interestIncome": "None", "interestExpense": "18000000", "nonInterestIncome": "None", "otherNonOperatingIncome": "-1000000", "depreciation": "None", "depreciationAndAmortization": "45000000", "incomeBeforeTax": "143000000", "incomeTaxExpense": "16000000", "interestAndDebtExpense": "None", "netIncomeFromContinuingOperations": "127000000", "comprehensiveIncomeNetOfTax": "None", "ebit": "167000000", "ebitda": "212000000", "netIncome": "127000000"}, {"fiscalDateEnding": "2018-06-30", "reportedCurrency": "USD", "grossProfit": "472000000", "totalRevenue": "1012000000", "costOfRevenue": "540000000", "costofGoodsAndServicesSold": "540000000", "operatingIncome": "125000000", "sellingGeneralAndAdministrative": "93000000", "researchAndDevelopment": "109000000", "operatingExpenses": "346000000", "investmentIncomeNet": "None", "netInterestIncome": "None", "interestIncome": "None", "interestExpense": "23000000", "nonInterestIncome": "None", "otherNonOperatingIncome": "-2000000", "depreciation": "None", "depreciationAndAmortization": "43000000", "incomeBeforeTax": "100000000", "incomeTaxExpense": "30000000", "interestAndDebtExpense": "None", "netIncomeFromContinuingOperations": "70000000", "comprehensiveIncomeNetOfTax": "None", "ebit": "128000000", "ebitda": "171000000", "netIncome": "70000000"}, {"fiscalDateEnding": "2018-03-31", "reportedCurrency": "USD", "grossProfit": "465000000", "totalRevenue": "977000000", "costOfRevenue": "512000000", "costofGoodsAndServicesSold": "512000000", "operatingIncome": "144000000", "sellingGeneralAndAdministrative": "71000000", "researchAndDevelopment": "101000000", "operatingExpenses": "315000000", "investmentIncomeNet": "None", "netInterestIncome": "None", "interestIncome": "None", "interestExpense": "11000000", "nonInterestIncome": "None", "otherNonOperatingIncome": "None", "depreciation": "None", "depreciationAndAmortization": "43000000", "incomeBeforeTax": "133000000", "incomeTaxExpense": "24000000", "interestAndDebtExpense": "None", "netIncomeFromContinuingOperations": "109000000", "comprehensiveIncomeNetOfTax": "None", "ebit": "144000000", "ebitda": "187000000", "netIncome": "109000000"}, {"fiscalDateEnding": "2017-12-31", "reportedCurrency": "USD", "grossProfit": "469000000", "totalRevenue": "1026000000", "costOfRevenue": "557000000", "costofGoodsAndServicesSold": "557000000", "operatingIncome": "133000000", "sellingGeneralAndAdministrative": "87000000", "researchAndDevelopment": "98000000", "operatingExpenses": "330000000", "investmentIncomeNet": "None", "netInterestIncome": "None", "interestIncome": "None", "interestExpense": "51000000", "nonInterestIncome": "None", "otherNonOperatingIncome": "-4000000", "depreciation": "None", "depreciationAndAmortization": "33000000", "incomeBeforeTax": "78000000", "incomeTaxExpense": "74000000", "interestAndDebtExpense": "None", "netIncomeFromContinuingOperations": "4000000", "comprehensiveIncomeNetOfTax": "None", "ebit": "150000000", "ebitda": "183000000", "netIncome": "4000000"}, {"fiscalDateEnding": "2017-09-30", "reportedCurrency": "USD", "grossProfit": "429000000", "totalRevenue": "935000000", "costOfRevenue": "506000000", "costofGoodsAndServicesSold": "506000000", "operatingIncome": "91000000", "sellingGeneralAndAdministrative": "71000000", "researchAndDevelopment": "96000000", "operatingExpenses": "329000000", "investmentIncomeNet": "None", "netInterestIncome": "None", "interestIncome": "None", "interestExpense": "95000000", "nonInterestIncome": "None", "otherNonOperatingIncome": "-3000000", "depreciation": "None", "depreciationAndAmortization": "68000000", "incomeBeforeTax": "-7000000", "incomeTaxExpense": "5000000", "interestAndDebtExpense": "None", "netIncomeFromContinuingOperations": "-12000000", "comprehensiveIncomeNetOfTax": "None", "ebit": "89000000", "ebitda": "157000000", "netIncome": "-12000000"}, {"fiscalDateEnding": "2017-06-30", "reportedCurrency": "USD", "grossProfit": "411000000", "totalRevenue": "896000000", "costOfRevenue": "485000000", "costofGoodsAndServicesSold": "485000000", "operatingIncome": "58000000", "sellingGeneralAndAdministrative": "68000000", "researchAndDevelopment": "99000000", "operatingExpenses": "333000000", "investmentIncomeNet": "None", "netInterestIncome": "None", "interestIncome": "None", "interestExpense": "40000000", "nonInterestIncome": "None", "otherNonOperatingIncome": "1000000", "depreciation": "None", "depreciationAndAmortization": "72000000", "incomeBeforeTax": "19000000", "incomeTaxExpense": "2000000", "interestAndDebtExpense": "None", "netIncomeFromContinuingOperations": "17000000", "comprehensiveIncomeNetOfTax": "None", "ebit": "77000000", "ebitda": "149000000", "netIncome": "17000000"}, {"fiscalDateEnding": "2017-03-31", "reportedCurrency": "USD", "grossProfit": "401000000", "totalRevenue": "865000000", "costOfRevenue": "464000000", "costofGoodsAndServicesSold": "464000000", "operatingIncome": "40000000", "sellingGeneralAndAdministrative": "75000000", "researchAndDevelopment": "96000000", "operatingExpenses": "330000000", "investmentIncomeNet": "None", "netInterestIncome": "None", "interestIncome": "None", "interestExpense": "41000000", "nonInterestIncome": "None", "otherNonOperatingIncome": "-1000000", "depreciation": "None", "depreciationAndAmortization": "69000000", "incomeBeforeTax": "-2000000", "incomeTaxExpense": "-10000000", "interestAndDebtExpense": "None", "netIncomeFromContinuingOperations": "8000000", "comprehensiveIncomeNetOfTax": "None", "ebit": "71000000", "ebitda": "140000000", "netIncome": "8000000"}, {"fiscalDateEnding": "2016-12-31", "reportedCurrency": "USD", "grossProfit": "432000000", "totalRevenue": "942000000", "costOfRevenue": "510000000", "costofGoodsAndServicesSold": "510000000", "operatingIncome": "71000000", "sellingGeneralAndAdministrative": "82000000", "researchAndDevelopment": "92000000", "operatingExpenses": "332000000", "investmentIncomeNet": "None", "netInterestIncome": "None", "interestIncome": "None", "interestExpense": "48000000", "nonInterestIncome": "None", "otherNonOperatingIncome": "-6000000", "depreciation": "None", "depreciationAndAmortization": "51000000", "incomeBeforeTax": "20000000", "incomeTaxExpense": "3000000", "interestAndDebtExpense": "None", "netIncomeFromContinuingOperations": "17000000", "comprehensiveIncomeNetOfTax": "None", "ebit": "87000000", "ebitda": "138000000", "netIncome": "17000000"}, {"fiscalDateEnding": "2016-09-30", "reportedCurrency": "USD", "grossProfit": "414000000", "totalRevenue": "904000000", "costOfRevenue": "490000000", "costofGoodsAndServicesSold": "490000000", "operatingIncome": "-24000000", "sellingGeneralAndAdministrative": "74000000", "researchAndDevelopment": "96000000", "operatingExpenses": "341000000", "investmentIncomeNet": "None", "netInterestIncome": "None", "interestIncome": "None", "interestExpense": "46000000", "nonInterestIncome": "None", "otherNonOperatingIncome": "-7000000", "depreciation": "None", "depreciationAndAmortization": "80000000", "incomeBeforeTax": "-77000000", "incomeTaxExpense": "6000000", "interestAndDebtExpense": "None", "netIncomeFromContinuingOperations": "-83000000", "comprehensiveIncomeNetOfTax": "None", "ebit": "-30000000", "ebitda": "50000000", "netIncome": "-83000000"}, {"fiscalDateEnding": "2016-06-30", "reportedCurrency": "USD", "grossProfit": "406000000", "totalRevenue": "879000000", "costOfRevenue": "473000000", "costofGoodsAndServicesSold": "473000000", "operatingIncome": "22000000", "sellingGeneralAndAdministrative": "78000000", "researchAndDevelopment": "95000000", "operatingExpenses": "345000000", "investmentIncomeNet": "None", "netInterestIncome": "None", "interestIncome": "None", "interestExpense": "51000000", "nonInterestIncome": "None", "otherNonOperatingIncome": "-5000000", "depreciation": "None", "depreciationAndAmortization": "77000000", "incomeBeforeTax": "-34000000", "incomeTaxExpense": "15000000", "interestAndDebtExpense": "None", "netIncomeFromContinuingOperations": "-45000000", "comprehensiveIncomeNetOfTax": "None", "ebit": "16000000", "ebitda": "93000000", "netIncome": "-49000000"}, {"fiscalDateEnding": "2016-03-31", "reportedCurrency": "USD", "grossProfit": "390000000", "totalRevenue": "847000000", "costOfRevenue": "457000000", "costofGoodsAndServicesSold": "457000000", "operatingIncome": "43000000", "sellingGeneralAndAdministrative": "74000000", "researchAndDevelopment": "93000000", "operatingExpenses": "347000000", "investmentIncomeNet": "None", "netInterestIncome": "None", "interestIncome": "None", "interestExpense": "50000000", "nonInterestIncome": "None", "otherNonOperatingIncome": "2000000", "depreciation": "None", "depreciationAndAmortization": "77000000", "incomeBeforeTax": "-49000000", "incomeTaxExpense": "-20000000", "interestAndDebtExpense": "None", "netIncomeFromContinuingOperations": "-26000000", "comprehensiveIncomeNetOfTax": "None", "ebit": "11000000", "ebitda": "88000000", "netIncome": "-29000000"}, {"fiscalDateEnding": "2015-12-31", "reportedCurrency": "USD", "grossProfit": "427777000", "totalRevenue": "952741000", "costOfRevenue": "524964000", "costofGoodsAndServicesSold": "524964000", "operatingIncome": "22311000", "sellingGeneralAndAdministrative": "73626000", "researchAndDevelopment": "98267000", "operatingExpenses": "351900000", "investmentIncomeNet": "None", "netInterestIncome": "None", "interestIncome": "None", "interestExpense": "48696000", "nonInterestIncome": "None", "otherNonOperatingIncome": "-1934000", "depreciation": "None", "depreciationAndAmortization": "79461000", "incomeBeforeTax": "-27251000", "incomeTaxExpense": "-20423000", "interestAndDebtExpense": "None", "netIncomeFromContinuingOperations": "-27495000", "comprehensiveIncomeNetOfTax": "None", "ebit": "21231000", "ebitda": "100692000", "netIncome": "-6828000"}, {"fiscalDateEnding": "2015-09-30", "reportedCurrency": "USD", "grossProfit": "414056000", "totalRevenue": "916273000", "costOfRevenue": "502217000", "costofGoodsAndServicesSold": "502217000", "operatingIncome": "25021000", "sellingGeneralAndAdministrative": "67235000", "researchAndDevelopment": "100340000", "operatingExpenses": "346291000", "investmentIncomeNet": "None", "netInterestIncome": "None", "interestIncome": "None", "interestExpense": "45002000", "nonInterestIncome": "None", "otherNonOperatingIncome": "-5561000", "depreciation": "None", "depreciationAndAmortization": "78553000", "incomeBeforeTax": "-25542000", "incomeTaxExpense": "3408000", "interestAndDebtExpense": "None", "netIncomeFromContinuingOperations": "-28950000", "comprehensiveIncomeNetOfTax": "None", "ebit": "20447000", "ebitda": "99000000", "netIncome": "-28950000"}, {"fiscalDateEnding": "2015-06-30", "reportedCurrency": "USD", "grossProfit": "392878000", "totalRevenue": "889774000", "costOfRevenue": "496896000", "costofGoodsAndServicesSold": "496896000", "operatingIncome": "-13803000", "sellingGeneralAndAdministrative": "69659000", "researchAndDevelopment": "99087000", "operatingExpenses": "357566000", "investmentIncomeNet": "None", "netInterestIncome": "None", "interestIncome": "None", "interestExpense": "49331000", "nonInterestIncome": "None", "otherNonOperatingIncome": "10467000", "depreciation": "None", "depreciationAndAmortization": "82162000", "incomeBeforeTax": "-52667000", "incomeTaxExpense": "23591000", "interestAndDebtExpense": "None", "netIncomeFromContinuingOperations": "-76258000", "comprehensiveIncomeNetOfTax": "None", "ebit": "-3162000", "ebitda": "79000000", "netIncome": "-76258000"}, {"fiscalDateEnding": "2015-03-31", "reportedCurrency": "USD", "grossProfit": "409522000", "totalRevenue": "893184000", "costOfRevenue": "483662000", "costofGoodsAndServicesSold": "483662000", "operatingIncome": "19774000", "sellingGeneralAndAdministrative": "66136000", "researchAndDevelopment": "96417000", "operatingExpenses": "352248000", "investmentIncomeNet": "None", "netInterestIncome": "None", "interestIncome": "None", "interestExpense": "50965000", "nonInterestIncome": "None", "otherNonOperatingIncome": "-26972000", "depreciation": "None", "depreciationAndAmortization": "79703000", "incomeBeforeTax": "-58163000", "incomeTaxExpense": "-32866000", "interestAndDebtExpense": "None", "netIncomeFromContinuingOperations": "-25297000", "comprehensiveIncomeNetOfTax": "None", "ebit": "-59929000", "ebitda": "19774000", "netIncome": "-25297000"}, {"fiscalDateEnding": "2014-12-31", "reportedCurrency": "USD", "grossProfit": "336412000", "totalRevenue": "790611000", "costOfRevenue": "454199000", "costofGoodsAndServicesSold": "454199000", "operatingIncome": "-24839000", "sellingGeneralAndAdministrative": "58761000", "researchAndDevelopment": "79311000", "operatingExpenses": "289584000", "investmentIncomeNet": "None", "netInterestIncome": "None", "interestIncome": "None", "interestExpense": "56715000", "nonInterestIncome": "None", "otherNonOperatingIncome": "-11044000", "depreciation": "None", "depreciationAndAmortization": "54148000", "incomeBeforeTax": "-92719000", "incomeTaxExpense": "-41040000", "interestAndDebtExpense": "None", "netIncomeFromContinuingOperations": "-51679000", "comprehensiveIncomeNetOfTax": "None", "ebit": "-101015000", "ebitda": "-46867000", "netIncome": "-51679000"}, {"fiscalDateEnding": "2014-09-30", "reportedCurrency": "USD", "grossProfit": "151506000", "totalRevenue": "303272000", "costOfRevenue": "151766000", "costofGoodsAndServicesSold": "151766000", "operatingIncome": "26956000", "sellingGeneralAndAdministrative": "24741000", "researchAndDevelopment": "25225000", "operatingExpenses": "89344000", "investmentIncomeNet": "None", "netInterestIncome": "None", "interestIncome": "None", "interestExpense": "171000", "nonInterestIncome": "None", "otherNonOperatingIncome": "-2150000", "depreciation": "None", "depreciationAndAmortization": "2597000", "incomeBeforeTax": "24806000", "incomeTaxExpense": "9861000", "interestAndDebtExpense": "None", "netIncomeFromContinuingOperations": "14945000", "comprehensiveIncomeNetOfTax": "None", "ebit": "31165000", "ebitda": "33762000", "netIncome": "14945000"}, {"fiscalDateEnding": "2014-06-30", "reportedCurrency": "USD", "grossProfit": "142169000", "totalRevenue": "288421000", "costOfRevenue": "146252000", "costofGoodsAndServicesSold": "146252000", "operatingIncome": "33065000", "sellingGeneralAndAdministrative": "26321000", "researchAndDevelopment": "23710000", "operatingExpenses": "88453000", "investmentIncomeNet": "None", "netInterestIncome": "None", "interestIncome": "None", "interestExpense": "2000000", "nonInterestIncome": "None", "otherNonOperatingIncome": "-2068000", "depreciation": "None", "depreciationAndAmortization": "9093000", "incomeBeforeTax": "30997000", "incomeTaxExpense": "3440000", "interestAndDebtExpense": "None", "netIncomeFromContinuingOperations": "27557000", "comprehensiveIncomeNetOfTax": "None", "ebit": "30997000", "ebitda": "40090000", "netIncome": "27557000"}, {"fiscalDateEnding": "2014-03-31", "reportedCurrency": "USD", "grossProfit": "147938000", "totalRevenue": "288268000", "costOfRevenue": "140330000", "costofGoodsAndServicesSold": "140330000", "operatingIncome": "53408000", "sellingGeneralAndAdministrative": "28391000", "researchAndDevelopment": "22857000", "operatingExpenses": "89336000", "investmentIncomeNet": "None", "netInterestIncome": "None", "interestIncome": "None", "interestExpense": "18000", "nonInterestIncome": "None", "otherNonOperatingIncome": "137000", "depreciation": "None", "depreciationAndAmortization": "9003000", "incomeBeforeTax": "53545000", "incomeTaxExpense": "11939000", "interestAndDebtExpense": "None", "netIncomeFromContinuingOperations": "41606000", "comprehensiveIncomeNetOfTax": "None", "ebit": "53563000", "ebitda": "62566000", "netIncome": "41606000"}, {"fiscalDateEnding": "2013-12-31", "reportedCurrency": "USD", "grossProfit": "141028000", "totalRevenue": "284539000", "costOfRevenue": "143511000", "costofGoodsAndServicesSold": "143511000", "operatingIncome": "49079000", "sellingGeneralAndAdministrative": "24434000", "researchAndDevelopment": "23712000", "operatingExpenses": "86252000", "investmentIncomeNet": "None", "netInterestIncome": "None", "interestIncome": "None", "interestExpense": "0", "nonInterestIncome": "None", "otherNonOperatingIncome": "1128000", "depreciation": "None", "depreciationAndAmortization": "1826000", "incomeBeforeTax": "50206000", "incomeTaxExpense": "8681000", "interestAndDebtExpense": "None", "netIncomeFromContinuingOperations": "41525000", "comprehensiveIncomeNetOfTax": "None", "ebit": "61747000", "ebitda": "63573000", "netIncome": "41650000"}, {"fiscalDateEnding": "2013-09-30", "reportedCurrency": "USD", "grossProfit": "128610000", "totalRevenue": "263523000", "costOfRevenue": "134913000", "costofGoodsAndServicesSold": "134913000", "operatingIncome": "46769000", "sellingGeneralAndAdministrative": "22452000", "researchAndDevelopment": "22376000", "operatingExpenses": "81054000", "investmentIncomeNet": "None", "netInterestIncome": "None", "interestIncome": "None", "interestExpense": "400000", "nonInterestIncome": "None", "otherNonOperatingIncome": "372000", "depreciation": "None", "depreciationAndAmortization": "7900000", "incomeBeforeTax": "47141000", "incomeTaxExpense": "8541000", "interestAndDebtExpense": "None", "netIncomeFromContinuingOperations": "38600000", "comprehensiveIncomeNetOfTax": "None", "ebit": "47556000", "ebitda": "55456000", "netIncome": "38600000"}, {"fiscalDateEnding": "2013-06-30", "reportedCurrency": "USD", "grossProfit": "120907000", "totalRevenue": "253160000", "costOfRevenue": "132253000", "costofGoodsAndServicesSold": "132253000", "operatingIncome": "36241000", "sellingGeneralAndAdministrative": "24053000", "researchAndDevelopment": "23201000", "operatingExpenses": "82947000", "investmentIncomeNet": "None", "netInterestIncome": "None", "interestIncome": "None", "interestExpense": "0", "nonInterestIncome": "None", "otherNonOperatingIncome": "1475000", "depreciation": "None", "depreciationAndAmortization": "8040000", "incomeBeforeTax": "37716000", "incomeTaxExpense": "7158000", "interestAndDebtExpense": "None", "netIncomeFromContinuingOperations": "30558000", "comprehensiveIncomeNetOfTax": "None", "ebit": "37960000", "ebitda": "46000000", "netIncome": "30566000"}, {"fiscalDateEnding": "2013-03-31", "reportedCurrency": "USD", "grossProfit": "113065000", "totalRevenue": "236937000", "costOfRevenue": "123872000", "costofGoodsAndServicesSold": "123872000", "operatingIncome": "28176000", "sellingGeneralAndAdministrative": "25276000", "researchAndDevelopment": "21858000", "operatingExpenses": "82512000", "investmentIncomeNet": "None", "netInterestIncome": "None", "interestIncome": "None", "interestExpense": "500000", "nonInterestIncome": "None", "otherNonOperatingIncome": "588000", "depreciation": "None", "depreciationAndAmortization": "7372000", "incomeBeforeTax": "28764000", "incomeTaxExpense": "5222000", "interestAndDebtExpense": "None", "netIncomeFromContinuingOperations": "23542000", "comprehensiveIncomeNetOfTax": "None", "ebit": "30552000", "ebitda": "37924000", "netIncome": "23542000"}, {"fiscalDateEnding": "2012-12-31", "reportedCurrency": "USD", "grossProfit": "124460000", "totalRevenue": "253179000", "costOfRevenue": "128719000", "costofGoodsAndServicesSold": "128719000", "operatingIncome": "44118000", "sellingGeneralAndAdministrative": "20964000", "researchAndDevelopment": "22605000", "operatingExpenses": "78345000", "investmentIncomeNet": "None", "netInterestIncome": "None", "interestIncome": "None", "interestExpense": "1959000", "nonInterestIncome": "None", "otherNonOperatingIncome": "-56000", "depreciation": "None", "depreciationAndAmortization": "7271000", "incomeBeforeTax": "44062000", "incomeTaxExpense": "9263000", "interestAndDebtExpense": "None", "netIncomeFromContinuingOperations": "34799000", "comprehensiveIncomeNetOfTax": "None", "ebit": "46115000", "ebitda": "53386000", "netIncome": "34990000"}, {"fiscalDateEnding": "2012-09-30", "reportedCurrency": "USD", "grossProfit": "126924000", "totalRevenue": "252037000", "costOfRevenue": "125113000", "costofGoodsAndServicesSold": "125113000", "operatingIncome": "38765000", "sellingGeneralAndAdministrative": "23047000", "researchAndDevelopment": "22007000", "operatingExpenses": "88159000", "investmentIncomeNet": "None", "netInterestIncome": "None", "interestIncome": "None", "interestExpense": "541000", "nonInterestIncome": "None", "otherNonOperatingIncome": "-267000", "depreciation": "None", "depreciationAndAmortization": "6942000", "incomeBeforeTax": "38498000", "incomeTaxExpense": "11917000", "interestAndDebtExpense": "None", "netIncomeFromContinuingOperations": "26581000", "comprehensiveIncomeNetOfTax": "None", "ebit": "48445000", "ebitda": "55387000", "netIncome": "27097000"}, {"fiscalDateEnding": "2012-06-30", "reportedCurrency": "USD", "grossProfit": "120377000", "totalRevenue": "247077000", "costOfRevenue": "126700000", "costofGoodsAndServicesSold": "126700000", "operatingIncome": "39459000", "sellingGeneralAndAdministrative": "25654000", "researchAndDevelopment": "22336000", "operatingExpenses": "80918000", "investmentIncomeNet": "None", "netInterestIncome": "None", "interestIncome": "None", "interestExpense": "826000", "nonInterestIncome": "None", "otherNonOperatingIncome": "260000", "depreciation": "None", "depreciationAndAmortization": "6005000", "incomeBeforeTax": "39719000", "incomeTaxExpense": "9366000", "interestAndDebtExpense": "None", "netIncomeFromContinuingOperations": "30353000", "comprehensiveIncomeNetOfTax": "None", "ebit": "40711000", "ebitda": "46716000", "netIncome": "30653000"}, {"fiscalDateEnding": "2012-03-31", "reportedCurrency": "USD", "grossProfit": "119863000", "totalRevenue": "243875000", "costOfRevenue": "124012000", "costofGoodsAndServicesSold": "124012000", "operatingIncome": "42009000", "sellingGeneralAndAdministrative": "24551000", "researchAndDevelopment": "20419000", "operatingExpenses": "77854000", "investmentIncomeNet": "None", "netInterestIncome": "None", "interestIncome": "None", "interestExpense": "592000", "nonInterestIncome": "None", "otherNonOperatingIncome": "-114000", "depreciation": "None", "depreciationAndAmortization": "5959000", "incomeBeforeTax": "41895000", "incomeTaxExpense": "11731000", "interestAndDebtExpense": "None", "netIncomeFromContinuingOperations": "30164000", "comprehensiveIncomeNetOfTax": "None", "ebit": "42263000", "ebitda": "48222000", "netIncome": "30164000"}, {"fiscalDateEnding": "2011-12-31", "reportedCurrency": "USD", "grossProfit": "121520000", "totalRevenue": "247308000", "costOfRevenue": "125788000", "costofGoodsAndServicesSold": "125788000", "operatingIncome": "42123000", "sellingGeneralAndAdministrative": "19089000", "researchAndDevelopment": "23174000", "operatingExpenses": "79446000", "investmentIncomeNet": "None", "netInterestIncome": "None", "interestIncome": "None", "interestExpense": "594000", "nonInterestIncome": "None", "otherNonOperatingIncome": "-1011000", "depreciation": "None", "depreciationAndAmortization": "806000", "incomeBeforeTax": "41112000", "incomeTaxExpense": "8253000", "interestAndDebtExpense": "None", "netIncomeFromContinuingOperations": "32859000", "comprehensiveIncomeNetOfTax": "None", "ebit": "47283000", "ebitda": "48089000", "netIncome": "35044000"}, {"fiscalDateEnding": "2011-09-30", "reportedCurrency": "USD", "grossProfit": "123553000", "totalRevenue": "253338000", "costOfRevenue": "129785000", "costofGoodsAndServicesSold": "129785000", "operatingIncome": "48880000", "sellingGeneralAndAdministrative": "19166000", "researchAndDevelopment": "22584000", "operatingExpenses": "74535000", "investmentIncomeNet": "None", "netInterestIncome": "None", "interestIncome": "None", "interestExpense": "134000", "nonInterestIncome": "None", "otherNonOperatingIncome": "-898000", "depreciation": "None", "depreciationAndAmortization": "5834000", "incomeBeforeTax": "47982000", "incomeTaxExpense": "13795000", "interestAndDebtExpense": "None", "netIncomeFromContinuingOperations": "34187000", "comprehensiveIncomeNetOfTax": "None", "ebit": "49206000", "ebitda": "55040000", "netIncome": "45001000"}, {"fiscalDateEnding": "2011-06-30", "reportedCurrency": "USD", "grossProfit": "121698000", "totalRevenue": "245541000", "costOfRevenue": "123843000", "costofGoodsAndServicesSold": "123843000", "operatingIncome": "46671000", "sellingGeneralAndAdministrative": "20688000", "researchAndDevelopment": "22487000", "operatingExpenses": "74961000", "investmentIncomeNet": "None", "netInterestIncome": "None", "interestIncome": "None", "interestExpense": "656000", "nonInterestIncome": "None", "otherNonOperatingIncome": "-420000", "depreciation": "None", "depreciationAndAmortization": "6219000", "incomeBeforeTax": "46251000", "incomeTaxExpense": "13082000", "interestAndDebtExpense": "None", "netIncomeFromContinuingOperations": "33169000", "comprehensiveIncomeNetOfTax": "None", "ebit": "46737000", "ebitda": "52956000", "netIncome": "32964000"}, {"fiscalDateEnding": "2011-03-31", "reportedCurrency": "USD", "grossProfit": "119998000", "totalRevenue": "237301000", "costOfRevenue": "117303000", "costofGoodsAndServicesSold": "117303000", "operatingIncome": "44362000", "sellingGeneralAndAdministrative": "22706000", "researchAndDevelopment": "21681000", "operatingExpenses": "73750000", "investmentIncomeNet": "None", "netInterestIncome": "None", "interestIncome": "None", "interestExpense": "560000", "nonInterestIncome": "None", "otherNonOperatingIncome": "12000", "depreciation": "None", "depreciationAndAmortization": "5932000", "incomeBeforeTax": "44374000", "incomeTaxExpense": "14246000", "interestAndDebtExpense": "None", "netIncomeFromContinuingOperations": "30128000", "comprehensiveIncomeNetOfTax": "None", "ebit": "46248000", "ebitda": "52180000", "netIncome": "61634000"}, {"fiscalDateEnding": "2010-12-31", "reportedCurrency": "USD", "grossProfit": "123641000", "totalRevenue": "248175000", "costOfRevenue": "124534000", "costofGoodsAndServicesSold": "124534000", "operatingIncome": "40434000", "sellingGeneralAndAdministrative": "18821000", "researchAndDevelopment": "26741000", "operatingExpenses": "81402000", "investmentIncomeNet": "None", "netInterestIncome": "None", "interestIncome": "None", "interestExpense": "0", "nonInterestIncome": "None", "otherNonOperatingIncome": "None", "depreciation": "None", "depreciationAndAmortization": "7511000", "incomeBeforeTax": "40223000", "incomeTaxExpense": "12006000", "interestAndDebtExpense": "None", "netIncomeFromContinuingOperations": "0", "comprehensiveIncomeNetOfTax": "None", "ebit": "42239000", "ebitda": "49750000", "netIncome": "28217000"}, {"fiscalDateEnding": "2010-09-30", "reportedCurrency": "USD", "grossProfit": "118714000", "totalRevenue": "246507000", "costOfRevenue": "127793000", "costofGoodsAndServicesSold": "127793000", "operatingIncome": "38857000", "sellingGeneralAndAdministrative": "20302000", "researchAndDevelopment": "26746000", "operatingExpenses": "79857000", "investmentIncomeNet": "None", "netInterestIncome": "None", "interestIncome": "None", "interestExpense": "500000", "nonInterestIncome": "None", "otherNonOperatingIncome": "94000", "depreciation": "None", "depreciationAndAmortization": "2444000", "incomeBeforeTax": "38951000", "incomeTaxExpense": "12800000", "interestAndDebtExpense": "None", "netIncomeFromContinuingOperations": "26151000", "comprehensiveIncomeNetOfTax": "None", "ebit": "45564000", "ebitda": "48008000", "netIncome": "26151000"}, {"fiscalDateEnding": "2010-06-30", "reportedCurrency": "USD", "grossProfit": "111179000", "totalRevenue": "235735000", "costOfRevenue": "124556000", "costofGoodsAndServicesSold": "124556000", "operatingIncome": "32841000", "sellingGeneralAndAdministrative": "19718000", "researchAndDevelopment": "25371000", "operatingExpenses": "77762000", "investmentIncomeNet": "None", "netInterestIncome": "None", "interestIncome": "None", "interestExpense": "1100000", "nonInterestIncome": "None", "otherNonOperatingIncome": "508000", "depreciation": "None", "depreciationAndAmortization": "8207000", "incomeBeforeTax": "33349000", "incomeTaxExpense": "10672000", "interestAndDebtExpense": "None", "netIncomeFromContinuingOperations": "22677000", "comprehensiveIncomeNetOfTax": "None", "ebit": "32379000", "ebitda": "40586000", "netIncome": "22677000"}, {"fiscalDateEnding": "2010-03-31", "reportedCurrency": "USD", "grossProfit": "107335000", "totalRevenue": "226431000", "costOfRevenue": "119096000", "costofGoodsAndServicesSold": "119096000", "operatingIncome": "31720000", "sellingGeneralAndAdministrative": "20869000", "researchAndDevelopment": "23072000", "operatingExpenses": "73799000", "investmentIncomeNet": "None", "netInterestIncome": "None", "interestIncome": "None", "interestExpense": "1000000", "nonInterestIncome": "None", "otherNonOperatingIncome": "None", "depreciation": "None", "depreciationAndAmortization": "7814000", "incomeBeforeTax": "32412000", "incomeTaxExpense": "7679000", "interestAndDebtExpense": "None", "netIncomeFromContinuingOperations": "0", "comprehensiveIncomeNetOfTax": "None", "ebit": "34707000", "ebitda": "42521000", "netIncome": "24733000"}, {"fiscalDateEnding": "2009-12-31", "reportedCurrency": "USD", "grossProfit": "101478000", "totalRevenue": "222522000", "costOfRevenue": "121044000", "costofGoodsAndServicesSold": "121044000", "operatingIncome": "27093000", "sellingGeneralAndAdministrative": "20373000", "researchAndDevelopment": "21516000", "operatingExpenses": "72504000", "investmentIncomeNet": "None", "netInterestIncome": "None", "interestIncome": "None", "interestExpense": "0", "nonInterestIncome": "None", "otherNonOperatingIncome": "None", "depreciation": "None", "depreciationAndAmortization": "8504000", "incomeBeforeTax": "27183000", "incomeTaxExpense": "9553000", "interestAndDebtExpense": "None", "netIncomeFromContinuingOperations": "0", "comprehensiveIncomeNetOfTax": "None", "ebit": "28974000", "ebitda": "37478000", "netIncome": "17630000"}, {"fiscalDateEnding": "2009-09-30", "reportedCurrency": "USD", "grossProfit": "91698000", "totalRevenue": "200778000", "costOfRevenue": "109080000", "costofGoodsAndServicesSold": "109080000", "operatingIncome": "15150000", "sellingGeneralAndAdministrative": "23348000", "researchAndDevelopment": "21155000", "operatingExpenses": "72945000", "investmentIncomeNet": "None", "netInterestIncome": "None", "interestIncome": "None", "interestExpense": "1400000", "nonInterestIncome": "None", "otherNonOperatingIncome": "None", "depreciation": "None", "depreciationAndAmortization": "8462000", "incomeBeforeTax": "16340000", "incomeTaxExpense": "5229000", "interestAndDebtExpense": "None", "netIncomeFromContinuingOperations": "0", "comprehensiveIncomeNetOfTax": "None", "ebit": "18753000", "ebitda": "27215000", "netIncome": "11111000"}, {"fiscalDateEnding": "2009-06-30", "reportedCurrency": "USD", "grossProfit": "81736000", "totalRevenue": "187676000", "costOfRevenue": "105940000", "costofGoodsAndServicesSold": "105940000", "operatingIncome": "12385000", "sellingGeneralAndAdministrative": "19086000", "researchAndDevelopment": "20614000", "operatingExpenses": "65999000", "investmentIncomeNet": "None", "netInterestIncome": "None", "interestIncome": "None", "interestExpense": "100000", "nonInterestIncome": "None", "otherNonOperatingIncome": "None", "depreciation": "None", "depreciationAndAmortization": "2575000", "incomeBeforeTax": "13249000", "incomeTaxExpense": "4238000", "interestAndDebtExpense": "None", "netIncomeFromContinuingOperations": "0", "comprehensiveIncomeNetOfTax": "None", "ebit": "18225000", "ebitda": "20800000", "netIncome": "9011000"}, {"fiscalDateEnding": "2009-03-31", "reportedCurrency": "USD", "grossProfit": "85809000", "totalRevenue": "192609000", "costOfRevenue": "106800000", "costofGoodsAndServicesSold": "106800000", "operatingIncome": "14174000", "sellingGeneralAndAdministrative": "22225000", "researchAndDevelopment": "21804000", "operatingExpenses": "69339000", "investmentIncomeNet": "None", "netInterestIncome": "None", "interestIncome": "None", "interestExpense": "100000", "nonInterestIncome": "None", "otherNonOperatingIncome": "None", "depreciation": "None", "depreciationAndAmortization": "7953000", "incomeBeforeTax": "13751000", "incomeTaxExpense": "4399000", "interestAndDebtExpense": "None", "netIncomeFromContinuingOperations": "0", "comprehensiveIncomeNetOfTax": "None", "ebit": "16470000", "ebitda": "24423000", "netIncome": "9352000"}, {"fiscalDateEnding": "2008-12-31", "reportedCurrency": "USD", "grossProfit": "110889000", "totalRevenue": "232568000", "costOfRevenue": "121679000", "costofGoodsAndServicesSold": "121679000", "operatingIncome": "-132349000", "sellingGeneralAndAdministrative": "87885000", "researchAndDevelopment": "20653000", "operatingExpenses": "83149000", "investmentIncomeNet": "None", "netInterestIncome": "None", "interestIncome": "None", "interestExpense": "0", "nonInterestIncome": "None", "otherNonOperatingIncome": "None", "depreciation": "None", "depreciationAndAmortization": "10163000", "incomeBeforeTax": "-128691000", "incomeTaxExpense": "-11330000", "interestAndDebtExpense": "None", "netIncomeFromContinuingOperations": "0", "comprehensiveIncomeNetOfTax": "None", "ebit": "27740000", "ebitda": "37903000", "netIncome": "-117361000"}, {"fiscalDateEnding": "2008-09-30", "reportedCurrency": "USD", "grossProfit": "117786000", "totalRevenue": "244073000", "costOfRevenue": "126287000", "costofGoodsAndServicesSold": "126287000", "operatingIncome": "40680000", "sellingGeneralAndAdministrative": "18534000", "researchAndDevelopment": "21711000", "operatingExpenses": "72802000", "investmentIncomeNet": "None", "netInterestIncome": "None", "interestIncome": "None", "interestExpense": "4900000", "nonInterestIncome": "None", "otherNonOperatingIncome": "None", "depreciation": "None", "depreciationAndAmortization": "9811000", "incomeBeforeTax": "35602000", "incomeTaxExpense": "9832000", "interestAndDebtExpense": "None", "netIncomeFromContinuingOperations": "0", "comprehensiveIncomeNetOfTax": "None", "ebit": "44984000", "ebitda": "54795000", "netIncome": "25770000"}, {"fiscalDateEnding": "2008-06-30", "reportedCurrency": "USD", "grossProfit": "127715000", "totalRevenue": "253782000", "costOfRevenue": "126067000", "costofGoodsAndServicesSold": "126067000", "operatingIncome": "36969000", "sellingGeneralAndAdministrative": "24216000", "researchAndDevelopment": "22849000", "operatingExpenses": "90746000", "investmentIncomeNet": "None", "netInterestIncome": "None", "interestIncome": "None", "interestExpense": "2700000", "nonInterestIncome": "None", "otherNonOperatingIncome": "None", "depreciation": "None", "depreciationAndAmortization": "9519000", "incomeBeforeTax": "38971000", "incomeTaxExpense": "13445000", "interestAndDebtExpense": "None", "netIncomeFromContinuingOperations": "0", "comprehensiveIncomeNetOfTax": "None", "ebit": "27450000", "ebitda": "36969000", "netIncome": "25526000"}, {"fiscalDateEnding": "2008-03-31", "reportedCurrency": "USD", "grossProfit": "122797000", "totalRevenue": "246277000", "costOfRevenue": "123480000", "costofGoodsAndServicesSold": "123480000", "operatingIncome": "39354000", "sellingGeneralAndAdministrative": "25045000", "researchAndDevelopment": "19789000", "operatingExpenses": "83443000", "investmentIncomeNet": "None", "netInterestIncome": "None", "interestIncome": "None", "interestExpense": "3100000", "nonInterestIncome": "None", "otherNonOperatingIncome": "None", "depreciation": "None", "depreciationAndAmortization": "9088000", "incomeBeforeTax": "42205000", "incomeTaxExpense": "14561000", "interestAndDebtExpense": "None", "netIncomeFromContinuingOperations": "0", "comprehensiveIncomeNetOfTax": "None", "ebit": "30266000", "ebitda": "39354000", "netIncome": "27644000"}, {"fiscalDateEnding": "2007-12-31", "reportedCurrency": "USD", "grossProfit": "113298000", "totalRevenue": "233573000", "costOfRevenue": "120275000", "costofGoodsAndServicesSold": "120275000", "operatingIncome": "36862000", "sellingGeneralAndAdministrative": "81356000", "researchAndDevelopment": "15642000", "operatingExpenses": "76436000", "investmentIncomeNet": "None", "netInterestIncome": "None", "interestIncome": "None", "interestExpense": "44000", "nonInterestIncome": "None", "otherNonOperatingIncome": "None", "depreciation": "None", "depreciationAndAmortization": "7718000", "incomeBeforeTax": "46191000", "incomeTaxExpense": "15388000", "interestAndDebtExpense": "None", "netIncomeFromContinuingOperations": "0", "comprehensiveIncomeNetOfTax": "None", "ebit": "36862000", "ebitda": "44580000", "netIncome": "30803000"}, {"fiscalDateEnding": "2007-09-30", "reportedCurrency": "USD", "grossProfit": "104628000", "totalRevenue": "217218000", "costOfRevenue": "112590000", "costofGoodsAndServicesSold": "112590000", "operatingIncome": "37022000", "sellingGeneralAndAdministrative": "21694000", "researchAndDevelopment": "13904000", "operatingExpenses": "67606000", "investmentIncomeNet": "None", "netInterestIncome": "None", "interestIncome": "None", "interestExpense": "73000", "nonInterestIncome": "None", "otherNonOperatingIncome": "None", "depreciation": "None", "depreciationAndAmortization": "6941000", "incomeBeforeTax": "41162000", "incomeTaxExpense": "14201000", "interestAndDebtExpense": "None", "netIncomeFromContinuingOperations": "0", "comprehensiveIncomeNetOfTax": "None", "ebit": "30081000", "ebitda": "37022000", "netIncome": "26961000"}, {"fiscalDateEnding": "2007-06-30", "reportedCurrency": "USD", "grossProfit": "99402000", "totalRevenue": "208912000", "costOfRevenue": "109510000", "costofGoodsAndServicesSold": "109510000", "operatingIncome": "33969000", "sellingGeneralAndAdministrative": "19875000", "researchAndDevelopment": "13869000", "operatingExpenses": "65433000", "investmentIncomeNet": "None", "netInterestIncome": "None", "interestIncome": "None", "interestExpense": "10000", "nonInterestIncome": "None", "otherNonOperatingIncome": "None", "depreciation": "None", "depreciationAndAmortization": "6390000", "incomeBeforeTax": "39135000", "incomeTaxExpense": "13502000", "interestAndDebtExpense": "None", "netIncomeFromContinuingOperations": "0", "comprehensiveIncomeNetOfTax": "None", "ebit": "27579000", "ebitda": "33969000", "netIncome": "25633000"}, {"fiscalDateEnding": "2007-03-31", "reportedCurrency": "USD", "grossProfit": "99790000", "totalRevenue": "208576000", "costOfRevenue": "108786000", "costofGoodsAndServicesSold": "108786000", "operatingIncome": "35333000", "sellingGeneralAndAdministrative": "17932000", "researchAndDevelopment": "14185000", "operatingExpenses": "62604000", "investmentIncomeNet": "None", "netInterestIncome": "None", "interestIncome": "None", "interestExpense": "10000", "nonInterestIncome": "None", "otherNonOperatingIncome": "None", "depreciation": "None", "depreciationAndAmortization": "5853000", "incomeBeforeTax": "40888000", "incomeTaxExpense": "14172000", "interestAndDebtExpense": "None", "netIncomeFromContinuingOperations": "0", "comprehensiveIncomeNetOfTax": "None", "ebit": "37186000", "ebitda": "43039000", "netIncome": "26716000"}, {"fiscalDateEnding": "2006-12-31", "reportedCurrency": "USD", "grossProfit": "98410000", "totalRevenue": "209903000", "costOfRevenue": "111493000", "costofGoodsAndServicesSold": "111493000", "operatingIncome": "25719000", "sellingGeneralAndAdministrative": "62656000", "researchAndDevelopment": "12768000", "operatingExpenses": "72691000", "investmentIncomeNet": "None", "netInterestIncome": "None", "interestIncome": "None", "interestExpense": "252000", "nonInterestIncome": "None", "otherNonOperatingIncome": "None", "depreciation": "None", "depreciationAndAmortization": "4749000", "incomeBeforeTax": "31691000", "incomeTaxExpense": "10245000", "interestAndDebtExpense": "None", "netIncomeFromContinuingOperations": "0", "comprehensiveIncomeNetOfTax": "None", "ebit": "25719000", "ebitda": "30468000", "netIncome": "21446000"}, {"fiscalDateEnding": "2006-09-30", "reportedCurrency": "USD", "grossProfit": "87786000", "totalRevenue": "186386000", "costOfRevenue": "98600000", "costofGoodsAndServicesSold": "98600000", "operatingIncome": "-16278000", "sellingGeneralAndAdministrative": "38109000", "researchAndDevelopment": "11774000", "operatingExpenses": "104064000", "investmentIncomeNet": "None", "netInterestIncome": "None", "interestIncome": "None", "interestExpense": "5000", "nonInterestIncome": "None", "otherNonOperatingIncome": "None", "depreciation": "None", "depreciationAndAmortization": "4038000", "incomeBeforeTax": "-10105000", "incomeTaxExpense": "-5842000", "interestAndDebtExpense": "None", "netIncomeFromContinuingOperations": "0", "comprehensiveIncomeNetOfTax": "None", "ebit": "-16278000", "ebitda": "-12240000", "netIncome": "-4263000"}, {"fiscalDateEnding": "2006-06-30", "reportedCurrency": "USD", "grossProfit": "89526000", "totalRevenue": "187421000", "costOfRevenue": "97895000", "costofGoodsAndServicesSold": "97895000", "operatingIncome": "37830000", "sellingGeneralAndAdministrative": "15081000", "researchAndDevelopment": "12382000", "operatingExpenses": "51696000", "investmentIncomeNet": "None", "netInterestIncome": "None", "interestIncome": "None", "interestExpense": "13000", "nonInterestIncome": "None", "otherNonOperatingIncome": "None", "depreciation": "None", "depreciationAndAmortization": "3631000", "incomeBeforeTax": "42247000", "incomeTaxExpense": "14575000", "interestAndDebtExpense": "None", "netIncomeFromContinuingOperations": "0", "comprehensiveIncomeNetOfTax": "None", "ebit": "34199000", "ebitda": "37830000", "netIncome": "27672000"}, {"fiscalDateEnding": "2006-03-31", "reportedCurrency": "USD", "grossProfit": "82698000", "totalRevenue": "175814000", "costOfRevenue": "93116000", "costofGoodsAndServicesSold": "93116000", "operatingIncome": "33158000", "sellingGeneralAndAdministrative": "14649000", "researchAndDevelopment": "12035000", "operatingExpenses": "49540000", "investmentIncomeNet": "None", "netInterestIncome": "None", "interestIncome": "None", "interestExpense": "218000", "nonInterestIncome": "None", "otherNonOperatingIncome": "None", "depreciation": "None", "depreciationAndAmortization": "3669000", "incomeBeforeTax": "37809000", "incomeTaxExpense": "13037000", "interestAndDebtExpense": "None", "netIncomeFromContinuingOperations": "0", "comprehensiveIncomeNetOfTax": "None", "ebit": "29489000", "ebitda": "33158000", "netIncome": "26091000"}, {"fiscalDateEnding": "2005-12-31", "reportedCurrency": "USD", "grossProfit": "89791000", "totalRevenue": "179294000", "costOfRevenue": "89503000", "costofGoodsAndServicesSold": "89503000", "operatingIncome": "38194000", "sellingGeneralAndAdministrative": "13665000", "researchAndDevelopment": "11778000", "operatingExpenses": "51597000", "investmentIncomeNet": "None", "netInterestIncome": "None", "interestIncome": "None", "interestExpense": "8000", "nonInterestIncome": "None", "otherNonOperatingIncome": "None", "depreciation": "None", "depreciationAndAmortization": "3545000", "incomeBeforeTax": "42013000", "incomeTaxExpense": "13719000", "interestAndDebtExpense": "None", "netIncomeFromContinuingOperations": "0", "comprehensiveIncomeNetOfTax": "None", "ebit": "38194000", "ebitda": "41739000", "netIncome": "28294000"}, {"fiscalDateEnding": "2005-09-30", "reportedCurrency": "USD", "grossProfit": "87677000", "totalRevenue": "175636000", "costOfRevenue": "87959000", "costofGoodsAndServicesSold": "87959000", "operatingIncome": "40095000", "sellingGeneralAndAdministrative": "14489000", "researchAndDevelopment": "11501000", "operatingExpenses": "47582000", "investmentIncomeNet": "None", "netInterestIncome": "None", "interestIncome": "None", "interestExpense": "41000", "nonInterestIncome": "None", "otherNonOperatingIncome": "None", "depreciation": "None", "depreciationAndAmortization": "3160000", "incomeBeforeTax": "43893000", "incomeTaxExpense": "14453000", "interestAndDebtExpense": "None", "netIncomeFromContinuingOperations": "0", "comprehensiveIncomeNetOfTax": "None", "ebit": "38001000", "ebitda": "41161000", "netIncome": "28075000"}, {"fiscalDateEnding": "2005-06-30", "reportedCurrency": "USD", "grossProfit": "89348000", "totalRevenue": "176614000", "costOfRevenue": "87266000", "costofGoodsAndServicesSold": "87266000", "operatingIncome": "37402000", "sellingGeneralAndAdministrative": "16810000", "researchAndDevelopment": "12054000", "operatingExpenses": "51946000", "investmentIncomeNet": "None", "netInterestIncome": "None", "interestIncome": "None", "interestExpense": "27000", "nonInterestIncome": "None", "otherNonOperatingIncome": "None", "depreciation": "None", "depreciationAndAmortization": "3306000", "incomeBeforeTax": "41016000", "incomeTaxExpense": "14253000", "interestAndDebtExpense": "None", "netIncomeFromContinuingOperations": "0", "comprehensiveIncomeNetOfTax": "None", "ebit": "35383000", "ebitda": "38689000", "netIncome": "25446000"}, {"fiscalDateEnding": "2005-03-31", "reportedCurrency": "USD", "grossProfit": "87365000", "totalRevenue": "170727000", "costOfRevenue": "83362000", "costofGoodsAndServicesSold": "83362000", "operatingIncome": "38520000", "sellingGeneralAndAdministrative": "14946000", "researchAndDevelopment": "10668000", "operatingExpenses": "48845000", "investmentIncomeNet": "None", "netInterestIncome": "None", "interestIncome": "None", "interestExpense": "3000", "nonInterestIncome": "None", "otherNonOperatingIncome": "None", "depreciation": "None", "depreciationAndAmortization": "3093000", "incomeBeforeTax": "41543000", "incomeTaxExpense": "14436000", "interestAndDebtExpense": "None", "netIncomeFromContinuingOperations": "0", "comprehensiveIncomeNetOfTax": "None", "ebit": "35494000", "ebitda": "38587000", "netIncome": "25819000"}, {"fiscalDateEnding": "2004-12-31", "reportedCurrency": "USD", "grossProfit": "90895000", "totalRevenue": "174874000", "costOfRevenue": "83979000", "costofGoodsAndServicesSold": "83979000", "operatingIncome": "46159000", "sellingGeneralAndAdministrative": "11959000", "researchAndDevelopment": "9368000", "operatingExpenses": "44668000", "investmentIncomeNet": "None", "netInterestIncome": "None", "interestIncome": "None", "interestExpense": "5000", "nonInterestIncome": "None", "otherNonOperatingIncome": "None", "depreciation": "None", "depreciationAndAmortization": "3225000", "incomeBeforeTax": "48637000", "incomeTaxExpense": "16676000", "interestAndDebtExpense": "None", "netIncomeFromContinuingOperations": "0", "comprehensiveIncomeNetOfTax": "None", "ebit": "46227000", "ebitda": "49452000", "netIncome": "31961000"}]}