{"symbol": "AWK", "annualReports": [{"fiscalDateEnding": "2024-12-31", "reportedCurrency": "USD", "grossProfit": "2826000000", "totalRevenue": "4684000000", "costOfRevenue": "1858000000", "costofGoodsAndServicesSold": "1858000000", "operatingIncome": "1718000000", "sellingGeneralAndAdministrative": "None", "researchAndDevelopment": "None", "operatingExpenses": "2966000000", "investmentIncomeNet": "None", "netInterestIncome": "-429000000", "interestIncome": "94000000", "interestExpense": "523000000", "nonInterestIncome": "None", "otherNonOperatingIncome": "None", "depreciation": "None", "depreciationAndAmortization": "788000000", "incomeBeforeTax": "1359000000", "incomeTaxExpense": "308000000", "interestAndDebtExpense": "None", "netIncomeFromContinuingOperations": "1051000000", "comprehensiveIncomeNetOfTax": "None", "ebit": "1882000000", "ebitda": "2670000000", "netIncome": "1051000000"}, {"fiscalDateEnding": "2023-12-31", "reportedCurrency": "USD", "grossProfit": "2514000000", "totalRevenue": "4234000000", "costOfRevenue": "1720000000", "costofGoodsAndServicesSold": "1720000000", "operatingIncome": "1504000000", "sellingGeneralAndAdministrative": "None", "researchAndDevelopment": "None", "operatingExpenses": "1010000000", "investmentIncomeNet": "None", "netInterestIncome": "-387000000", "interestIncome": "73000000", "interestExpense": "460000000", "nonInterestIncome": "None", "otherNonOperatingIncome": "None", "depreciation": "None", "depreciationAndAmortization": "704000000", "incomeBeforeTax": "1196000000", "incomeTaxExpense": "252000000", "interestAndDebtExpense": "None", "netIncomeFromContinuingOperations": "944000000", "comprehensiveIncomeNetOfTax": "None", "ebit": "1656000000", "ebitda": "2360000000", "netIncome": "944000000"}, {"fiscalDateEnding": "2022-12-31", "reportedCurrency": "USD", "grossProfit": "2203000000", "totalRevenue": "3792000000", "costOfRevenue": "1589000000", "costofGoodsAndServicesSold": "1589000000", "operatingIncome": "1273000000", "sellingGeneralAndAdministrative": "1870000000", "researchAndDevelopment": "None", "operatingExpenses": "930000000", "investmentIncomeNet": "None", "netInterestIncome": "-381000000", "interestIncome": "381000000", "interestExpense": "433000000", "nonInterestIncome": "None", "otherNonOperatingIncome": "168000000", "depreciation": "None", "depreciationAndAmortization": "649000000", "incomeBeforeTax": "1008000000", "incomeTaxExpense": "188000000", "interestAndDebtExpense": "None", "netIncomeFromContinuingOperations": "820000000", "comprehensiveIncomeNetOfTax": "None", "ebit": "1350000000", "ebitda": "1999000000", "netIncome": "820000000"}, {"fiscalDateEnding": "2021-12-31", "reportedCurrency": "USD", "grossProfit": "2153000000", "totalRevenue": "3930000000", "costOfRevenue": "1777000000", "costofGoodsAndServicesSold": "1777000000", "operatingIncome": "1196000000", "sellingGeneralAndAdministrative": "2098000000", "researchAndDevelopment": "None", "operatingExpenses": "957000000", "investmentIncomeNet": "None", "netInterestIncome": "-399000000", "interestIncome": "399000000", "interestExpense": "403000000", "nonInterestIncome": "None", "otherNonOperatingIncome": "847000000", "depreciation": "None", "depreciationAndAmortization": "636000000", "incomeBeforeTax": "1640000000", "incomeTaxExpense": "377000000", "interestAndDebtExpense": "None", "netIncomeFromContinuingOperations": "1263000000", "comprehensiveIncomeNetOfTax": "None", "ebit": "1274000000", "ebitda": "1910000000", "netIncome": "1263000000"}, {"fiscalDateEnding": "2020-12-31", "reportedCurrency": "USD", "grossProfit": "2155000000", "totalRevenue": "3777000000", "costOfRevenue": "1622000000", "costofGoodsAndServicesSold": "1622000000", "operatingIncome": "1248000000", "sellingGeneralAndAdministrative": "1925000000", "researchAndDevelopment": "None", "operatingExpenses": "907000000", "investmentIncomeNet": "None", "netInterestIncome": "-395000000", "interestIncome": "395000000", "interestExpense": "408000000", "nonInterestIncome": "None", "otherNonOperatingIncome": "71000000", "depreciation": "None", "depreciationAndAmortization": "604000000", "incomeBeforeTax": "924000000", "incomeTaxExpense": "215000000", "interestAndDebtExpense": "None", "netIncomeFromContinuingOperations": "709000000", "comprehensiveIncomeNetOfTax": "None", "ebit": "1297000000", "ebitda": "1901000000", "netIncome": "709000000"}, {"fiscalDateEnding": "2019-12-31", "reportedCurrency": "USD", "grossProfit": "2066000000", "totalRevenue": "3610000000", "costOfRevenue": "1544000000", "costofGoodsAndServicesSold": "1544000000", "operatingIncome": "1170000000", "sellingGeneralAndAdministrative": "1824000000", "researchAndDevelopment": "None", "operatingExpenses": "862000000", "investmentIncomeNet": "None", "netInterestIncome": "-382000000", "interestIncome": "382000000", "interestExpense": "399000000", "nonInterestIncome": "None", "otherNonOperatingIncome": "45000000", "depreciation": "None", "depreciationAndAmortization": "582000000", "incomeBeforeTax": "833000000", "incomeTaxExpense": "212000000", "interestAndDebtExpense": "None", "netIncomeFromContinuingOperations": "621000000", "comprehensiveIncomeNetOfTax": "None", "ebit": "1230000000", "ebitda": "1812000000", "netIncome": "621000000"}, {"fiscalDateEnding": "2018-12-31", "reportedCurrency": "USD", "grossProfit": "1961000000", "totalRevenue": "3440000000", "costOfRevenue": "1479000000", "costofGoodsAndServicesSold": "1479000000", "operatingIncome": "1102000000", "sellingGeneralAndAdministrative": "1756000000", "researchAndDevelopment": "0", "operatingExpenses": "822000000", "investmentIncomeNet": "None", "netInterestIncome": "-350000000", "interestIncome": "350000000", "interestExpense": "350000000", "nonInterestIncome": "None", "otherNonOperatingIncome": "35000000", "depreciation": "None", "depreciationAndAmortization": "545000000", "incomeBeforeTax": "787000000", "incomeTaxExpense": "222000000", "interestAndDebtExpense": "None", "netIncomeFromContinuingOperations": "565000000", "comprehensiveIncomeNetOfTax": "None", "ebit": "1159000000", "ebitda": "1704000000", "netIncome": "567000000"}, {"fiscalDateEnding": "2017-12-31", "reportedCurrency": "USD", "grossProfit": "1979000000", "totalRevenue": "3357000000", "costOfRevenue": "1378000000", "costofGoodsAndServicesSold": "1378000000", "operatingIncome": "1244000000", "sellingGeneralAndAdministrative": "1637000000", "researchAndDevelopment": "0", "operatingExpenses": "751000000", "investmentIncomeNet": "None", "netInterestIncome": "-342000000", "interestIncome": "342000000", "interestExpense": "342000000", "nonInterestIncome": "None", "otherNonOperatingIncome": "10000000", "depreciation": "None", "depreciationAndAmortization": "492000000", "incomeBeforeTax": "912000000", "incomeTaxExpense": "486000000", "interestAndDebtExpense": "None", "netIncomeFromContinuingOperations": "426000000", "comprehensiveIncomeNetOfTax": "None", "ebit": "1219000000", "ebitda": "1711000000", "netIncome": "426000000"}, {"fiscalDateEnding": "2016-12-31", "reportedCurrency": "USD", "grossProfit": "1798000000", "totalRevenue": "3302000000", "costOfRevenue": "1504000000", "costofGoodsAndServicesSold": "1504000000", "operatingIncome": "1080000000", "sellingGeneralAndAdministrative": "1762000000", "researchAndDevelopment": "0", "operatingExpenses": "728000000", "investmentIncomeNet": "None", "netInterestIncome": "-325000000", "interestIncome": "325000000", "interestExpense": "325000000", "nonInterestIncome": "None", "otherNonOperatingIncome": "15000000", "depreciation": "None", "depreciationAndAmortization": "470000000", "incomeBeforeTax": "770000000", "incomeTaxExpense": "302000000", "interestAndDebtExpense": "None", "netIncomeFromContinuingOperations": "468000000", "comprehensiveIncomeNetOfTax": "None", "ebit": "1147000000", "ebitda": "1617000000", "netIncome": "468000000"}, {"fiscalDateEnding": "2015-12-31", "reportedCurrency": "USD", "grossProfit": "1755000000", "totalRevenue": "3159000000", "costOfRevenue": "1404000000", "costofGoodsAndServicesSold": "1404000000", "operatingIncome": "1075000000", "sellingGeneralAndAdministrative": "1647000000", "researchAndDevelopment": "5000000", "operatingExpenses": "683000000", "investmentIncomeNet": "None", "netInterestIncome": "None", "interestIncome": "308000000", "interestExpense": "308000000", "nonInterestIncome": "None", "otherNonOperatingIncome": "15000000", "depreciation": "None", "depreciationAndAmortization": "440000000", "incomeBeforeTax": "782000000", "incomeTaxExpense": "306000000", "interestAndDebtExpense": "None", "netIncomeFromContinuingOperations": "476000000", "comprehensiveIncomeNetOfTax": "None", "ebit": "1072000000", "ebitda": "1512000000", "netIncome": "476000000"}, {"fiscalDateEnding": "2014-12-31", "reportedCurrency": "USD", "grossProfit": "1661464000", "totalRevenue": "3011328000", "costOfRevenue": "1349864000", "costofGoodsAndServicesSold": "1349864000", "operatingIncome": "1002576000", "sellingGeneralAndAdministrative": "1586596000", "researchAndDevelopment": "3000000", "operatingExpenses": "660816000", "investmentIncomeNet": "None", "netInterestIncome": "None", "interestIncome": "None", "interestExpense": "309259000", "nonInterestIncome": "None", "otherNonOperatingIncome": "5056000", "depreciation": "None", "depreciationAndAmortization": "424084000", "incomeBeforeTax": "709814000", "incomeTaxExpense": "279973000", "interestAndDebtExpense": "None", "netIncomeFromContinuingOperations": "429841000", "comprehensiveIncomeNetOfTax": "None", "ebit": "1000916000", "ebitda": "1425000000", "netIncome": "423108000"}, {"fiscalDateEnding": "2013-12-31", "reportedCurrency": "USD", "grossProfit": "1589134000", "totalRevenue": "2901858000", "costOfRevenue": "1312724000", "costofGoodsAndServicesSold": "1312724000", "operatingIncome": "945849000", "sellingGeneralAndAdministrative": "1547366000", "researchAndDevelopment": "3000000", "operatingExpenses": "642360000", "investmentIncomeNet": "None", "netInterestIncome": "None", "interestIncome": "None", "interestExpense": "319917000", "nonInterestIncome": "None", "otherNonOperatingIncome": "-44969000", "depreciation": "None", "depreciationAndAmortization": "407718000", "incomeBeforeTax": "605470000", "incomeTaxExpense": "236206000", "interestAndDebtExpense": "None", "netIncomeFromContinuingOperations": "442736000", "comprehensiveIncomeNetOfTax": "None", "ebit": "948282000", "ebitda": "1356000000", "netIncome": "369264000"}, {"fiscalDateEnding": "2012-12-31", "reportedCurrency": "USD", "grossProfit": "1526849000", "totalRevenue": "2876889000", "costOfRevenue": "1350040000", "costofGoodsAndServicesSold": "1350040000", "operatingIncome": "924973000", "sellingGeneralAndAdministrative": "1571252000", "researchAndDevelopment": "2800000", "operatingExpenses": "602715000", "investmentIncomeNet": "None", "netInterestIncome": "None", "interestIncome": "None", "interestExpense": "323446000", "nonInterestIncome": "None", "otherNonOperatingIncome": "1537000", "depreciation": "None", "depreciationAndAmortization": "381503000", "incomeBeforeTax": "631258000", "incomeTaxExpense": "257008000", "interestAndDebtExpense": "None", "netIncomeFromContinuingOperations": "347825000", "comprehensiveIncomeNetOfTax": "None", "ebit": "953253000", "ebitda": "1334756000", "netIncome": "358070000"}, {"fiscalDateEnding": "2011-12-31", "reportedCurrency": "USD", "grossProfit": "1364442000", "totalRevenue": "2666236000", "costOfRevenue": "1301794000", "costofGoodsAndServicesSold": "1301794000", "operatingIncome": "803136000", "sellingGeneralAndAdministrative": "1512272000", "researchAndDevelopment": "0", "operatingExpenses": "1863100000", "investmentIncomeNet": "None", "netInterestIncome": "None", "interestIncome": "None", "interestExpense": "323357000", "nonInterestIncome": "None", "otherNonOperatingIncome": "12959000", "depreciation": "None", "depreciationAndAmortization": "351821000", "incomeBeforeTax": "503680000", "incomeTaxExpense": "198751000", "interestAndDebtExpense": "None", "netIncomeFromContinuingOperations": "304929000", "comprehensiveIncomeNetOfTax": "None", "ebit": "815227000", "ebitda": "1167048000", "netIncome": "309613000"}, {"fiscalDateEnding": "2010-12-31", "reportedCurrency": "USD", "grossProfit": "1321465000", "totalRevenue": "2710677000", "costOfRevenue": "1389212000", "costofGoodsAndServicesSold": "1389212000", "operatingIncome": "748091000", "sellingGeneralAndAdministrative": "1607865000", "researchAndDevelopment": "0", "operatingExpenses": "1962586000", "investmentIncomeNet": "None", "netInterestIncome": "None", "interestIncome": "None", "interestExpense": "315043000", "nonInterestIncome": "None", "otherNonOperatingIncome": "16388000", "depreciation": "None", "depreciationAndAmortization": "354650000", "incomeBeforeTax": "449436000", "incomeTaxExpense": "181609000", "interestAndDebtExpense": "None", "netIncomeFromContinuingOperations": "267827000", "comprehensiveIncomeNetOfTax": "None", "ebit": "758195000", "ebitda": "1112845000", "netIncome": "267827000"}, {"fiscalDateEnding": "2009-12-31", "reportedCurrency": "USD", "grossProfit": "1116348000", "totalRevenue": "2440703000", "costOfRevenue": "1324355000", "costofGoodsAndServicesSold": "1324355000", "operatingIncome": "173609000", "sellingGeneralAndAdministrative": "None", "researchAndDevelopment": "None", "operatingExpenses": "1817094000", "investmentIncomeNet": "None", "netInterestIncome": "None", "interestIncome": "None", "interestExpense": "296545000", "nonInterestIncome": "None", "otherNonOperatingIncome": "None", "depreciation": "None", "depreciationAndAmortization": "335159000", "incomeBeforeTax": "-111665000", "incomeTaxExpense": "121418000", "interestAndDebtExpense": "None", "netIncomeFromContinuingOperations": "None", "comprehensiveIncomeNetOfTax": "None", "ebit": "184899000", "ebitda": "520058000", "netIncome": "-233083000"}, {"fiscalDateEnding": "2008-12-31", "reportedCurrency": "USD", "grossProfit": "1033130000", "totalRevenue": "2336928000", "costOfRevenue": "1303798000", "costofGoodsAndServicesSold": "1303798000", "operatingIncome": "-193165000", "sellingGeneralAndAdministrative": "None", "researchAndDevelopment": "None", "operatingExpenses": "2530093000", "investmentIncomeNet": "None", "netInterestIncome": "None", "interestIncome": "None", "interestExpense": "285155000", "nonInterestIncome": "None", "otherNonOperatingIncome": "None", "depreciation": "None", "depreciationAndAmortization": "311438000", "incomeBeforeTax": "-450594000", "incomeTaxExpense": "111827000", "interestAndDebtExpense": "None", "netIncomeFromContinuingOperations": "None", "comprehensiveIncomeNetOfTax": "None", "ebit": "-213562000", "ebitda": "97876000", "netIncome": "-562421000"}, {"fiscalDateEnding": "2007-12-31", "reportedCurrency": "USD", "grossProfit": "2214215000", "totalRevenue": "2214215000", "costOfRevenue": "1422406000", "costofGoodsAndServicesSold": "1422406000", "operatingIncome": "2936000", "sellingGeneralAndAdministrative": "None", "researchAndDevelopment": "None", "operatingExpenses": "2211279000", "investmentIncomeNet": "None", "netInterestIncome": "None", "interestIncome": "None", "interestExpense": "0", "nonInterestIncome": "None", "otherNonOperatingIncome": "None", "depreciation": "None", "depreciationAndAmortization": "265825000", "incomeBeforeTax": "-255519000", "incomeTaxExpense": "86756000", "interestAndDebtExpense": "None", "netIncomeFromContinuingOperations": "None", "comprehensiveIncomeNetOfTax": "None", "ebit": "41378000", "ebitda": "307203000", "netIncome": "-342826000"}, {"fiscalDateEnding": "2006-12-31", "reportedCurrency": "USD", "grossProfit": "2093067000", "totalRevenue": "2093067000", "costOfRevenue": "1581373000", "costofGoodsAndServicesSold": "1581373000", "operatingIncome": "253510000", "sellingGeneralAndAdministrative": "5980000", "researchAndDevelopment": "None", "operatingExpenses": "1839557000", "investmentIncomeNet": "None", "netInterestIncome": "None", "interestIncome": "None", "interestExpense": "0", "nonInterestIncome": "None", "otherNonOperatingIncome": "None", "depreciation": "None", "depreciationAndAmortization": "257875000", "incomeBeforeTax": "-108938000", "incomeTaxExpense": "46912000", "interestAndDebtExpense": "None", "netIncomeFromContinuingOperations": "None", "comprehensiveIncomeNetOfTax": "None", "ebit": "253898000", "ebitda": "511773000", "netIncome": "-162243000"}, {"fiscalDateEnding": "2005-12-31", "reportedCurrency": "USD", "grossProfit": "2136746000", "totalRevenue": "2136746000", "costOfRevenue": "1763807000", "costofGoodsAndServicesSold": "1763807000", "operatingIncome": "2136746000", "sellingGeneralAndAdministrative": "None", "researchAndDevelopment": "None", "operatingExpenses": "None", "investmentIncomeNet": "None", "netInterestIncome": "None", "interestIncome": "None", "interestExpense": "0", "nonInterestIncome": "None", "otherNonOperatingIncome": "None", "depreciation": "None", "depreciationAndAmortization": "None", "incomeBeforeTax": "None", "incomeTaxExpense": "325040000", "interestAndDebtExpense": "None", "netIncomeFromContinuingOperations": "None", "comprehensiveIncomeNetOfTax": "None", "ebit": "2136746000", "ebitda": "2136746000", "netIncome": "-325040000"}], "quarterlyReports": [{"fiscalDateEnding": "2024-12-31", "reportedCurrency": "USD", "grossProfit": "682000000", "totalRevenue": "1201000000", "costOfRevenue": "519000000", "costofGoodsAndServicesSold": "519000000", "operatingIncome": "400000000", "sellingGeneralAndAdministrative": "None", "researchAndDevelopment": "None", "operatingExpenses": "801000000", "investmentIncomeNet": "None", "netInterestIncome": "-113000000", "interestIncome": "23000000", "interestExpense": "136000000", "nonInterestIncome": "None", "otherNonOperatingIncome": "None", "depreciation": "None", "depreciationAndAmortization": "207000000", "incomeBeforeTax": "303000000", "incomeTaxExpense": "64000000", "interestAndDebtExpense": "None", "netIncomeFromContinuingOperations": "239000000", "comprehensiveIncomeNetOfTax": "None", "ebit": "439000000", "ebitda": "646000000", "netIncome": "239000000"}, {"fiscalDateEnding": "2024-09-30", "reportedCurrency": "USD", "grossProfit": "820000000", "totalRevenue": "1323000000", "costOfRevenue": "503000000", "costofGoodsAndServicesSold": "503000000", "operatingIncome": "543000000", "sellingGeneralAndAdministrative": "None", "researchAndDevelopment": "None", "operatingExpenses": "284000000", "investmentIncomeNet": "None", "netInterestIncome": "-110000000", "interestIncome": "22000000", "interestExpense": "132000000", "nonInterestIncome": "None", "otherNonOperatingIncome": "None", "depreciation": "None", "depreciationAndAmortization": "200000000", "incomeBeforeTax": "453000000", "incomeTaxExpense": "103000000", "interestAndDebtExpense": "None", "netIncomeFromContinuingOperations": "350000000", "comprehensiveIncomeNetOfTax": "None", "ebit": "585000000", "ebitda": "785000000", "netIncome": "350000000"}, {"fiscalDateEnding": "2024-06-30", "reportedCurrency": "USD", "grossProfit": "529000000", "totalRevenue": "1149000000", "costOfRevenue": "620000000", "costofGoodsAndServicesSold": "620000000", "operatingIncome": "448000000", "sellingGeneralAndAdministrative": "None", "researchAndDevelopment": "None", "operatingExpenses": "81000000", "investmentIncomeNet": "None", "netInterestIncome": "-106000000", "interestIncome": "25000000", "interestExpense": "131000000", "nonInterestIncome": "None", "otherNonOperatingIncome": "None", "depreciation": "None", "depreciationAndAmortization": "193000000", "incomeBeforeTax": "361000000", "incomeTaxExpense": "84000000", "interestAndDebtExpense": "None", "netIncomeFromContinuingOperations": "277000000", "comprehensiveIncomeNetOfTax": "None", "ebit": "456000000", "ebitda": "649000000", "netIncome": "277000000"}, {"fiscalDateEnding": "2024-03-31", "reportedCurrency": "USD", "grossProfit": "407000000", "totalRevenue": "1011000000", "costOfRevenue": "604000000", "costofGoodsAndServicesSold": "604000000", "operatingIncome": "326000000", "sellingGeneralAndAdministrative": "None", "researchAndDevelopment": "None", "operatingExpenses": "81000000", "investmentIncomeNet": "None", "netInterestIncome": "-100000000", "interestIncome": "24000000", "interestExpense": "124000000", "nonInterestIncome": "None", "otherNonOperatingIncome": "None", "depreciation": "None", "depreciationAndAmortization": "188000000", "incomeBeforeTax": "242000000", "incomeTaxExpense": "57000000", "interestAndDebtExpense": "None", "netIncomeFromContinuingOperations": "185000000", "comprehensiveIncomeNetOfTax": "None", "ebit": "335000000", "ebitda": "523000000", "netIncome": "185000000"}, {"fiscalDateEnding": "2023-12-31", "reportedCurrency": "USD", "grossProfit": "560000000", "totalRevenue": "1032000000", "costOfRevenue": "472000000", "costofGoodsAndServicesSold": "472000000", "operatingIncome": "299000000", "sellingGeneralAndAdministrative": "None", "researchAndDevelopment": "None", "operatingExpenses": "261000000", "investmentIncomeNet": "None", "netInterestIncome": "-97000000", "interestIncome": "21000000", "interestExpense": "118000000", "nonInterestIncome": "None", "otherNonOperatingIncome": "None", "depreciation": "None", "depreciationAndAmortization": "181000000", "incomeBeforeTax": "218000000", "incomeTaxExpense": "47000000", "interestAndDebtExpense": "None", "netIncomeFromContinuingOperations": "171000000", "comprehensiveIncomeNetOfTax": "None", "ebit": "336000000", "ebitda": "517000000", "netIncome": "171000000"}, {"fiscalDateEnding": "2023-09-30", "reportedCurrency": "USD", "grossProfit": "731000000", "totalRevenue": "1167000000", "costOfRevenue": "436000000", "costofGoodsAndServicesSold": "436000000", "operatingIncome": "478000000", "sellingGeneralAndAdministrative": "None", "researchAndDevelopment": "None", "operatingExpenses": "253000000", "investmentIncomeNet": "None", "netInterestIncome": "-94000000", "interestIncome": "94000000", "interestExpense": "117000000", "nonInterestIncome": "None", "otherNonOperatingIncome": "None", "depreciation": "None", "depreciationAndAmortization": "177000000", "incomeBeforeTax": "407000000", "incomeTaxExpense": "84000000", "interestAndDebtExpense": "None", "netIncomeFromContinuingOperations": "323000000", "comprehensiveIncomeNetOfTax": "None", "ebit": "524000000", "ebitda": "701000000", "netIncome": "323000000"}, {"fiscalDateEnding": "2023-06-30", "reportedCurrency": "USD", "grossProfit": "678000000", "totalRevenue": "1097000000", "costOfRevenue": "419000000", "costofGoodsAndServicesSold": "419000000", "operatingIncome": "432000000", "sellingGeneralAndAdministrative": "492000000", "researchAndDevelopment": "None", "operatingExpenses": "246000000", "investmentIncomeNet": "None", "netInterestIncome": "-95000000", "interestIncome": "15000000", "interestExpense": "110000000", "nonInterestIncome": "None", "otherNonOperatingIncome": "35000000", "depreciation": "None", "depreciationAndAmortization": "174000000", "incomeBeforeTax": "357000000", "incomeTaxExpense": "77000000", "interestAndDebtExpense": "None", "netIncomeFromContinuingOperations": "280000000", "comprehensiveIncomeNetOfTax": "None", "ebit": "467000000", "ebitda": "641000000", "netIncome": "280000000"}, {"fiscalDateEnding": "2023-03-31", "reportedCurrency": "USD", "grossProfit": "545000000", "totalRevenue": "938000000", "costOfRevenue": "393000000", "costofGoodsAndServicesSold": "393000000", "operatingIncome": "295000000", "sellingGeneralAndAdministrative": "471000000", "researchAndDevelopment": "None", "operatingExpenses": "250000000", "investmentIncomeNet": "None", "netInterestIncome": "-101000000", "interestIncome": "14000000", "interestExpense": "115000000", "nonInterestIncome": "None", "otherNonOperatingIncome": "34000000", "depreciation": "None", "depreciationAndAmortization": "172000000", "incomeBeforeTax": "214000000", "incomeTaxExpense": "44000000", "interestAndDebtExpense": "None", "netIncomeFromContinuingOperations": "170000000", "comprehensiveIncomeNetOfTax": "None", "ebit": "329000000", "ebitda": "501000000", "netIncome": "170000000"}, {"fiscalDateEnding": "2022-12-31", "reportedCurrency": "USD", "grossProfit": "498000000", "totalRevenue": "931000000", "costOfRevenue": "433000000", "costofGoodsAndServicesSold": "433000000", "operatingIncome": "261000000", "sellingGeneralAndAdministrative": "None", "researchAndDevelopment": "None", "operatingExpenses": "237000000", "investmentIncomeNet": "None", "netInterestIncome": "-103000000", "interestIncome": "103000000", "interestExpense": "116000000", "nonInterestIncome": "None", "otherNonOperatingIncome": "None", "depreciation": "None", "depreciationAndAmortization": "164000000", "incomeBeforeTax": "178000000", "incomeTaxExpense": "31000000", "interestAndDebtExpense": "None", "netIncomeFromContinuingOperations": "147000000", "comprehensiveIncomeNetOfTax": "None", "ebit": "280000000", "ebitda": "444000000", "netIncome": "147000000"}, {"fiscalDateEnding": "2022-09-30", "reportedCurrency": "USD", "grossProfit": "666000000", "totalRevenue": "1082000000", "costOfRevenue": "416000000", "costofGoodsAndServicesSold": "416000000", "operatingIncome": "439000000", "sellingGeneralAndAdministrative": "None", "researchAndDevelopment": "None", "operatingExpenses": "227000000", "investmentIncomeNet": "None", "netInterestIncome": "-97000000", "interestIncome": "97000000", "interestExpense": "111000000", "nonInterestIncome": "None", "otherNonOperatingIncome": "None", "depreciation": "None", "depreciationAndAmortization": "164000000", "incomeBeforeTax": "367000000", "incomeTaxExpense": "70000000", "interestAndDebtExpense": "None", "netIncomeFromContinuingOperations": "297000000", "comprehensiveIncomeNetOfTax": "None", "ebit": "478000000", "ebitda": "642000000", "netIncome": "297000000"}, {"fiscalDateEnding": "2022-06-30", "reportedCurrency": "USD", "grossProfit": "561000000", "totalRevenue": "937000000", "costOfRevenue": "376000000", "costofGoodsAndServicesSold": "376000000", "operatingIncome": "327000000", "sellingGeneralAndAdministrative": "447000000", "researchAndDevelopment": "None", "operatingExpenses": "234000000", "investmentIncomeNet": "None", "netInterestIncome": "-94000000", "interestIncome": "12000000", "interestExpense": "106000000", "nonInterestIncome": "None", "otherNonOperatingIncome": "49000000", "depreciation": "None", "depreciationAndAmortization": "163000000", "incomeBeforeTax": "270000000", "incomeTaxExpense": "52000000", "interestAndDebtExpense": "None", "netIncomeFromContinuingOperations": "218000000", "comprehensiveIncomeNetOfTax": "None", "ebit": "376000000", "ebitda": "539000000", "netIncome": "218000000"}, {"fiscalDateEnding": "2022-03-31", "reportedCurrency": "USD", "grossProfit": "478000000", "totalRevenue": "842000000", "costOfRevenue": "364000000", "costofGoodsAndServicesSold": "364000000", "operatingIncome": "246000000", "sellingGeneralAndAdministrative": "438000000", "researchAndDevelopment": "None", "operatingExpenses": "232000000", "investmentIncomeNet": "None", "netInterestIncome": "-87000000", "interestIncome": "13000000", "interestExpense": "100000000", "nonInterestIncome": "None", "otherNonOperatingIncome": "47000000", "depreciation": "None", "depreciationAndAmortization": "158000000", "incomeBeforeTax": "193000000", "incomeTaxExpense": "35000000", "interestAndDebtExpense": "None", "netIncomeFromContinuingOperations": "158000000", "comprehensiveIncomeNetOfTax": "None", "ebit": "293000000", "ebitda": "451000000", "netIncome": "158000000"}, {"fiscalDateEnding": "2021-12-31", "reportedCurrency": "USD", "grossProfit": "460000000", "totalRevenue": "951000000", "costOfRevenue": "491000000", "costofGoodsAndServicesSold": "491000000", "operatingIncome": "220000000", "sellingGeneralAndAdministrative": "571000000", "researchAndDevelopment": "None", "operatingExpenses": "240000000", "investmentIncomeNet": "None", "netInterestIncome": "-99000000", "interestIncome": "99000000", "interestExpense": "103000000", "nonInterestIncome": "None", "otherNonOperatingIncome": "777000000", "depreciation": "None", "depreciationAndAmortization": "160000000", "incomeBeforeTax": "894000000", "incomeTaxExpense": "249000000", "interestAndDebtExpense": "None", "netIncomeFromContinuingOperations": "645000000", "comprehensiveIncomeNetOfTax": "None", "ebit": "239000000", "ebitda": "399000000", "netIncome": "645000000"}, {"fiscalDateEnding": "2021-09-30", "reportedCurrency": "USD", "grossProfit": "656000000", "totalRevenue": "1092000000", "costOfRevenue": "436000000", "costofGoodsAndServicesSold": "436000000", "operatingIncome": "417000000", "sellingGeneralAndAdministrative": "514000000", "researchAndDevelopment": "None", "operatingExpenses": "239000000", "investmentIncomeNet": "None", "netInterestIncome": "-101000000", "interestIncome": "101000000", "interestExpense": "101000000", "nonInterestIncome": "None", "otherNonOperatingIncome": "24000000", "depreciation": "None", "depreciationAndAmortization": "161000000", "incomeBeforeTax": "340000000", "incomeTaxExpense": "62000000", "interestAndDebtExpense": "None", "netIncomeFromContinuingOperations": "278000000", "comprehensiveIncomeNetOfTax": "None", "ebit": "437000000", "ebitda": "598000000", "netIncome": "278000000"}, {"fiscalDateEnding": "2021-06-30", "reportedCurrency": "USD", "grossProfit": "568000000", "totalRevenue": "999000000", "costOfRevenue": "431000000", "costofGoodsAndServicesSold": "431000000", "operatingIncome": "330000000", "sellingGeneralAndAdministrative": "511000000", "researchAndDevelopment": "None", "operatingExpenses": "238000000", "investmentIncomeNet": "None", "netInterestIncome": "-101000000", "interestIncome": "101000000", "interestExpense": "101000000", "nonInterestIncome": "None", "otherNonOperatingIncome": "22000000", "depreciation": "None", "depreciationAndAmortization": "158000000", "incomeBeforeTax": "251000000", "incomeTaxExpense": "44000000", "interestAndDebtExpense": "None", "netIncomeFromContinuingOperations": "207000000", "comprehensiveIncomeNetOfTax": "None", "ebit": "349000000", "ebitda": "507000000", "netIncome": "207000000"}, {"fiscalDateEnding": "2021-03-31", "reportedCurrency": "USD", "grossProfit": "469000000", "totalRevenue": "888000000", "costOfRevenue": "419000000", "costofGoodsAndServicesSold": "419000000", "operatingIncome": "229000000", "sellingGeneralAndAdministrative": "502000000", "researchAndDevelopment": "None", "operatingExpenses": "240000000", "investmentIncomeNet": "None", "netInterestIncome": "-98000000", "interestIncome": "98000000", "interestExpense": "98000000", "nonInterestIncome": "None", "otherNonOperatingIncome": "24000000", "depreciation": "None", "depreciationAndAmortization": "157000000", "incomeBeforeTax": "155000000", "incomeTaxExpense": "22000000", "interestAndDebtExpense": "None", "netIncomeFromContinuingOperations": "133000000", "comprehensiveIncomeNetOfTax": "None", "ebit": "249000000", "ebitda": "406000000", "netIncome": "133000000"}, {"fiscalDateEnding": "2020-12-31", "reportedCurrency": "USD", "grossProfit": "494000000", "totalRevenue": "923000000", "costOfRevenue": "429000000", "costofGoodsAndServicesSold": "429000000", "operatingIncome": "263000000", "sellingGeneralAndAdministrative": "507000000", "researchAndDevelopment": "None", "operatingExpenses": "231000000", "investmentIncomeNet": "None", "netInterestIncome": "-99000000", "interestIncome": "99000000", "interestExpense": "99000000", "nonInterestIncome": "None", "otherNonOperatingIncome": "17000000", "depreciation": "None", "depreciationAndAmortization": "153000000", "incomeBeforeTax": "181000000", "incomeTaxExpense": "36000000", "interestAndDebtExpense": "None", "netIncomeFromContinuingOperations": "145000000", "comprehensiveIncomeNetOfTax": "None", "ebit": "263000000", "ebitda": "416000000", "netIncome": "145000000"}, {"fiscalDateEnding": "2020-09-30", "reportedCurrency": "USD", "grossProfit": "660000000", "totalRevenue": "1079000000", "costOfRevenue": "419000000", "costofGoodsAndServicesSold": "419000000", "operatingIncome": "433000000", "sellingGeneralAndAdministrative": "492000000", "researchAndDevelopment": "None", "operatingExpenses": "227000000", "investmentIncomeNet": "None", "netInterestIncome": "-99000000", "interestIncome": "99000000", "interestExpense": "99000000", "nonInterestIncome": "None", "otherNonOperatingIncome": "18000000", "depreciation": "None", "depreciationAndAmortization": "154000000", "incomeBeforeTax": "352000000", "incomeTaxExpense": "88000000", "interestAndDebtExpense": "None", "netIncomeFromContinuingOperations": "264000000", "comprehensiveIncomeNetOfTax": "None", "ebit": "433000000", "ebitda": "587000000", "netIncome": "264000000"}, {"fiscalDateEnding": "2020-06-30", "reportedCurrency": "USD", "grossProfit": "540000000", "totalRevenue": "931000000", "costOfRevenue": "391000000", "costofGoodsAndServicesSold": "391000000", "operatingIncome": "313000000", "sellingGeneralAndAdministrative": "466000000", "researchAndDevelopment": "None", "operatingExpenses": "227000000", "investmentIncomeNet": "None", "netInterestIncome": "-101000000", "interestIncome": "101000000", "interestExpense": "101000000", "nonInterestIncome": "None", "otherNonOperatingIncome": "20000000", "depreciation": "None", "depreciationAndAmortization": "152000000", "incomeBeforeTax": "232000000", "incomeTaxExpense": "56000000", "interestAndDebtExpense": "None", "netIncomeFromContinuingOperations": "176000000", "comprehensiveIncomeNetOfTax": "None", "ebit": "313000000", "ebitda": "465000000", "netIncome": "176000000"}, {"fiscalDateEnding": "2020-03-31", "reportedCurrency": "USD", "grossProfit": "461000000", "totalRevenue": "844000000", "costOfRevenue": "383000000", "costofGoodsAndServicesSold": "383000000", "operatingIncome": "239000000", "sellingGeneralAndAdministrative": "460000000", "researchAndDevelopment": "None", "operatingExpenses": "222000000", "investmentIncomeNet": "None", "netInterestIncome": "-96000000", "interestIncome": "96000000", "interestExpense": "96000000", "nonInterestIncome": "None", "otherNonOperatingIncome": "16000000", "depreciation": "None", "depreciationAndAmortization": "145000000", "incomeBeforeTax": "159000000", "incomeTaxExpense": "35000000", "interestAndDebtExpense": "None", "netIncomeFromContinuingOperations": "124000000", "comprehensiveIncomeNetOfTax": "None", "ebit": "239000000", "ebitda": "384000000", "netIncome": "124000000"}, {"fiscalDateEnding": "2019-12-31", "reportedCurrency": "USD", "grossProfit": "490000000", "totalRevenue": "902000000", "costOfRevenue": "412000000", "costofGoodsAndServicesSold": "412000000", "operatingIncome": "224000000", "sellingGeneralAndAdministrative": "483000000", "researchAndDevelopment": "None", "operatingExpenses": "223000000", "investmentIncomeNet": "None", "netInterestIncome": "-98000000", "interestIncome": "98000000", "interestExpense": "98000000", "nonInterestIncome": "None", "otherNonOperatingIncome": "10000000", "depreciation": "None", "depreciationAndAmortization": "152000000", "incomeBeforeTax": "136000000", "incomeTaxExpense": "38000000", "interestAndDebtExpense": "None", "netIncomeFromContinuingOperations": "98000000", "comprehensiveIncomeNetOfTax": "None", "ebit": "271000000", "ebitda": "423000000", "netIncome": "98000000"}, {"fiscalDateEnding": "2019-09-30", "reportedCurrency": "USD", "grossProfit": "618000000", "totalRevenue": "1013000000", "costOfRevenue": "395000000", "costofGoodsAndServicesSold": "395000000", "operatingIncome": "406000000", "sellingGeneralAndAdministrative": "463000000", "researchAndDevelopment": "None", "operatingExpenses": "212000000", "investmentIncomeNet": "None", "netInterestIncome": "-97000000", "interestIncome": "97000000", "interestExpense": "97000000", "nonInterestIncome": "None", "otherNonOperatingIncome": "9000000", "depreciation": "None", "depreciationAndAmortization": "144000000", "incomeBeforeTax": "318000000", "incomeTaxExpense": "78000000", "interestAndDebtExpense": "None", "netIncomeFromContinuingOperations": "240000000", "comprehensiveIncomeNetOfTax": "None", "ebit": "406000000", "ebitda": "550000000", "netIncome": "240000000"}, {"fiscalDateEnding": "2019-06-30", "reportedCurrency": "USD", "grossProfit": "510000000", "totalRevenue": "882000000", "costOfRevenue": "372000000", "costofGoodsAndServicesSold": "372000000", "operatingIncome": "302000000", "sellingGeneralAndAdministrative": "444000000", "researchAndDevelopment": "None", "operatingExpenses": "214000000", "investmentIncomeNet": "None", "netInterestIncome": "-94000000", "interestIncome": "94000000", "interestExpense": "94000000", "nonInterestIncome": "None", "otherNonOperatingIncome": "19000000", "depreciation": "None", "depreciationAndAmortization": "142000000", "incomeBeforeTax": "227000000", "incomeTaxExpense": "57000000", "interestAndDebtExpense": "None", "netIncomeFromContinuingOperations": "170000000", "comprehensiveIncomeNetOfTax": "None", "ebit": "300000000", "ebitda": "442000000", "netIncome": "170000000"}, {"fiscalDateEnding": "2019-03-31", "reportedCurrency": "USD", "grossProfit": "448000000", "totalRevenue": "813000000", "costOfRevenue": "365000000", "costofGoodsAndServicesSold": "365000000", "operatingIncome": "238000000", "sellingGeneralAndAdministrative": "434000000", "researchAndDevelopment": "None", "operatingExpenses": "213000000", "investmentIncomeNet": "None", "netInterestIncome": "-93000000", "interestIncome": "93000000", "interestExpense": "93000000", "nonInterestIncome": "None", "otherNonOperatingIncome": "7000000", "depreciation": "None", "depreciationAndAmortization": "144000000", "incomeBeforeTax": "152000000", "incomeTaxExpense": "39000000", "interestAndDebtExpense": "None", "netIncomeFromContinuingOperations": "113000000", "comprehensiveIncomeNetOfTax": "None", "ebit": "239000000", "ebitda": "383000000", "netIncome": "113000000"}, {"fiscalDateEnding": "2018-12-31", "reportedCurrency": "USD", "grossProfit": "456000000", "totalRevenue": "850000000", "costOfRevenue": "394000000", "costofGoodsAndServicesSold": "394000000", "operatingIncome": "248000000", "sellingGeneralAndAdministrative": "461000000", "researchAndDevelopment": "0", "operatingExpenses": "208000000", "investmentIncomeNet": "None", "netInterestIncome": "None", "interestIncome": "None", "interestExpense": "91000000", "nonInterestIncome": "None", "otherNonOperatingIncome": "13000000", "depreciation": "None", "depreciationAndAmortization": "141000000", "incomeBeforeTax": "170000000", "incomeTaxExpense": "58000000", "interestAndDebtExpense": "None", "netIncomeFromContinuingOperations": "112000000", "comprehensiveIncomeNetOfTax": "None", "ebit": "248000000", "ebitda": "389000000", "netIncome": "112000000"}, {"fiscalDateEnding": "2018-09-30", "reportedCurrency": "USD", "grossProfit": "586000000", "totalRevenue": "976000000", "costOfRevenue": "390000000", "costofGoodsAndServicesSold": "390000000", "operatingIncome": "335000000", "sellingGeneralAndAdministrative": "461000000", "researchAndDevelopment": "0", "operatingExpenses": "212000000", "investmentIncomeNet": "None", "netInterestIncome": "None", "interestIncome": "None", "interestExpense": "89000000", "nonInterestIncome": "None", "otherNonOperatingIncome": "9000000", "depreciation": "None", "depreciationAndAmortization": "141000000", "incomeBeforeTax": "255000000", "incomeTaxExpense": "70000000", "interestAndDebtExpense": "None", "netIncomeFromContinuingOperations": "185000000", "comprehensiveIncomeNetOfTax": "None", "ebit": "379000000", "ebitda": "520000000", "netIncome": "187000000"}, {"fiscalDateEnding": "2018-06-30", "reportedCurrency": "USD", "grossProfit": "505000000", "totalRevenue": "853000000", "costOfRevenue": "348000000", "costofGoodsAndServicesSold": "348000000", "operatingIncome": "302000000", "sellingGeneralAndAdministrative": "417000000", "researchAndDevelopment": "0", "operatingExpenses": "203000000", "investmentIncomeNet": "None", "netInterestIncome": "None", "interestIncome": "None", "interestExpense": "86000000", "nonInterestIncome": "None", "otherNonOperatingIncome": "6000000", "depreciation": "None", "depreciationAndAmortization": "134000000", "incomeBeforeTax": "222000000", "incomeTaxExpense": "60000000", "interestAndDebtExpense": "None", "netIncomeFromContinuingOperations": "162000000", "comprehensiveIncomeNetOfTax": "None", "ebit": "302000000", "ebitda": "436000000", "netIncome": "162000000"}, {"fiscalDateEnding": "2018-03-31", "reportedCurrency": "USD", "grossProfit": "414000000", "totalRevenue": "761000000", "costOfRevenue": "347000000", "costofGoodsAndServicesSold": "347000000", "operatingIncome": "217000000", "sellingGeneralAndAdministrative": "417000000", "researchAndDevelopment": "0", "operatingExpenses": "199000000", "investmentIncomeNet": "None", "netInterestIncome": "None", "interestIncome": "None", "interestExpense": "84000000", "nonInterestIncome": "None", "otherNonOperatingIncome": "7000000", "depreciation": "None", "depreciationAndAmortization": "129000000", "incomeBeforeTax": "140000000", "incomeTaxExpense": "34000000", "interestAndDebtExpense": "None", "netIncomeFromContinuingOperations": "106000000", "comprehensiveIncomeNetOfTax": "None", "ebit": "218000000", "ebitda": "347000000", "netIncome": "106000000"}, {"fiscalDateEnding": "2017-12-31", "reportedCurrency": "USD", "grossProfit": "453000000", "totalRevenue": "821000000", "costOfRevenue": "368000000", "costofGoodsAndServicesSold": "368000000", "operatingIncome": "279000000", "sellingGeneralAndAdministrative": "435000000", "researchAndDevelopment": "0", "operatingExpenses": "181000000", "investmentIncomeNet": "None", "netInterestIncome": "None", "interestIncome": "None", "interestExpense": "83000000", "nonInterestIncome": "None", "otherNonOperatingIncome": "5000000", "depreciation": "None", "depreciationAndAmortization": "114000000", "incomeBeforeTax": "201000000", "incomeTaxExpense": "202000000", "interestAndDebtExpense": "None", "netIncomeFromContinuingOperations": "-1000000", "comprehensiveIncomeNetOfTax": "None", "ebit": "272000000", "ebitda": "386000000", "netIncome": "-1000000"}, {"fiscalDateEnding": "2017-09-30", "reportedCurrency": "USD", "grossProfit": "612000000", "totalRevenue": "936000000", "costOfRevenue": "324000000", "costofGoodsAndServicesSold": "324000000", "operatingIncome": "430000000", "sellingGeneralAndAdministrative": "385000000", "researchAndDevelopment": "0", "operatingExpenses": "189000000", "investmentIncomeNet": "None", "netInterestIncome": "None", "interestIncome": "None", "interestExpense": "89000000", "nonInterestIncome": "None", "otherNonOperatingIncome": "-1000000", "depreciation": "None", "depreciationAndAmortization": "128000000", "incomeBeforeTax": "340000000", "incomeTaxExpense": "137000000", "interestAndDebtExpense": "None", "netIncomeFromContinuingOperations": "203000000", "comprehensiveIncomeNetOfTax": "None", "ebit": "401000000", "ebitda": "529000000", "netIncome": "203000000"}, {"fiscalDateEnding": "2017-06-30", "reportedCurrency": "USD", "grossProfit": "495000000", "totalRevenue": "844000000", "costOfRevenue": "349000000", "costofGoodsAndServicesSold": "349000000", "operatingIncome": "308000000", "sellingGeneralAndAdministrative": "412000000", "researchAndDevelopment": "0", "operatingExpenses": "189000000", "investmentIncomeNet": "None", "netInterestIncome": "None", "interestIncome": "None", "interestExpense": "85000000", "nonInterestIncome": "None", "otherNonOperatingIncome": "3000000", "depreciation": "None", "depreciationAndAmortization": "126000000", "incomeBeforeTax": "226000000", "incomeTaxExpense": "95000000", "interestAndDebtExpense": "None", "netIncomeFromContinuingOperations": "131000000", "comprehensiveIncomeNetOfTax": "None", "ebit": "304000000", "ebitda": "430000000", "netIncome": "131000000"}, {"fiscalDateEnding": "2017-03-31", "reportedCurrency": "USD", "grossProfit": "419000000", "totalRevenue": "756000000", "costOfRevenue": "337000000", "costofGoodsAndServicesSold": "337000000", "operatingIncome": "227000000", "sellingGeneralAndAdministrative": "405000000", "researchAndDevelopment": "0", "operatingExpenses": "192000000", "investmentIncomeNet": "None", "netInterestIncome": "None", "interestIncome": "None", "interestExpense": "85000000", "nonInterestIncome": "None", "otherNonOperatingIncome": "3000000", "depreciation": "None", "depreciationAndAmortization": "124000000", "incomeBeforeTax": "145000000", "incomeTaxExpense": "52000000", "interestAndDebtExpense": "None", "netIncomeFromContinuingOperations": "93000000", "comprehensiveIncomeNetOfTax": "None", "ebit": "227000000", "ebitda": "351000000", "netIncome": "93000000"}, {"fiscalDateEnding": "2016-12-31", "reportedCurrency": "USD", "grossProfit": "429000000", "totalRevenue": "802000000", "costOfRevenue": "373000000", "costofGoodsAndServicesSold": "373000000", "operatingIncome": "248000000", "sellingGeneralAndAdministrative": "436000000", "researchAndDevelopment": "5000000", "operatingExpenses": "183000000", "investmentIncomeNet": "None", "netInterestIncome": "None", "interestIncome": "None", "interestExpense": "83000000", "nonInterestIncome": "None", "otherNonOperatingIncome": "1000000", "depreciation": "None", "depreciationAndAmortization": "120000000", "incomeBeforeTax": "166000000", "incomeTaxExpense": "65000000", "interestAndDebtExpense": "None", "netIncomeFromContinuingOperations": "101000000", "comprehensiveIncomeNetOfTax": "None", "ebit": "311000000", "ebitda": "431000000", "netIncome": "101000000"}, {"fiscalDateEnding": "2016-09-30", "reportedCurrency": "USD", "grossProfit": "498000000", "totalRevenue": "930000000", "costOfRevenue": "432000000", "costofGoodsAndServicesSold": "432000000", "operatingIncome": "319000000", "sellingGeneralAndAdministrative": "497000000", "researchAndDevelopment": "0", "operatingExpenses": "184000000", "investmentIncomeNet": "None", "netInterestIncome": "None", "interestIncome": "None", "interestExpense": "81000000", "nonInterestIncome": "None", "otherNonOperatingIncome": "5000000", "depreciation": "None", "depreciationAndAmortization": "119000000", "incomeBeforeTax": "243000000", "incomeTaxExpense": "95000000", "interestAndDebtExpense": "None", "netIncomeFromContinuingOperations": "148000000", "comprehensiveIncomeNetOfTax": "None", "ebit": "309000000", "ebitda": "428000000", "netIncome": "148000000"}, {"fiscalDateEnding": "2016-06-30", "reportedCurrency": "USD", "grossProfit": "476000000", "totalRevenue": "827000000", "costOfRevenue": "351000000", "costofGoodsAndServicesSold": "351000000", "operatingIncome": "299000000", "sellingGeneralAndAdministrative": "415000000", "researchAndDevelopment": "0", "operatingExpenses": "179000000", "investmentIncomeNet": "None", "netInterestIncome": "None", "interestIncome": "None", "interestExpense": "81000000", "nonInterestIncome": "None", "otherNonOperatingIncome": "7000000", "depreciation": "None", "depreciationAndAmortization": "115000000", "incomeBeforeTax": "225000000", "incomeTaxExpense": "88000000", "interestAndDebtExpense": "None", "netIncomeFromContinuingOperations": "137000000", "comprehensiveIncomeNetOfTax": "None", "ebit": "297000000", "ebitda": "412000000", "netIncome": "137000000"}, {"fiscalDateEnding": "2016-03-31", "reportedCurrency": "USD", "grossProfit": "395000000", "totalRevenue": "743000000", "costOfRevenue": "348000000", "costofGoodsAndServicesSold": "348000000", "operatingIncome": "214000000", "sellingGeneralAndAdministrative": "414000000", "researchAndDevelopment": "0", "operatingExpenses": "182000000", "investmentIncomeNet": "None", "netInterestIncome": "None", "interestIncome": "None", "interestExpense": "80000000", "nonInterestIncome": "None", "otherNonOperatingIncome": "2000000", "depreciation": "None", "depreciationAndAmortization": "116000000", "incomeBeforeTax": "136000000", "incomeTaxExpense": "54000000", "interestAndDebtExpense": "None", "netIncomeFromContinuingOperations": "82000000", "comprehensiveIncomeNetOfTax": "None", "ebit": "213000000", "ebitda": "329000000", "netIncome": "82000000"}, {"fiscalDateEnding": "2015-12-31", "reportedCurrency": "USD", "grossProfit": "403000000", "totalRevenue": "783000000", "costOfRevenue": "380000000", "costofGoodsAndServicesSold": "380000000", "operatingIncome": "232000000", "sellingGeneralAndAdministrative": "438724000", "researchAndDevelopment": "3000000", "operatingExpenses": "171000000", "investmentIncomeNet": "None", "netInterestIncome": "None", "interestIncome": "None", "interestExpense": "73516000", "nonInterestIncome": "None", "otherNonOperatingIncome": "7723000", "depreciation": "None", "depreciationAndAmortization": "112000000", "incomeBeforeTax": "158000000", "incomeTaxExpense": "59000000", "interestAndDebtExpense": "None", "netIncomeFromContinuingOperations": "98988000", "comprehensiveIncomeNetOfTax": "None", "ebit": "232000000", "ebitda": "344000000", "netIncome": "98988000"}, {"fiscalDateEnding": "2015-09-30", "reportedCurrency": "USD", "grossProfit": "532596000", "totalRevenue": "896206000", "costOfRevenue": "363610000", "costofGoodsAndServicesSold": "363610000", "operatingIncome": "361283000", "sellingGeneralAndAdministrative": "423902000", "researchAndDevelopment": "0", "operatingExpenses": "171488000", "investmentIncomeNet": "None", "netInterestIncome": "None", "interestIncome": "None", "interestExpense": "79748000", "nonInterestIncome": "None", "otherNonOperatingIncome": "3438000", "depreciation": "None", "depreciationAndAmortization": "111196000", "incomeBeforeTax": "287085000", "incomeTaxExpense": "113191000", "interestAndDebtExpense": "None", "netIncomeFromContinuingOperations": "173894000", "comprehensiveIncomeNetOfTax": "None", "ebit": "360804000", "ebitda": "472000000", "netIncome": "174000000"}, {"fiscalDateEnding": "2015-06-30", "reportedCurrency": "USD", "grossProfit": "445497000", "totalRevenue": "782121000", "costOfRevenue": "336624000", "costofGoodsAndServicesSold": "336624000", "operatingIncome": "277561000", "sellingGeneralAndAdministrative": "396846000", "researchAndDevelopment": "0", "operatingExpenses": "169145000", "investmentIncomeNet": "None", "netInterestIncome": "None", "interestIncome": "None", "interestExpense": "77299000", "nonInterestIncome": "None", "otherNonOperatingIncome": "1487000", "depreciation": "None", "depreciationAndAmortization": "108923000", "incomeBeforeTax": "203627000", "incomeTaxExpense": "80552000", "interestAndDebtExpense": "None", "netIncomeFromContinuingOperations": "123075000", "comprehensiveIncomeNetOfTax": "None", "ebit": "277077000", "ebitda": "386000000", "netIncome": "123000000"}, {"fiscalDateEnding": "2015-03-31", "reportedCurrency": "USD", "grossProfit": "374246000", "totalRevenue": "698078000", "costOfRevenue": "323832000", "costofGoodsAndServicesSold": "323832000", "operatingIncome": "204301000", "sellingGeneralAndAdministrative": "387528000", "researchAndDevelopment": "0", "operatingExpenses": "171073000", "investmentIncomeNet": "None", "netInterestIncome": "None", "interestIncome": "None", "interestExpense": "77437000", "nonInterestIncome": "None", "otherNonOperatingIncome": "2352000", "depreciation": "None", "depreciationAndAmortization": "107377000", "incomeBeforeTax": "133502000", "incomeTaxExpense": "53459000", "interestAndDebtExpense": "None", "netIncomeFromContinuingOperations": "80043000", "comprehensiveIncomeNetOfTax": "None", "ebit": "202623000", "ebitda": "310000000", "netIncome": "80000000"}, {"fiscalDateEnding": "2014-12-31", "reportedCurrency": "USD", "grossProfit": "385891000", "totalRevenue": "731378000", "costOfRevenue": "345487000", "costofGoodsAndServicesSold": "345487000", "operatingIncome": "223061000", "sellingGeneralAndAdministrative": "394531000", "researchAndDevelopment": "3000000", "operatingExpenses": "164142000", "investmentIncomeNet": "None", "netInterestIncome": "None", "interestIncome": "None", "interestExpense": "77556000", "nonInterestIncome": "None", "otherNonOperatingIncome": "2713000", "depreciation": "None", "depreciationAndAmortization": "105686000", "incomeBeforeTax": "149146000", "incomeTaxExpense": "55200000", "interestAndDebtExpense": "None", "netIncomeFromContinuingOperations": "95811000", "comprehensiveIncomeNetOfTax": "None", "ebit": "226702000", "ebitda": "332388000", "netIncome": "93501000"}, {"fiscalDateEnding": "2014-09-30", "reportedCurrency": "USD", "grossProfit": "504821000", "totalRevenue": "846169000", "costOfRevenue": "341348000", "costofGoodsAndServicesSold": "341348000", "operatingIncome": "337285000", "sellingGeneralAndAdministrative": "402155000", "researchAndDevelopment": "0", "operatingExpenses": "167596000", "investmentIncomeNet": "None", "netInterestIncome": "None", "interestIncome": "None", "interestExpense": "78972000", "nonInterestIncome": "None", "otherNonOperatingIncome": "1973000", "depreciation": "None", "depreciationAndAmortization": "106458000", "incomeBeforeTax": "263813000", "incomeTaxExpense": "107205000", "interestAndDebtExpense": "None", "netIncomeFromContinuingOperations": "156608000", "comprehensiveIncomeNetOfTax": "None", "ebit": "337877000", "ebitda": "444335000", "netIncome": "152185000"}, {"fiscalDateEnding": "2014-06-30", "reportedCurrency": "USD", "grossProfit": "416185000", "totalRevenue": "759159000", "costOfRevenue": "342974000", "costofGoodsAndServicesSold": "342974000", "operatingIncome": "253774000", "sellingGeneralAndAdministrative": "399868000", "researchAndDevelopment": "0", "operatingExpenses": "162756000", "investmentIncomeNet": "None", "netInterestIncome": "None", "interestIncome": "None", "interestExpense": "75794000", "nonInterestIncome": "None", "otherNonOperatingIncome": "1383000", "depreciation": "None", "depreciationAndAmortization": "105862000", "incomeBeforeTax": "181489000", "incomeTaxExpense": "72190000", "interestAndDebtExpense": "None", "netIncomeFromContinuingOperations": "109299000", "comprehensiveIncomeNetOfTax": "None", "ebit": "254442000", "ebitda": "360304000", "netIncome": "109299000"}, {"fiscalDateEnding": "2014-03-31", "reportedCurrency": "USD", "grossProfit": "352671000", "totalRevenue": "681946000", "costOfRevenue": "329275000", "costofGoodsAndServicesSold": "329275000", "operatingIncome": "186096000", "sellingGeneralAndAdministrative": "390042000", "researchAndDevelopment": "0", "operatingExpenses": "166845000", "investmentIncomeNet": "None", "netInterestIncome": "None", "interestIncome": "None", "interestExpense": "76937000", "nonInterestIncome": "None", "otherNonOperatingIncome": "-1013000", "depreciation": "None", "depreciationAndAmortization": "106078000", "incomeBeforeTax": "113006000", "incomeTaxExpense": "44883000", "interestAndDebtExpense": "None", "netIncomeFromContinuingOperations": "68123000", "comprehensiveIncomeNetOfTax": "None", "ebit": "187232000", "ebitda": "293310000", "netIncome": "68123000"}, {"fiscalDateEnding": "2013-12-31", "reportedCurrency": "USD", "grossProfit": "378669000", "totalRevenue": "712260000", "costOfRevenue": "333591000", "costofGoodsAndServicesSold": "333591000", "operatingIncome": "215854000", "sellingGeneralAndAdministrative": "392072000", "researchAndDevelopment": "2900000", "operatingExpenses": "162450000", "investmentIncomeNet": "None", "netInterestIncome": "None", "interestIncome": "None", "interestExpense": "78042000", "nonInterestIncome": "None", "otherNonOperatingIncome": "-53756000", "depreciation": "None", "depreciationAndAmortization": "103969000", "incomeBeforeTax": "99948000", "incomeTaxExpense": "40255000", "interestAndDebtExpense": "None", "netIncomeFromContinuingOperations": "133165000", "comprehensiveIncomeNetOfTax": "None", "ebit": "253148000", "ebitda": "357117000", "netIncome": "59693000"}, {"fiscalDateEnding": "2013-09-30", "reportedCurrency": "USD", "grossProfit": "485586000", "totalRevenue": "829196000", "costOfRevenue": "343610000", "costofGoodsAndServicesSold": "343610000", "operatingIncome": "323875000", "sellingGeneralAndAdministrative": "401819000", "researchAndDevelopment": "0", "operatingExpenses": "160943000", "investmentIncomeNet": "None", "netInterestIncome": "None", "interestIncome": "None", "interestExpense": "80324000", "nonInterestIncome": "None", "otherNonOperatingIncome": "2506000", "depreciation": "None", "depreciationAndAmortization": "102734000", "incomeBeforeTax": "248992000", "incomeTaxExpense": "98327000", "interestAndDebtExpense": "None", "netIncomeFromContinuingOperations": "150665000", "comprehensiveIncomeNetOfTax": "None", "ebit": "328368000", "ebitda": "431102000", "netIncome": "150665000"}, {"fiscalDateEnding": "2013-06-30", "reportedCurrency": "USD", "grossProfit": "400945000", "totalRevenue": "724265000", "costOfRevenue": "323320000", "costofGoodsAndServicesSold": "323320000", "operatingIncome": "241887000", "sellingGeneralAndAdministrative": "381126000", "researchAndDevelopment": "0", "operatingExpenses": "159172000", "investmentIncomeNet": "None", "netInterestIncome": "None", "interestIncome": "None", "interestExpense": "80602000", "nonInterestIncome": "None", "otherNonOperatingIncome": "3589000", "depreciation": "None", "depreciationAndAmortization": "101366000", "incomeBeforeTax": "167719000", "incomeTaxExpense": "66456000", "interestAndDebtExpense": "None", "netIncomeFromContinuingOperations": "101263000", "comprehensiveIncomeNetOfTax": "None", "ebit": "248321000", "ebitda": "349687000", "netIncome": "101263000"}, {"fiscalDateEnding": "2013-03-31", "reportedCurrency": "USD", "grossProfit": "323934000", "totalRevenue": "636137000", "costOfRevenue": "312203000", "costofGoodsAndServicesSold": "312203000", "operatingIncome": "164233000", "sellingGeneralAndAdministrative": "372349000", "researchAndDevelopment": "0", "operatingExpenses": "159795000", "investmentIncomeNet": "None", "netInterestIncome": "None", "interestIncome": "None", "interestExpense": "80949000", "nonInterestIncome": "None", "otherNonOperatingIncome": "2692000", "depreciation": "None", "depreciationAndAmortization": "99649000", "incomeBeforeTax": "88811000", "incomeTaxExpense": "31168000", "interestAndDebtExpense": "None", "netIncomeFromContinuingOperations": "57643000", "comprehensiveIncomeNetOfTax": "None", "ebit": "158996000", "ebitda": "258645000", "netIncome": "57643000"}, {"fiscalDateEnding": "2012-12-31", "reportedCurrency": "USD", "grossProfit": "323580000", "totalRevenue": "680913000", "costOfRevenue": "357333000", "costofGoodsAndServicesSold": "357333000", "operatingIncome": "166963000", "sellingGeneralAndAdministrative": "413281000", "researchAndDevelopment": "2800000", "operatingExpenses": "156799000", "investmentIncomeNet": "None", "netInterestIncome": "None", "interestIncome": "None", "interestExpense": "78976000", "nonInterestIncome": "None", "otherNonOperatingIncome": "-8761000", "depreciation": "None", "depreciationAndAmortization": "100851000", "incomeBeforeTax": "94324000", "incomeTaxExpense": "40100000", "interestAndDebtExpense": "None", "netIncomeFromContinuingOperations": "27799000", "comprehensiveIncomeNetOfTax": "None", "ebit": "162351000", "ebitda": "263202000", "netIncome": "55478000"}, {"fiscalDateEnding": "2012-09-30", "reportedCurrency": "USD", "grossProfit": "476689000", "totalRevenue": "831815000", "costOfRevenue": "355126000", "costofGoodsAndServicesSold": "355126000", "operatingIncome": "327640000", "sellingGeneralAndAdministrative": "407987000", "researchAndDevelopment": "0", "operatingExpenses": "504206000", "investmentIncomeNet": "None", "netInterestIncome": "None", "interestIncome": "None", "interestExpense": "79453000", "nonInterestIncome": "None", "otherNonOperatingIncome": "4000000", "depreciation": "None", "depreciationAndAmortization": "96219000", "incomeBeforeTax": "255024000", "incomeTaxExpense": "100913000", "interestAndDebtExpense": "None", "netIncomeFromContinuingOperations": "154111000", "comprehensiveIncomeNetOfTax": "None", "ebit": "334477000", "ebitda": "430696000", "netIncome": "153812000"}, {"fiscalDateEnding": "2012-06-30", "reportedCurrency": "USD", "grossProfit": "418030000", "totalRevenue": "745607000", "costOfRevenue": "327577000", "costofGoodsAndServicesSold": "327577000", "operatingIncome": "270632000", "sellingGeneralAndAdministrative": "382859000", "researchAndDevelopment": "0", "operatingExpenses": "475188000", "investmentIncomeNet": "None", "netInterestIncome": "None", "interestIncome": "None", "interestExpense": "82551000", "nonInterestIncome": "None", "otherNonOperatingIncome": "1737000", "depreciation": "None", "depreciationAndAmortization": "92329000", "incomeBeforeTax": "197265000", "incomeTaxExpense": "80602000", "interestAndDebtExpense": "None", "netIncomeFromContinuingOperations": "116663000", "comprehensiveIncomeNetOfTax": "None", "ebit": "279816000", "ebitda": "372145000", "netIncome": "107026000"}, {"fiscalDateEnding": "2012-03-31", "reportedCurrency": "USD", "grossProfit": "308550000", "totalRevenue": "618554000", "costOfRevenue": "310004000", "costofGoodsAndServicesSold": "310004000", "operatingIncome": "159738000", "sellingGeneralAndAdministrative": "367125000", "researchAndDevelopment": "0", "operatingExpenses": "459229000", "investmentIncomeNet": "None", "netInterestIncome": "None", "interestIncome": "None", "interestExpense": "82466000", "nonInterestIncome": "None", "otherNonOperatingIncome": "4561000", "depreciation": "None", "depreciationAndAmortization": "92104000", "incomeBeforeTax": "84645000", "incomeTaxExpense": "35393000", "interestAndDebtExpense": "None", "netIncomeFromContinuingOperations": "49252000", "comprehensiveIncomeNetOfTax": "None", "ebit": "167111000", "ebitda": "259215000", "netIncome": "41754000"}, {"fiscalDateEnding": "2011-12-31", "reportedCurrency": "USD", "grossProfit": "623716000", "totalRevenue": "623716000", "costOfRevenue": "373419000", "costofGoodsAndServicesSold": "373419000", "operatingIncome": "177140000", "sellingGeneralAndAdministrative": "350746000", "researchAndDevelopment": "0", "operatingExpenses": "446230000", "investmentIncomeNet": "None", "netInterestIncome": "None", "interestIncome": "None", "interestExpense": "82091000", "nonInterestIncome": "None", "otherNonOperatingIncome": "4036000", "depreciation": "None", "depreciationAndAmortization": "88794000", "incomeBeforeTax": "102223000", "incomeTaxExpense": "41082000", "interestAndDebtExpense": "None", "netIncomeFromContinuingOperations": "60407000", "comprehensiveIncomeNetOfTax": "None", "ebit": "184314000", "ebitda": "273108000", "netIncome": "40293000"}, {"fiscalDateEnding": "2011-09-30", "reportedCurrency": "USD", "grossProfit": "420693000", "totalRevenue": "766450000", "costOfRevenue": "345757000", "costofGoodsAndServicesSold": "345757000", "operatingIncome": "281317000", "sellingGeneralAndAdministrative": "398344000", "researchAndDevelopment": "0", "operatingExpenses": "486768000", "investmentIncomeNet": "None", "netInterestIncome": "None", "interestIncome": "None", "interestExpense": "81203000", "nonInterestIncome": "None", "otherNonOperatingIncome": "4044000", "depreciation": "None", "depreciationAndAmortization": "88424000", "incomeBeforeTax": "206759000", "incomeTaxExpense": "78354000", "interestAndDebtExpense": "None", "netIncomeFromContinuingOperations": "128405000", "comprehensiveIncomeNetOfTax": "None", "ebit": "282283000", "ebitda": "370707000", "netIncome": "137422000"}, {"fiscalDateEnding": "2011-06-30", "reportedCurrency": "USD", "grossProfit": "341938000", "totalRevenue": "674248000", "costOfRevenue": "332310000", "costofGoodsAndServicesSold": "332310000", "operatingIncome": "201160000", "sellingGeneralAndAdministrative": "385406000", "researchAndDevelopment": "0", "operatingExpenses": "473060000", "investmentIncomeNet": "None", "netInterestIncome": "None", "interestIncome": "None", "interestExpense": "81167000", "nonInterestIncome": "None", "otherNonOperatingIncome": "3157000", "depreciation": "None", "depreciationAndAmortization": "86584000", "incomeBeforeTax": "125813000", "incomeTaxExpense": "51160000", "interestAndDebtExpense": "None", "netIncomeFromContinuingOperations": "74653000", "comprehensiveIncomeNetOfTax": "None", "ebit": "204921000", "ebitda": "291505000", "netIncome": "81110000"}, {"fiscalDateEnding": "2011-03-31", "reportedCurrency": "USD", "grossProfit": "290365000", "totalRevenue": "610936000", "costOfRevenue": "320571000", "costofGoodsAndServicesSold": "320571000", "operatingIncome": "144873000", "sellingGeneralAndAdministrative": "377776000", "researchAndDevelopment": "0", "operatingExpenses": "465795000", "investmentIncomeNet": "None", "netInterestIncome": "None", "interestIncome": "None", "interestExpense": "79158000", "nonInterestIncome": "None", "otherNonOperatingIncome": "1722000", "depreciation": "None", "depreciationAndAmortization": "88019000", "incomeBeforeTax": "70113000", "incomeTaxExpense": "28649000", "interestAndDebtExpense": "None", "netIncomeFromContinuingOperations": "41464000", "comprehensiveIncomeNetOfTax": "None", "ebit": "146343000", "ebitda": "234362000", "netIncome": "47332000"}, {"fiscalDateEnding": "2010-12-31", "reportedCurrency": "USD", "grossProfit": "664384000", "totalRevenue": "664384000", "costOfRevenue": "392520000", "costofGoodsAndServicesSold": "392520000", "operatingIncome": "152088000", "sellingGeneralAndAdministrative": "0", "researchAndDevelopment": "0", "operatingExpenses": "512296000", "investmentIncomeNet": "None", "netInterestIncome": "None", "interestIncome": "None", "interestExpense": "82736000", "nonInterestIncome": "None", "otherNonOperatingIncome": "None", "depreciation": "None", "depreciationAndAmortization": "122494000", "incomeBeforeTax": "74856000", "incomeTaxExpense": "34702000", "interestAndDebtExpense": "None", "netIncomeFromContinuingOperations": "0", "comprehensiveIncomeNetOfTax": "None", "ebit": "157592000", "ebitda": "280086000", "netIncome": "40154000"}, {"fiscalDateEnding": "2010-09-30", "reportedCurrency": "USD", "grossProfit": "408912000", "totalRevenue": "786946000", "costOfRevenue": "378034000", "costofGoodsAndServicesSold": "378034000", "operatingIncome": "273955000", "sellingGeneralAndAdministrative": "433350000", "researchAndDevelopment": "0", "operatingExpenses": "512991000", "investmentIncomeNet": "None", "netInterestIncome": "None", "interestIncome": "None", "interestExpense": "74858000", "nonInterestIncome": "None", "otherNonOperatingIncome": "3626000", "depreciation": "None", "depreciationAndAmortization": "79431000", "incomeBeforeTax": "202723000", "incomeTaxExpense": "78609000", "interestAndDebtExpense": "None", "netIncomeFromContinuingOperations": "124114000", "comprehensiveIncomeNetOfTax": "None", "ebit": "273955000", "ebitda": "353386000", "netIncome": "124114000"}, {"fiscalDateEnding": "2010-06-30", "reportedCurrency": "USD", "grossProfit": "326360000", "totalRevenue": "671223000", "costOfRevenue": "344863000", "costofGoodsAndServicesSold": "344863000", "operatingIncome": "195983000", "sellingGeneralAndAdministrative": "398753000", "researchAndDevelopment": "0", "operatingExpenses": "475240000", "investmentIncomeNet": "None", "netInterestIncome": "None", "interestIncome": "None", "interestExpense": "81348000", "nonInterestIncome": "None", "otherNonOperatingIncome": "4323000", "depreciation": "None", "depreciationAndAmortization": "65817000", "incomeBeforeTax": "121572000", "incomeTaxExpense": "48821000", "interestAndDebtExpense": "None", "netIncomeFromContinuingOperations": "72751000", "comprehensiveIncomeNetOfTax": "None", "ebit": "209273000", "ebitda": "275090000", "netIncome": "72751000"}, {"fiscalDateEnding": "2010-03-31", "reportedCurrency": "USD", "grossProfit": "257630000", "totalRevenue": "588053000", "costOfRevenue": "330423000", "costofGoodsAndServicesSold": "330423000", "operatingIncome": "126065000", "sellingGeneralAndAdministrative": "0", "researchAndDevelopment": "0", "operatingExpenses": "461988000", "investmentIncomeNet": "None", "netInterestIncome": "None", "interestIncome": "None", "interestExpense": "81020000", "nonInterestIncome": "None", "otherNonOperatingIncome": "None", "depreciation": "None", "depreciationAndAmortization": "76232000", "incomeBeforeTax": "50285000", "incomeTaxExpense": "19477000", "interestAndDebtExpense": "None", "netIncomeFromContinuingOperations": "0", "comprehensiveIncomeNetOfTax": "None", "ebit": "123130000", "ebitda": "199362000", "netIncome": "30808000"}, {"fiscalDateEnding": "2009-12-31", "reportedCurrency": "USD", "grossProfit": "597837000", "totalRevenue": "597837000", "costOfRevenue": "383155000", "costofGoodsAndServicesSold": "383155000", "operatingIncome": "137381000", "sellingGeneralAndAdministrative": "0", "researchAndDevelopment": "0", "operatingExpenses": "460456000", "investmentIncomeNet": "None", "netInterestIncome": "None", "interestIncome": "None", "interestExpense": "76754000", "nonInterestIncome": "None", "otherNonOperatingIncome": "None", "depreciation": "None", "depreciationAndAmortization": "87803000", "incomeBeforeTax": "62916000", "incomeTaxExpense": "26545000", "interestAndDebtExpense": "None", "netIncomeFromContinuingOperations": "0", "comprehensiveIncomeNetOfTax": "None", "ebit": "139670000", "ebitda": "227473000", "netIncome": "36371000"}, {"fiscalDateEnding": "2009-09-30", "reportedCurrency": "USD", "grossProfit": "339094000", "totalRevenue": "679956000", "costOfRevenue": "340862000", "costofGoodsAndServicesSold": "340862000", "operatingIncome": "214406000", "sellingGeneralAndAdministrative": "0", "researchAndDevelopment": "0", "operatingExpenses": "465550000", "investmentIncomeNet": "None", "netInterestIncome": "None", "interestIncome": "None", "interestExpense": "74124000", "nonInterestIncome": "None", "otherNonOperatingIncome": "None", "depreciation": "None", "depreciationAndAmortization": "74854000", "incomeBeforeTax": "141801000", "incomeTaxExpense": "50165000", "interestAndDebtExpense": "None", "netIncomeFromContinuingOperations": "0", "comprehensiveIncomeNetOfTax": "None", "ebit": "212887000", "ebitda": "287741000", "netIncome": "91636000"}, {"fiscalDateEnding": "2009-06-30", "reportedCurrency": "USD", "grossProfit": "282143000", "totalRevenue": "612740000", "costOfRevenue": "330597000", "costofGoodsAndServicesSold": "330597000", "operatingIncome": "157192000", "sellingGeneralAndAdministrative": "0", "researchAndDevelopment": "0", "operatingExpenses": "455548000", "investmentIncomeNet": "None", "netInterestIncome": "None", "interestIncome": "None", "interestExpense": "73688000", "nonInterestIncome": "None", "otherNonOperatingIncome": "None", "depreciation": "None", "depreciationAndAmortization": "73242000", "incomeBeforeTax": "86126000", "incomeTaxExpense": "34137000", "interestAndDebtExpense": "None", "netIncomeFromContinuingOperations": "0", "comprehensiveIncomeNetOfTax": "None", "ebit": "154570000", "ebitda": "227812000", "netIncome": "51989000"}, {"fiscalDateEnding": "2009-03-31", "reportedCurrency": "USD", "grossProfit": "235768000", "totalRevenue": "550170000", "costOfRevenue": "314402000", "costofGoodsAndServicesSold": "314402000", "operatingIncome": "-335370000", "sellingGeneralAndAdministrative": "0", "researchAndDevelopment": "0", "operatingExpenses": "435540000", "investmentIncomeNet": "None", "netInterestIncome": "None", "interestIncome": "None", "interestExpense": "74528000", "nonInterestIncome": "None", "otherNonOperatingIncome": "None", "depreciation": "None", "depreciationAndAmortization": "78852000", "incomeBeforeTax": "-402508000", "incomeTaxExpense": "10571000", "interestAndDebtExpense": "None", "netIncomeFromContinuingOperations": "0", "comprehensiveIncomeNetOfTax": "None", "ebit": "-327980000", "ebitda": "-249128000", "netIncome": "-413079000"}, {"fiscalDateEnding": "2008-12-31", "reportedCurrency": "USD", "grossProfit": "568551000", "totalRevenue": "568551000", "costOfRevenue": "367839000", "costofGoodsAndServicesSold": "367839000", "operatingIncome": "123194000", "sellingGeneralAndAdministrative": "0", "researchAndDevelopment": "0", "operatingExpenses": "445357000", "investmentIncomeNet": "None", "netInterestIncome": "None", "interestIncome": "None", "interestExpense": "73972000", "nonInterestIncome": "None", "otherNonOperatingIncome": "None", "depreciation": "None", "depreciationAndAmortization": "111839000", "incomeBeforeTax": "64453000", "incomeTaxExpense": "28215000", "interestAndDebtExpense": "None", "netIncomeFromContinuingOperations": "0", "comprehensiveIncomeNetOfTax": "None", "ebit": "123194000", "ebitda": "235033000", "netIncome": "36182000"}, {"fiscalDateEnding": "2008-09-30", "reportedCurrency": "USD", "grossProfit": "329967000", "totalRevenue": "672193000", "costOfRevenue": "342226000", "costofGoodsAndServicesSold": "342226000", "operatingIncome": "212211000", "sellingGeneralAndAdministrative": "0", "researchAndDevelopment": "0", "operatingExpenses": "459982000", "investmentIncomeNet": "None", "netInterestIncome": "None", "interestIncome": "None", "interestExpense": "74285000", "nonInterestIncome": "None", "otherNonOperatingIncome": "None", "depreciation": "None", "depreciationAndAmortization": "47970000", "incomeBeforeTax": "145762000", "incomeTaxExpense": "57549000", "interestAndDebtExpense": "None", "netIncomeFromContinuingOperations": "0", "comprehensiveIncomeNetOfTax": "None", "ebit": "232617000", "ebitda": "280587000", "netIncome": "88158000"}, {"fiscalDateEnding": "2008-06-30", "reportedCurrency": "USD", "grossProfit": "258794000", "totalRevenue": "589369000", "costOfRevenue": "330575000", "costofGoodsAndServicesSold": "330575000", "operatingIncome": "140417000", "sellingGeneralAndAdministrative": "0", "researchAndDevelopment": "0", "operatingExpenses": "448952000", "investmentIncomeNet": "None", "netInterestIncome": "None", "interestIncome": "None", "interestExpense": "71507000", "nonInterestIncome": "None", "otherNonOperatingIncome": "None", "depreciation": "None", "depreciationAndAmortization": "77564000", "incomeBeforeTax": "75664000", "incomeTaxExpense": "30166000", "interestAndDebtExpense": "None", "netIncomeFromContinuingOperations": "0", "comprehensiveIncomeNetOfTax": "None", "ebit": "140417000", "ebitda": "217981000", "netIncome": "45498000"}, {"fiscalDateEnding": "2008-03-31", "reportedCurrency": "USD", "grossProfit": "195554000", "totalRevenue": "506815000", "costOfRevenue": "311261000", "costofGoodsAndServicesSold": "311261000", "operatingIncome": "-671746000", "sellingGeneralAndAdministrative": "0", "researchAndDevelopment": "0", "operatingExpenses": "1178561000", "investmentIncomeNet": "None", "netInterestIncome": "None", "interestIncome": "None", "interestExpense": "71286000", "nonInterestIncome": "None", "otherNonOperatingIncome": "None", "depreciation": "None", "depreciationAndAmortization": "74065000", "incomeBeforeTax": "-736530000", "incomeTaxExpense": "-4102000", "interestAndDebtExpense": "None", "netIncomeFromContinuingOperations": "0", "comprehensiveIncomeNetOfTax": "None", "ebit": "-671746000", "ebitda": "-597681000", "netIncome": "-732428000"}, {"fiscalDateEnding": "2007-12-31", "reportedCurrency": "USD", "grossProfit": "553554000", "totalRevenue": "553554000", "costOfRevenue": "378013000", "costofGoodsAndServicesSold": "378013000", "operatingIncome": "-1657725000", "sellingGeneralAndAdministrative": "0", "researchAndDevelopment": "0", "operatingExpenses": "-2211279000", "investmentIncomeNet": "None", "netInterestIncome": "None", "interestIncome": "None", "interestExpense": "85812000", "nonInterestIncome": "None", "otherNonOperatingIncome": "None", "depreciation": "None", "depreciationAndAmortization": "None", "incomeBeforeTax": "0", "incomeTaxExpense": "85707000", "interestAndDebtExpense": "None", "netIncomeFromContinuingOperations": "0", "comprehensiveIncomeNetOfTax": "None", "ebit": "0", "ebitda": "-1657725000", "netIncome": "-85707000"}, {"fiscalDateEnding": "2007-09-30", "reportedCurrency": "USD", "grossProfit": "553554000", "totalRevenue": "553554000", "costOfRevenue": "374688000", "costofGoodsAndServicesSold": "374688000", "operatingIncome": "553554000", "sellingGeneralAndAdministrative": "0", "researchAndDevelopment": "0", "operatingExpenses": "689000000", "investmentIncomeNet": "None", "netInterestIncome": "None", "interestIncome": "None", "interestExpense": "69966000", "nonInterestIncome": "None", "otherNonOperatingIncome": "None", "depreciation": "None", "depreciationAndAmortization": "None", "incomeBeforeTax": "-82690000", "incomeTaxExpense": "85707000", "interestAndDebtExpense": "None", "netIncomeFromContinuingOperations": "0", "comprehensiveIncomeNetOfTax": "None", "ebit": "0", "ebitda": "553554000", "netIncome": "-85707000"}, {"fiscalDateEnding": "2007-06-30", "reportedCurrency": "USD", "grossProfit": "553554000", "totalRevenue": "553554000", "costOfRevenue": "339106000", "costofGoodsAndServicesSold": "339106000", "operatingIncome": "553554000", "sellingGeneralAndAdministrative": "0", "researchAndDevelopment": "0", "operatingExpenses": "408000000", "investmentIncomeNet": "None", "netInterestIncome": "None", "interestIncome": "None", "interestExpense": "71941000", "nonInterestIncome": "None", "otherNonOperatingIncome": "None", "depreciation": "None", "depreciationAndAmortization": "None", "incomeBeforeTax": "82690000", "incomeTaxExpense": "85707000", "interestAndDebtExpense": "None", "netIncomeFromContinuingOperations": "0", "comprehensiveIncomeNetOfTax": "None", "ebit": "0", "ebitda": "553554000", "netIncome": "-85707000"}, {"fiscalDateEnding": "2007-03-31", "reportedCurrency": "USD", "grossProfit": "553554000", "totalRevenue": "553554000", "costOfRevenue": "330599000", "costofGoodsAndServicesSold": "330599000", "operatingIncome": "553554000", "sellingGeneralAndAdministrative": "0", "researchAndDevelopment": "0", "operatingExpenses": "396000000", "investmentIncomeNet": "None", "netInterestIncome": "None", "interestIncome": "None", "interestExpense": "73426000", "nonInterestIncome": "None", "otherNonOperatingIncome": "None", "depreciation": "None", "depreciationAndAmortization": "None", "incomeBeforeTax": "4215000", "incomeTaxExpense": "85707000", "interestAndDebtExpense": "None", "netIncomeFromContinuingOperations": "0", "comprehensiveIncomeNetOfTax": "None", "ebit": "0", "ebitda": "553554000", "netIncome": "-85707000"}, {"fiscalDateEnding": "2006-12-31", "reportedCurrency": "USD", "grossProfit": "523267000", "totalRevenue": "523267000", "costOfRevenue": "1581373000", "costofGoodsAndServicesSold": "1581373000", "operatingIncome": "-1316290000", "sellingGeneralAndAdministrative": "0", "researchAndDevelopment": "0", "operatingExpenses": "-1839557000", "investmentIncomeNet": "None", "netInterestIncome": "None", "interestIncome": "None", "interestExpense": "374771000", "nonInterestIncome": "None", "otherNonOperatingIncome": "None", "depreciation": "None", "depreciationAndAmortization": "None", "incomeBeforeTax": "0", "incomeTaxExpense": "40560000", "interestAndDebtExpense": "None", "netIncomeFromContinuingOperations": "0", "comprehensiveIncomeNetOfTax": "None", "ebit": "0", "ebitda": "-1316290000", "netIncome": "-40560000"}, {"fiscalDateEnding": "2006-09-30", "reportedCurrency": "USD", "grossProfit": "523267000", "totalRevenue": "523267000", "costOfRevenue": "None", "costofGoodsAndServicesSold": "None", "operatingIncome": "523267000", "sellingGeneralAndAdministrative": "None", "researchAndDevelopment": "None", "operatingExpenses": "None", "investmentIncomeNet": "None", "netInterestIncome": "None", "interestIncome": "None", "interestExpense": "None", "nonInterestIncome": "None", "otherNonOperatingIncome": "None", "depreciation": "None", "depreciationAndAmortization": "None", "incomeBeforeTax": "None", "incomeTaxExpense": "40561000", "interestAndDebtExpense": "None", "netIncomeFromContinuingOperations": "None", "comprehensiveIncomeNetOfTax": "None", "ebit": "None", "ebitda": "523267000", "netIncome": "-40561000"}, {"fiscalDateEnding": "2006-06-30", "reportedCurrency": "USD", "grossProfit": "523267000", "totalRevenue": "523267000", "costOfRevenue": "None", "costofGoodsAndServicesSold": "None", "operatingIncome": "523267000", "sellingGeneralAndAdministrative": "None", "researchAndDevelopment": "None", "operatingExpenses": "None", "investmentIncomeNet": "None", "netInterestIncome": "None", "interestIncome": "None", "interestExpense": "None", "nonInterestIncome": "None", "otherNonOperatingIncome": "None", "depreciation": "None", "depreciationAndAmortization": "None", "incomeBeforeTax": "None", "incomeTaxExpense": "40561000", "interestAndDebtExpense": "None", "netIncomeFromContinuingOperations": "None", "comprehensiveIncomeNetOfTax": "None", "ebit": "None", "ebitda": "523267000", "netIncome": "-40561000"}, {"fiscalDateEnding": "2006-03-31", "reportedCurrency": "USD", "grossProfit": "523267000", "totalRevenue": "523267000", "costOfRevenue": "None", "costofGoodsAndServicesSold": "None", "operatingIncome": "523267000", "sellingGeneralAndAdministrative": "None", "researchAndDevelopment": "None", "operatingExpenses": "None", "investmentIncomeNet": "None", "netInterestIncome": "None", "interestIncome": "None", "interestExpense": "None", "nonInterestIncome": "None", "otherNonOperatingIncome": "None", "depreciation": "None", "depreciationAndAmortization": "None", "incomeBeforeTax": "None", "incomeTaxExpense": "40561000", "interestAndDebtExpense": "None", "netIncomeFromContinuingOperations": "None", "comprehensiveIncomeNetOfTax": "None", "ebit": "None", "ebitda": "523267000", "netIncome": "-40561000"}, {"fiscalDateEnding": "2005-12-31", "reportedCurrency": "USD", "grossProfit": "372939000", "totalRevenue": "2136746000", "costOfRevenue": "1763807000", "costofGoodsAndServicesSold": "1763807000", "operatingIncome": "111575000", "sellingGeneralAndAdministrative": "0", "researchAndDevelopment": "0", "operatingExpenses": "0", "investmentIncomeNet": "None", "netInterestIncome": "None", "interestIncome": "None", "interestExpense": "349624000", "nonInterestIncome": "None", "otherNonOperatingIncome": "None", "depreciation": "None", "depreciationAndAmortization": "None", "incomeBeforeTax": "0", "incomeTaxExpense": "50979000", "interestAndDebtExpense": "None", "netIncomeFromContinuingOperations": "0", "comprehensiveIncomeNetOfTax": "None", "ebit": "0", "ebitda": "None", "netIncome": "0"}, {"fiscalDateEnding": "2002-09-30", "reportedCurrency": "USD", "grossProfit": "240502000", "totalRevenue": "483457000", "costOfRevenue": "242955000", "costofGoodsAndServicesSold": "242955000", "operatingIncome": "-95576000", "sellingGeneralAndAdministrative": "None", "researchAndDevelopment": "None", "operatingExpenses": "336078000", "investmentIncomeNet": "None", "netInterestIncome": "None", "interestIncome": "None", "interestExpense": "None", "nonInterestIncome": "None", "otherNonOperatingIncome": "None", "depreciation": "None", "depreciationAndAmortization": "-62647000", "incomeBeforeTax": "93616000", "incomeTaxExpense": "38428000", "interestAndDebtExpense": "None", "netIncomeFromContinuingOperations": "None", "comprehensiveIncomeNetOfTax": "None", "ebit": "24831000", "ebitda": "-37816000", "netIncome": "55188000"}, {"fiscalDateEnding": "2002-06-30", "reportedCurrency": "USD", "grossProfit": "201715000", "totalRevenue": "424014000", "costOfRevenue": "222299000", "costofGoodsAndServicesSold": "222299000", "operatingIncome": "-115009000", "sellingGeneralAndAdministrative": "None", "researchAndDevelopment": "None", "operatingExpenses": "316724000", "investmentIncomeNet": "None", "netInterestIncome": "None", "interestIncome": "None", "interestExpense": "None", "nonInterestIncome": "None", "otherNonOperatingIncome": "None", "depreciation": "None", "depreciationAndAmortization": "-64207000", "incomeBeforeTax": "131066000", "incomeTaxExpense": "64401000", "interestAndDebtExpense": "None", "netIncomeFromContinuingOperations": "None", "comprehensiveIncomeNetOfTax": "None", "ebit": "8149000", "ebitda": "-56058000", "netIncome": "66665000"}, {"fiscalDateEnding": "2002-03-31", "reportedCurrency": "USD", "grossProfit": "175488000", "totalRevenue": "384740000", "costOfRevenue": "209252000", "costofGoodsAndServicesSold": "209252000", "operatingIncome": "-123549000", "sellingGeneralAndAdministrative": "None", "researchAndDevelopment": "None", "operatingExpenses": "299037000", "investmentIncomeNet": "None", "netInterestIncome": "None", "interestIncome": "None", "interestExpense": "None", "nonInterestIncome": "None", "otherNonOperatingIncome": "None", "depreciation": "None", "depreciationAndAmortization": "-59458000", "incomeBeforeTax": "27670000", "incomeTaxExpense": "12457000", "interestAndDebtExpense": "None", "netIncomeFromContinuingOperations": "None", "comprehensiveIncomeNetOfTax": "None", "ebit": "-9064000", "ebitda": "-68522000", "netIncome": "17746000"}, {"fiscalDateEnding": "2001-12-31", "reportedCurrency": "USD", "grossProfit": "177266000", "totalRevenue": "363626000", "costOfRevenue": "186360000", "costofGoodsAndServicesSold": "186360000", "operatingIncome": "-89446000", "sellingGeneralAndAdministrative": "None", "researchAndDevelopment": "None", "operatingExpenses": "266712000", "investmentIncomeNet": "None", "netInterestIncome": "None", "interestIncome": "None", "interestExpense": "None", "nonInterestIncome": "None", "otherNonOperatingIncome": "None", "depreciation": "None", "depreciationAndAmortization": "-52617000", "incomeBeforeTax": "53583000", "incomeTaxExpense": "20719000", "interestAndDebtExpense": "None", "netIncomeFromContinuingOperations": "None", "comprehensiveIncomeNetOfTax": "None", "ebit": "10116000", "ebitda": "-42501000", "netIncome": "32718000"}]}