{"symbol": "NKE", "annualReports": [{"fiscalDateEnding": "2024-05-31", "reportedCurrency": "USD", "grossProfit": "22887000000", "totalRevenue": "51362000000", "costOfRevenue": "28475000000", "costofGoodsAndServicesSold": "28475000000", "operatingIncome": "6690000000", "sellingGeneralAndAdministrative": "12291000000", "researchAndDevelopment": "None", "operatingExpenses": "16348000000", "investmentIncomeNet": "None", "netInterestIncome": "161000000", "interestIncome": "None", "interestExpense": "None", "nonInterestIncome": "None", "otherNonOperatingIncome": "None", "depreciation": "None", "depreciationAndAmortization": "844000000", "incomeBeforeTax": "6700000000", "incomeTaxExpense": "1000000000", "interestAndDebtExpense": "None", "netIncomeFromContinuingOperations": "5700000000", "comprehensiveIncomeNetOfTax": "None", "ebit": "6311000000", "ebitda": "7155000000", "netIncome": "5700000000"}, {"fiscalDateEnding": "2023-05-31", "reportedCurrency": "USD", "grossProfit": "22292000000", "totalRevenue": "51217000000", "costOfRevenue": "28925000000", "costofGoodsAndServicesSold": "28925000000", "operatingIncome": "5056000000", "sellingGeneralAndAdministrative": "12317000000", "researchAndDevelopment": "None", "operatingExpenses": "16377000000", "investmentIncomeNet": "None", "netInterestIncome": "6000000", "interestIncome": "6000000", "interestExpense": "286000000", "nonInterestIncome": "None", "otherNonOperatingIncome": "280000000", "depreciation": "None", "depreciationAndAmortization": "859000000", "incomeBeforeTax": "6201000000", "incomeTaxExpense": "1131000000", "interestAndDebtExpense": "None", "netIncomeFromContinuingOperations": "5070000000", "comprehensiveIncomeNetOfTax": "None", "ebit": "5915000000", "ebitda": "6774000000", "netIncome": "5070000000"}, {"fiscalDateEnding": "2022-05-31", "reportedCurrency": "USD", "grossProfit": "21479000000", "totalRevenue": "46710000000", "costOfRevenue": "25231000000", "costofGoodsAndServicesSold": "25231000000", "operatingIncome": "5835000000", "sellingGeneralAndAdministrative": "10954000000", "researchAndDevelopment": "None", "operatingExpenses": "14804000000", "investmentIncomeNet": "None", "netInterestIncome": "-205000000", "interestIncome": "205000000", "interestExpense": "292000000", "nonInterestIncome": "None", "otherNonOperatingIncome": "181000000", "depreciation": "None", "depreciationAndAmortization": "840000000", "incomeBeforeTax": "6651000000", "incomeTaxExpense": "605000000", "interestAndDebtExpense": "None", "netIncomeFromContinuingOperations": "6046000000", "comprehensiveIncomeNetOfTax": "None", "ebit": "6675000000", "ebitda": "7515000000", "netIncome": "6046000000"}, {"fiscalDateEnding": "2021-05-31", "reportedCurrency": "USD", "grossProfit": "19962000000", "totalRevenue": "44538000000", "costOfRevenue": "24576000000", "costofGoodsAndServicesSold": "24576000000", "operatingIncome": "6140000000", "sellingGeneralAndAdministrative": "9911000000", "researchAndDevelopment": "None", "operatingExpenses": "13025000000", "investmentIncomeNet": "None", "netInterestIncome": "-262000000", "interestIncome": "262000000", "interestExpense": "262000000", "nonInterestIncome": "None", "otherNonOperatingIncome": "-14000000", "depreciation": "None", "depreciationAndAmortization": "797000000", "incomeBeforeTax": "6661000000", "incomeTaxExpense": "934000000", "interestAndDebtExpense": "None", "netIncomeFromContinuingOperations": "5727000000", "comprehensiveIncomeNetOfTax": "None", "ebit": "6937000000", "ebitda": "7734000000", "netIncome": "5727000000"}, {"fiscalDateEnding": "2020-05-31", "reportedCurrency": "USD", "grossProfit": "16241000000", "totalRevenue": "37403000000", "costOfRevenue": "21162000000", "costofGoodsAndServicesSold": "21162000000", "operatingIncome": "1996000000", "sellingGeneralAndAdministrative": "9534000000", "researchAndDevelopment": "None", "operatingExpenses": "13126000000", "investmentIncomeNet": "None", "netInterestIncome": "-89000000", "interestIncome": "14000000", "interestExpense": "89000000", "nonInterestIncome": "None", "otherNonOperatingIncome": "-139000000", "depreciation": "None", "depreciationAndAmortization": "1119000000", "incomeBeforeTax": "2887000000", "incomeTaxExpense": "348000000", "interestAndDebtExpense": "None", "netIncomeFromContinuingOperations": "2539000000", "comprehensiveIncomeNetOfTax": "None", "ebit": "3115000000", "ebitda": "4234000000", "netIncome": "2539000000"}, {"fiscalDateEnding": "2019-05-31", "reportedCurrency": "USD", "grossProfit": "17474000000", "totalRevenue": "39117000000", "costOfRevenue": "21643000000", "costofGoodsAndServicesSold": "21643000000", "operatingIncome": "4052000000", "sellingGeneralAndAdministrative": "8949000000", "researchAndDevelopment": "None", "operatingExpenses": "12702000000", "investmentIncomeNet": "None", "netInterestIncome": "-49000000", "interestIncome": "124000000", "interestExpense": "49000000", "nonInterestIncome": "None", "otherNonOperatingIncome": "78000000", "depreciation": "None", "depreciationAndAmortization": "720000000", "incomeBeforeTax": "4801000000", "incomeTaxExpense": "772000000", "interestAndDebtExpense": "None", "netIncomeFromContinuingOperations": "4029000000", "comprehensiveIncomeNetOfTax": "None", "ebit": "4772000000", "ebitda": "5492000000", "netIncome": "4029000000"}, {"fiscalDateEnding": "2018-05-31", "reportedCurrency": "USD", "grossProfit": "15956000000", "totalRevenue": "36397000000", "costOfRevenue": "20441000000", "costofGoodsAndServicesSold": "20441000000", "operatingIncome": "4445000000", "sellingGeneralAndAdministrative": "7934000000", "researchAndDevelopment": "None", "operatingExpenses": "11511000000", "investmentIncomeNet": "None", "netInterestIncome": "-54000000", "interestIncome": "115000000", "interestExpense": "54000000", "nonInterestIncome": "None", "otherNonOperatingIncome": "-66000000", "depreciation": "None", "depreciationAndAmortization": "774000000", "incomeBeforeTax": "4325000000", "incomeTaxExpense": "2392000000", "interestAndDebtExpense": "None", "netIncomeFromContinuingOperations": "1933000000", "comprehensiveIncomeNetOfTax": "None", "ebit": "4445000000", "ebitda": "5219000000", "netIncome": "1933000000"}, {"fiscalDateEnding": "2017-05-31", "reportedCurrency": "USD", "grossProfit": "15312000000", "totalRevenue": "34350000000", "costOfRevenue": "19038000000", "costofGoodsAndServicesSold": "19038000000", "operatingIncome": "4749000000", "sellingGeneralAndAdministrative": "7222000000", "researchAndDevelopment": "None", "operatingExpenses": "10563000000", "investmentIncomeNet": "None", "netInterestIncome": "-59000000", "interestIncome": "94000000", "interestExpense": "59000000", "nonInterestIncome": "None", "otherNonOperatingIncome": "196000000", "depreciation": "None", "depreciationAndAmortization": "716000000", "incomeBeforeTax": "4886000000", "incomeTaxExpense": "646000000", "interestAndDebtExpense": "None", "netIncomeFromContinuingOperations": "4240000000", "comprehensiveIncomeNetOfTax": "None", "ebit": "4749000000", "ebitda": "5465000000", "netIncome": "4240000000"}, {"fiscalDateEnding": "2016-05-31", "reportedCurrency": "USD", "grossProfit": "14971000000", "totalRevenue": "32376000000", "costOfRevenue": "17405000000", "costofGoodsAndServicesSold": "17405000000", "operatingIncome": "4502000000", "sellingGeneralAndAdministrative": "7191000000", "researchAndDevelopment": "None", "operatingExpenses": "10469000000", "investmentIncomeNet": "None", "netInterestIncome": "-19000000", "interestIncome": "130000000", "interestExpense": "19000000", "nonInterestIncome": "None", "otherNonOperatingIncome": "140000000", "depreciation": "None", "depreciationAndAmortization": "662000000", "incomeBeforeTax": "4623000000", "incomeTaxExpense": "863000000", "interestAndDebtExpense": "None", "netIncomeFromContinuingOperations": "3760000000", "comprehensiveIncomeNetOfTax": "None", "ebit": "4502000000", "ebitda": "5164000000", "netIncome": "3760000000"}, {"fiscalDateEnding": "2015-05-31", "reportedCurrency": "USD", "grossProfit": "14067000000", "totalRevenue": "30601000000", "costOfRevenue": "16534000000", "costofGoodsAndServicesSold": "16534000000", "operatingIncome": "4205000000", "sellingGeneralAndAdministrative": "6679000000", "researchAndDevelopment": "None", "operatingExpenses": "9892000000", "investmentIncomeNet": "None", "netInterestIncome": "None", "interestIncome": "None", "interestExpense": "28000000", "nonInterestIncome": "None", "otherNonOperatingIncome": "58000000", "depreciation": "None", "depreciationAndAmortization": "649000000", "incomeBeforeTax": "4205000000", "incomeTaxExpense": "932000000", "interestAndDebtExpense": "None", "netIncomeFromContinuingOperations": "3273000000", "comprehensiveIncomeNetOfTax": "None", "ebit": "4175000000", "ebitda": "4824000000", "netIncome": "3273000000"}, {"fiscalDateEnding": "2014-05-31", "reportedCurrency": "USD", "grossProfit": "12446000000", "totalRevenue": "27799000000", "costOfRevenue": "15353000000", "costofGoodsAndServicesSold": "15353000000", "operatingIncome": "3544000000", "sellingGeneralAndAdministrative": "5735000000", "researchAndDevelopment": "None", "operatingExpenses": "8766000000", "investmentIncomeNet": "None", "netInterestIncome": "None", "interestIncome": "None", "interestExpense": "33000000", "nonInterestIncome": "None", "otherNonOperatingIncome": "-103000000", "depreciation": "None", "depreciationAndAmortization": "586000000", "incomeBeforeTax": "3544000000", "incomeTaxExpense": "851000000", "interestAndDebtExpense": "None", "netIncomeFromContinuingOperations": "2693000000", "comprehensiveIncomeNetOfTax": "None", "ebit": "3680000000", "ebitda": "4266000000", "netIncome": "2693000000"}, {"fiscalDateEnding": "2013-05-31", "reportedCurrency": "USD", "grossProfit": "11034000000", "totalRevenue": "25313000000", "costOfRevenue": "14279000000", "costofGoodsAndServicesSold": "14279000000", "operatingIncome": "3293000000", "sellingGeneralAndAdministrative": "5035000000", "researchAndDevelopment": "None", "operatingExpenses": "7780000000", "investmentIncomeNet": "None", "netInterestIncome": "None", "interestIncome": "None", "interestExpense": "3000000", "nonInterestIncome": "None", "otherNonOperatingIncome": "15000000", "depreciation": "None", "depreciationAndAmortization": "502000000", "incomeBeforeTax": "3272000000", "incomeTaxExpense": "808000000", "interestAndDebtExpense": "None", "netIncomeFromContinuingOperations": "2464000000", "comprehensiveIncomeNetOfTax": "None", "ebit": "3238000000", "ebitda": "3740000000", "netIncome": "2485000000"}, {"fiscalDateEnding": "2012-05-31", "reportedCurrency": "USD", "grossProfit": "10471000000", "totalRevenue": "24128000000", "costOfRevenue": "13657000000", "costofGoodsAndServicesSold": "13657000000", "operatingIncome": "3037000000", "sellingGeneralAndAdministrative": "7431000000", "researchAndDevelopment": "None", "operatingExpenses": "7431000000", "investmentIncomeNet": "None", "netInterestIncome": "None", "interestIncome": "None", "interestExpense": "37000000", "nonInterestIncome": "None", "otherNonOperatingIncome": "-54000000", "depreciation": "None", "depreciationAndAmortization": "396000000", "incomeBeforeTax": "2983000000", "incomeTaxExpense": "760000000", "interestAndDebtExpense": "None", "netIncomeFromContinuingOperations": "2223000000", "comprehensiveIncomeNetOfTax": "None", "ebit": "3069000000", "ebitda": "3465000000", "netIncome": "2223000000"}, {"fiscalDateEnding": "2011-05-31", "reportedCurrency": "USD", "grossProfit": "9508000000", "totalRevenue": "20862000000", "costOfRevenue": "11354000000", "costofGoodsAndServicesSold": "11354000000", "operatingIncome": "2811000000", "sellingGeneralAndAdministrative": "6693000000", "researchAndDevelopment": "None", "operatingExpenses": "6693000000", "investmentIncomeNet": "None", "netInterestIncome": "None", "interestIncome": "None", "interestExpense": "4000000", "nonInterestIncome": "None", "otherNonOperatingIncome": "None", "depreciation": "None", "depreciationAndAmortization": "358000000", "incomeBeforeTax": "2844000000", "incomeTaxExpense": "711000000", "interestAndDebtExpense": "None", "netIncomeFromContinuingOperations": "2133000000", "comprehensiveIncomeNetOfTax": "None", "ebit": "2841000000", "ebitda": "3199000000", "netIncome": "2133000000"}, {"fiscalDateEnding": "2010-05-31", "reportedCurrency": "USD", "grossProfit": "8800400000", "totalRevenue": "19014000000", "costOfRevenue": "10213600000", "costofGoodsAndServicesSold": "10213600000", "operatingIncome": "2474000000", "sellingGeneralAndAdministrative": "6326400000", "researchAndDevelopment": "None", "operatingExpenses": "6326400000", "investmentIncomeNet": "None", "netInterestIncome": "None", "interestIncome": "None", "interestExpense": "6300000", "nonInterestIncome": "None", "otherNonOperatingIncome": "None", "depreciation": "None", "depreciationAndAmortization": "396000000", "incomeBeforeTax": "2516900000", "incomeTaxExpense": "610200000", "interestAndDebtExpense": "None", "netIncomeFromContinuingOperations": "1906700000", "comprehensiveIncomeNetOfTax": "None", "ebit": "2474000000", "ebitda": "2870000000", "netIncome": "1906700000"}, {"fiscalDateEnding": "2009-05-31", "reportedCurrency": "USD", "grossProfit": "8604400000", "totalRevenue": "19176100000", "costOfRevenue": "10571700000", "costofGoodsAndServicesSold": "10571700000", "operatingIncome": "2454800000", "sellingGeneralAndAdministrative": "6149600000", "researchAndDevelopment": "None", "operatingExpenses": "6149600000", "investmentIncomeNet": "None", "netInterestIncome": "None", "interestIncome": "None", "interestExpense": "0", "nonInterestIncome": "None", "otherNonOperatingIncome": "None", "depreciation": "None", "depreciationAndAmortization": "383300000", "incomeBeforeTax": "1956500000", "incomeTaxExpense": "469800000", "interestAndDebtExpense": "None", "netIncomeFromContinuingOperations": "None", "comprehensiveIncomeNetOfTax": "None", "ebit": "2454800000", "ebitda": "2838100000", "netIncome": "1486700000"}, {"fiscalDateEnding": "2008-05-31", "reportedCurrency": "USD", "grossProfit": "8387400000", "totalRevenue": "18627000000", "costOfRevenue": "10239600000", "costofGoodsAndServicesSold": "10239600000", "operatingIncome": "2502900000", "sellingGeneralAndAdministrative": "5953700000", "researchAndDevelopment": "None", "operatingExpenses": "5953700000", "investmentIncomeNet": "None", "netInterestIncome": "None", "interestIncome": "None", "interestExpense": "38700000", "nonInterestIncome": "None", "otherNonOperatingIncome": "None", "depreciation": "None", "depreciationAndAmortization": "321500000", "incomeBeforeTax": "2502900000", "incomeTaxExpense": "619500000", "interestAndDebtExpense": "None", "netIncomeFromContinuingOperations": "None", "comprehensiveIncomeNetOfTax": "None", "ebit": "2433700000", "ebitda": "2755200000", "netIncome": "1883400000"}, {"fiscalDateEnding": "2007-05-31", "reportedCurrency": "USD", "grossProfit": "7160500000", "totalRevenue": "16325900000", "costOfRevenue": "9165400000", "costofGoodsAndServicesSold": "9165400000", "operatingIncome": "2199900000", "sellingGeneralAndAdministrative": "5028700000", "researchAndDevelopment": "None", "operatingExpenses": "5028700000", "investmentIncomeNet": "None", "netInterestIncome": "None", "interestIncome": "None", "interestExpense": "0", "nonInterestIncome": "None", "otherNonOperatingIncome": "None", "depreciation": "None", "depreciationAndAmortization": "270200000", "incomeBeforeTax": "2199900000", "incomeTaxExpense": "708400000", "interestAndDebtExpense": "None", "netIncomeFromContinuingOperations": "None", "comprehensiveIncomeNetOfTax": "None", "ebit": "2131800000", "ebitda": "2402000000", "netIncome": "1491500000"}, {"fiscalDateEnding": "2006-05-31", "reportedCurrency": "USD", "grossProfit": "6587000000", "totalRevenue": "14954900000", "costOfRevenue": "8367900000", "costofGoodsAndServicesSold": "8367900000", "operatingIncome": "2109200000", "sellingGeneralAndAdministrative": "4477800000", "researchAndDevelopment": "None", "operatingExpenses": "4477800000", "investmentIncomeNet": "None", "netInterestIncome": "None", "interestIncome": "None", "interestExpense": "36800000", "nonInterestIncome": "None", "otherNonOperatingIncome": "None", "depreciation": "None", "depreciationAndAmortization": "290900000", "incomeBeforeTax": "2141600000", "incomeTaxExpense": "749600000", "interestAndDebtExpense": "None", "netIncomeFromContinuingOperations": "None", "comprehensiveIncomeNetOfTax": "None", "ebit": "2109200000", "ebitda": "2400100000", "netIncome": "1392000000"}, {"fiscalDateEnding": "2005-05-31", "reportedCurrency": "USD", "grossProfit": "6115400000", "totalRevenue": "13739700000", "costOfRevenue": "7624300000", "costofGoodsAndServicesSold": "7624300000", "operatingIncome": "1859800000", "sellingGeneralAndAdministrative": "4221700000", "researchAndDevelopment": "None", "operatingExpenses": "4221700000", "investmentIncomeNet": "None", "netInterestIncome": "None", "interestIncome": "None", "interestExpense": "0", "nonInterestIncome": "None", "otherNonOperatingIncome": "None", "depreciation": "None", "depreciationAndAmortization": "287700000", "incomeBeforeTax": "1859800000", "incomeTaxExpense": "648200000", "interestAndDebtExpense": "None", "netIncomeFromContinuingOperations": "None", "comprehensiveIncomeNetOfTax": "None", "ebit": "1893700000", "ebitda": "2181400000", "netIncome": "1211600000"}], "quarterlyReports": [{"fiscalDateEnding": "2025-02-28", "reportedCurrency": "USD", "grossProfit": "4675000000", "totalRevenue": "11269000000", "costOfRevenue": "6594000000", "costofGoodsAndServicesSold": "6594000000", "operatingIncome": "788000000", "sellingGeneralAndAdministrative": "2799000000", "researchAndDevelopment": "None", "operatingExpenses": "3887000000", "investmentIncomeNet": "None", "netInterestIncome": "18000000", "interestIncome": "None", "interestExpense": "18000000", "nonInterestIncome": "None", "otherNonOperatingIncome": "None", "depreciation": "None", "depreciationAndAmortization": "-368000000", "incomeBeforeTax": "844000000", "incomeTaxExpense": "50000000", "interestAndDebtExpense": "None", "netIncomeFromContinuingOperations": "794000000", "comprehensiveIncomeNetOfTax": "None", "ebit": "826000000", "ebitda": "458000000", "netIncome": "794000000"}, {"fiscalDateEnding": "2024-11-30", "reportedCurrency": "USD", "grossProfit": "5389000000", "totalRevenue": "12354000000", "costOfRevenue": "6965000000", "costofGoodsAndServicesSold": "6965000000", "operatingIncome": "1384000000", "sellingGeneralAndAdministrative": "2883000000", "researchAndDevelopment": "None", "operatingExpenses": "4005000000", "investmentIncomeNet": "None", "netInterestIncome": "24000000", "interestIncome": "None", "interestExpense": "67000000", "nonInterestIncome": "None", "otherNonOperatingIncome": "None", "depreciation": "None", "depreciationAndAmortization": "184000000", "incomeBeforeTax": "1416000000", "incomeTaxExpense": "253000000", "interestAndDebtExpense": "None", "netIncomeFromContinuingOperations": "1163000000", "comprehensiveIncomeNetOfTax": "None", "ebit": "981000000", "ebitda": "1165000000", "netIncome": "1163000000"}, {"fiscalDateEnding": "2024-08-31", "reportedCurrency": "USD", "grossProfit": "5257000000", "totalRevenue": "11589000000", "costOfRevenue": "6332000000", "costofGoodsAndServicesSold": "6332000000", "operatingIncome": "1209000000", "sellingGeneralAndAdministrative": "2822000000", "researchAndDevelopment": "None", "operatingExpenses": "4048000000", "investmentIncomeNet": "None", "netInterestIncome": "43000000", "interestIncome": "None", "interestExpense": "43000000", "nonInterestIncome": "None", "otherNonOperatingIncome": "None", "depreciation": "None", "depreciationAndAmortization": "184000000", "incomeBeforeTax": "1307000000", "incomeTaxExpense": "256000000", "interestAndDebtExpense": "None", "netIncomeFromContinuingOperations": "1051000000", "comprehensiveIncomeNetOfTax": "None", "ebit": "1209000000", "ebitda": "1393000000", "netIncome": "1051000000"}, {"fiscalDateEnding": "2024-05-31", "reportedCurrency": "USD", "grossProfit": "5634000000", "totalRevenue": "12606000000", "costOfRevenue": "6972000000", "costofGoodsAndServicesSold": "6972000000", "operatingIncome": "1585000000", "sellingGeneralAndAdministrative": "2958000000", "researchAndDevelopment": "None", "operatingExpenses": "3961000000", "investmentIncomeNet": "None", "netInterestIncome": "53000000", "interestIncome": "None", "interestExpense": "None", "nonInterestIncome": "None", "otherNonOperatingIncome": "None", "depreciation": "None", "depreciationAndAmortization": "204000000", "incomeBeforeTax": "1726000000", "incomeTaxExpense": "226000000", "interestAndDebtExpense": "None", "netIncomeFromContinuingOperations": "1500000000", "comprehensiveIncomeNetOfTax": "None", "ebit": "1546000000", "ebitda": "1750000000", "netIncome": "1500000000"}, {"fiscalDateEnding": "2024-02-29", "reportedCurrency": "USD", "grossProfit": "5562000000", "totalRevenue": "12429000000", "costOfRevenue": "6867000000", "costofGoodsAndServicesSold": "6867000000", "operatingIncome": "1336000000", "sellingGeneralAndAdministrative": "3215000000", "researchAndDevelopment": "None", "operatingExpenses": "4210000000", "investmentIncomeNet": "None", "netInterestIncome": "52000000", "interestIncome": "None", "interestExpense": "52000000", "nonInterestIncome": "None", "otherNonOperatingIncome": "None", "depreciation": "None", "depreciationAndAmortization": "270000000", "incomeBeforeTax": "1404000000", "incomeTaxExpense": "232000000", "interestAndDebtExpense": "None", "netIncomeFromContinuingOperations": "1172000000", "comprehensiveIncomeNetOfTax": "None", "ebit": "1336000000", "ebitda": "1606000000", "netIncome": "1172000000"}, {"fiscalDateEnding": "2023-11-30", "reportedCurrency": "USD", "grossProfit": "5971000000", "totalRevenue": "13388000000", "costOfRevenue": "7417000000", "costofGoodsAndServicesSold": "7417000000", "operatingIncome": "1825000000", "sellingGeneralAndAdministrative": "3032000000", "researchAndDevelopment": "None", "operatingExpenses": "4071000000", "investmentIncomeNet": "None", "netInterestIncome": "22000000", "interestIncome": "None", "interestExpense": "22000000", "nonInterestIncome": "None", "otherNonOperatingIncome": "None", "depreciation": "None", "depreciationAndAmortization": "184000000", "incomeBeforeTax": "1922000000", "incomeTaxExpense": "344000000", "interestAndDebtExpense": "None", "netIncomeFromContinuingOperations": "1578000000", "comprehensiveIncomeNetOfTax": "None", "ebit": "1825000000", "ebitda": "2009000000", "netIncome": "1578000000"}, {"fiscalDateEnding": "2023-08-31", "reportedCurrency": "USD", "grossProfit": "5720000000", "totalRevenue": "12939000000", "costOfRevenue": "7219000000", "costofGoodsAndServicesSold": "7219000000", "operatingIncome": "1604000000", "sellingGeneralAndAdministrative": "3047000000", "researchAndDevelopment": "None", "operatingExpenses": "4106000000", "investmentIncomeNet": "None", "netInterestIncome": "34000000", "interestIncome": "34000000", "interestExpense": "34000000", "nonInterestIncome": "None", "otherNonOperatingIncome": "None", "depreciation": "None", "depreciationAndAmortization": "186000000", "incomeBeforeTax": "1648000000", "incomeTaxExpense": "198000000", "interestAndDebtExpense": "None", "netIncomeFromContinuingOperations": "1450000000", "comprehensiveIncomeNetOfTax": "None", "ebit": "1604000000", "ebitda": "1790000000", "netIncome": "1450000000"}, {"fiscalDateEnding": "2023-05-31", "reportedCurrency": "USD", "grossProfit": "5595000000", "totalRevenue": "12825000000", "costOfRevenue": "7230000000", "costofGoodsAndServicesSold": "7230000000", "operatingIncome": "985000000", "sellingGeneralAndAdministrative": "3282000000", "researchAndDevelopment": "None", "operatingExpenses": "4374000000", "investmentIncomeNet": "None", "netInterestIncome": "28000000", "interestIncome": "28000000", "interestExpense": "25000000", "nonInterestIncome": "None", "otherNonOperatingIncome": "-3000000", "depreciation": "None", "depreciationAndAmortization": "236000000", "incomeBeforeTax": "1246000000", "incomeTaxExpense": "215000000", "interestAndDebtExpense": "None", "netIncomeFromContinuingOperations": "1031000000", "comprehensiveIncomeNetOfTax": "None", "ebit": "1221000000", "ebitda": "1457000000", "netIncome": "1031000000"}, {"fiscalDateEnding": "2023-02-28", "reportedCurrency": "USD", "grossProfit": "5371000000", "totalRevenue": "12390000000", "costOfRevenue": "7019000000", "costofGoodsAndServicesSold": "7019000000", "operatingIncome": "1268000000", "sellingGeneralAndAdministrative": "2584000000", "researchAndDevelopment": "None", "operatingExpenses": "3959000000", "investmentIncomeNet": "None", "netInterestIncome": "7000000", "interestIncome": "7000000", "interestExpense": "65000000", "nonInterestIncome": "None", "otherNonOperatingIncome": "58000000", "depreciation": "None", "depreciationAndAmortization": "144000000", "incomeBeforeTax": "1477000000", "incomeTaxExpense": "237000000", "interestAndDebtExpense": "None", "netIncomeFromContinuingOperations": "1240000000", "comprehensiveIncomeNetOfTax": "None", "ebit": "1412000000", "ebitda": "1556000000", "netIncome": "1240000000"}, {"fiscalDateEnding": "2022-11-30", "reportedCurrency": "USD", "grossProfit": "5711000000", "totalRevenue": "13315000000", "costOfRevenue": "7604000000", "costofGoodsAndServicesSold": "7604000000", "operatingIncome": "1587000000", "sellingGeneralAndAdministrative": "3022000000", "researchAndDevelopment": "None", "operatingExpenses": "4124000000", "investmentIncomeNet": "None", "netInterestIncome": "-16000000", "interestIncome": "16000000", "interestExpense": "16000000", "nonInterestIncome": "None", "otherNonOperatingIncome": "79000000", "depreciation": "None", "depreciationAndAmortization": "319000000", "incomeBeforeTax": "1650000000", "incomeTaxExpense": "319000000", "interestAndDebtExpense": "None", "netIncomeFromContinuingOperations": "1331000000", "comprehensiveIncomeNetOfTax": "None", "ebit": "1587000000", "ebitda": "1906000000", "netIncome": "1331000000"}, {"fiscalDateEnding": "2022-08-31", "reportedCurrency": "USD", "grossProfit": "5615000000", "totalRevenue": "12687000000", "costOfRevenue": "7072000000", "costofGoodsAndServicesSold": "7072000000", "operatingIncome": "1535000000", "sellingGeneralAndAdministrative": "2977000000", "researchAndDevelopment": "None", "operatingExpenses": "3920000000", "investmentIncomeNet": "None", "netInterestIncome": "-13000000", "interestIncome": "13000000", "interestExpense": "13000000", "nonInterestIncome": "None", "otherNonOperatingIncome": "146000000", "depreciation": "None", "depreciationAndAmortization": "160000000", "incomeBeforeTax": "1828000000", "incomeTaxExpense": "360000000", "interestAndDebtExpense": "None", "netIncomeFromContinuingOperations": "1468000000", "comprehensiveIncomeNetOfTax": "None", "ebit": "1695000000", "ebitda": "1855000000", "netIncome": "1468000000"}, {"fiscalDateEnding": "2022-05-31", "reportedCurrency": "USD", "grossProfit": "5503000000", "totalRevenue": "12234000000", "costOfRevenue": "6731000000", "costofGoodsAndServicesSold": "6731000000", "operatingIncome": "1172000000", "sellingGeneralAndAdministrative": "2974000000", "researchAndDevelopment": "None", "operatingExpenses": "4035000000", "investmentIncomeNet": "None", "netInterestIncome": "-40000000", "interestIncome": "40000000", "interestExpense": "40000000", "nonInterestIncome": "None", "otherNonOperatingIncome": "-54000000", "depreciation": "None", "depreciationAndAmortization": "296000000", "incomeBeforeTax": "1374000000", "incomeTaxExpense": "-65000000", "interestAndDebtExpense": "None", "netIncomeFromContinuingOperations": "1439000000", "comprehensiveIncomeNetOfTax": "None", "ebit": "1468000000", "ebitda": "1764000000", "netIncome": "1439000000"}, {"fiscalDateEnding": "2022-02-28", "reportedCurrency": "USD", "grossProfit": "5067000000", "totalRevenue": "10871000000", "costOfRevenue": "5804000000", "costofGoodsAndServicesSold": "5804000000", "operatingIncome": "1446000000", "sellingGeneralAndAdministrative": "2584000000", "researchAndDevelopment": "None", "operatingExpenses": "3438000000", "investmentIncomeNet": "None", "netInterestIncome": "-53000000", "interestIncome": "53000000", "interestExpense": "53000000", "nonInterestIncome": "None", "otherNonOperatingIncome": "94000000", "depreciation": "None", "depreciationAndAmortization": "183000000", "incomeBeforeTax": "1670000000", "incomeTaxExpense": "274000000", "interestAndDebtExpense": "None", "netIncomeFromContinuingOperations": "1396000000", "comprehensiveIncomeNetOfTax": "None", "ebit": "1629000000", "ebitda": "1812000000", "netIncome": "1396000000"}, {"fiscalDateEnding": "2021-11-30", "reportedCurrency": "USD", "grossProfit": "5213000000", "totalRevenue": "11357000000", "costOfRevenue": "6144000000", "costofGoodsAndServicesSold": "6144000000", "operatingIncome": "1501000000", "sellingGeneralAndAdministrative": "2742000000", "researchAndDevelopment": "None", "operatingExpenses": "3759000000", "investmentIncomeNet": "None", "netInterestIncome": "-55000000", "interestIncome": "55000000", "interestExpense": "55000000", "nonInterestIncome": "None", "otherNonOperatingIncome": "102000000", "depreciation": "None", "depreciationAndAmortization": "193000000", "incomeBeforeTax": "1501000000", "incomeTaxExpense": "164000000", "interestAndDebtExpense": "None", "netIncomeFromContinuingOperations": "1337000000", "comprehensiveIncomeNetOfTax": "None", "ebit": "1454000000", "ebitda": "1647000000", "netIncome": "1337000000"}, {"fiscalDateEnding": "2021-08-31", "reportedCurrency": "USD", "grossProfit": "5696000000", "totalRevenue": "12248000000", "costOfRevenue": "6552000000", "costofGoodsAndServicesSold": "6552000000", "operatingIncome": "2106000000", "sellingGeneralAndAdministrative": "2654000000", "researchAndDevelopment": "None", "operatingExpenses": "3572000000", "investmentIncomeNet": "None", "netInterestIncome": "-57000000", "interestIncome": "57000000", "interestExpense": "57000000", "nonInterestIncome": "None", "otherNonOperatingIncome": "39000000", "depreciation": "None", "depreciationAndAmortization": "168000000", "incomeBeforeTax": "2106000000", "incomeTaxExpense": "232000000", "interestAndDebtExpense": "None", "netIncomeFromContinuingOperations": "1874000000", "comprehensiveIncomeNetOfTax": "None", "ebit": "2124000000", "ebitda": "2292000000", "netIncome": "1874000000"}, {"fiscalDateEnding": "2021-05-31", "reportedCurrency": "USD", "grossProfit": "5655000000", "totalRevenue": "12344000000", "costOfRevenue": "6689000000", "costofGoodsAndServicesSold": "6689000000", "operatingIncome": "1913000000", "sellingGeneralAndAdministrative": "2745000000", "researchAndDevelopment": "None", "operatingExpenses": "3742000000", "investmentIncomeNet": "None", "netInterestIncome": "-63000000", "interestIncome": "63000000", "interestExpense": "63000000", "nonInterestIncome": "None", "otherNonOperatingIncome": "4000000", "depreciation": "None", "depreciationAndAmortization": "221000000", "incomeBeforeTax": "1854000000", "incomeTaxExpense": "345000000", "interestAndDebtExpense": "None", "netIncomeFromContinuingOperations": "1509000000", "comprehensiveIncomeNetOfTax": "None", "ebit": "1913000000", "ebitda": "2134000000", "netIncome": "1509000000"}, {"fiscalDateEnding": "2021-02-28", "reportedCurrency": "USD", "grossProfit": "4719000000", "totalRevenue": "10357000000", "costOfRevenue": "5638000000", "costofGoodsAndServicesSold": "5638000000", "operatingIncome": "1636000000", "sellingGeneralAndAdministrative": "2330000000", "researchAndDevelopment": "None", "operatingExpenses": "3041000000", "investmentIncomeNet": "None", "netInterestIncome": "-64000000", "interestIncome": "64000000", "interestExpense": "64000000", "nonInterestIncome": "None", "otherNonOperatingIncome": "22000000", "depreciation": "None", "depreciationAndAmortization": "112000000", "incomeBeforeTax": "1636000000", "incomeTaxExpense": "187000000", "interestAndDebtExpense": "None", "netIncomeFromContinuingOperations": "1449000000", "comprehensiveIncomeNetOfTax": "None", "ebit": "1678000000", "ebitda": "1790000000", "netIncome": "1449000000"}, {"fiscalDateEnding": "2020-11-30", "reportedCurrency": "USD", "grossProfit": "4847000000", "totalRevenue": "11243000000", "costOfRevenue": "6396000000", "costofGoodsAndServicesSold": "6396000000", "operatingIncome": "1580000000", "sellingGeneralAndAdministrative": "2538000000", "researchAndDevelopment": "None", "operatingExpenses": "3267000000", "investmentIncomeNet": "None", "netInterestIncome": "-70000000", "interestIncome": "70000000", "interestExpense": "70000000", "nonInterestIncome": "None", "otherNonOperatingIncome": "-54000000", "depreciation": "None", "depreciationAndAmortization": "247000000", "incomeBeforeTax": "1456000000", "incomeTaxExpense": "205000000", "interestAndDebtExpense": "None", "netIncomeFromContinuingOperations": "1251000000", "comprehensiveIncomeNetOfTax": "None", "ebit": "1580000000", "ebitda": "1827000000", "netIncome": "1251000000"}, {"fiscalDateEnding": "2020-08-31", "reportedCurrency": "USD", "grossProfit": "4741000000", "totalRevenue": "10594000000", "costOfRevenue": "5853000000", "costofGoodsAndServicesSold": "5853000000", "operatingIncome": "1715000000", "sellingGeneralAndAdministrative": "2298000000", "researchAndDevelopment": "None", "operatingExpenses": "2975000000", "investmentIncomeNet": "None", "netInterestIncome": "-65000000", "interestIncome": "65000000", "interestExpense": "65000000", "nonInterestIncome": "None", "otherNonOperatingIncome": "14000000", "depreciation": "None", "depreciationAndAmortization": "217000000", "incomeBeforeTax": "1715000000", "incomeTaxExpense": "197000000", "interestAndDebtExpense": "None", "netIncomeFromContinuingOperations": "1518000000", "comprehensiveIncomeNetOfTax": "None", "ebit": "1766000000", "ebitda": "1983000000", "netIncome": "1518000000"}, {"fiscalDateEnding": "2020-05-31", "reportedCurrency": "USD", "grossProfit": "2353000000", "totalRevenue": "6313000000", "costOfRevenue": "3960000000", "costofGoodsAndServicesSold": "3960000000", "operatingIncome": "-804000000", "sellingGeneralAndAdministrative": "2368000000", "researchAndDevelopment": "None", "operatingExpenses": "3191000000", "investmentIncomeNet": "None", "netInterestIncome": "-50000000", "interestIncome": "41000000", "interestExpense": "50000000", "nonInterestIncome": "None", "otherNonOperatingIncome": "84000000", "depreciation": "None", "depreciationAndAmortization": "223000000", "incomeBeforeTax": "-804000000", "incomeTaxExpense": "-14000000", "interestAndDebtExpense": "None", "netIncomeFromContinuingOperations": "-790000000", "comprehensiveIncomeNetOfTax": "None", "ebit": "-838000000", "ebitda": "-615000000", "netIncome": "-790000000"}, {"fiscalDateEnding": "2020-02-29", "reportedCurrency": "USD", "grossProfit": "4473000000", "totalRevenue": "10104000000", "costOfRevenue": "5631000000", "costofGoodsAndServicesSold": "5631000000", "operatingIncome": "881000000", "sellingGeneralAndAdministrative": "2413000000", "researchAndDevelopment": "None", "operatingExpenses": "3283000000", "investmentIncomeNet": "None", "netInterestIncome": "-12000000", "interestIncome": "2000000", "interestExpense": "12000000", "nonInterestIncome": "None", "otherNonOperatingIncome": "-297000000", "depreciation": "None", "depreciationAndAmortization": "534000000", "incomeBeforeTax": "881000000", "incomeTaxExpense": "34000000", "interestAndDebtExpense": "None", "netIncomeFromContinuingOperations": "847000000", "comprehensiveIncomeNetOfTax": "None", "ebit": "1190000000", "ebitda": "1724000000", "netIncome": "847000000"}, {"fiscalDateEnding": "2019-11-30", "reportedCurrency": "USD", "grossProfit": "4544000000", "totalRevenue": "10326000000", "costOfRevenue": "5782000000", "costofGoodsAndServicesSold": "5782000000", "operatingIncome": "1220000000", "sellingGeneralAndAdministrative": "2443000000", "researchAndDevelopment": "None", "operatingExpenses": "3324000000", "investmentIncomeNet": "None", "netInterestIncome": "-12000000", "interestIncome": "37000000", "interestExpense": "12000000", "nonInterestIncome": "None", "otherNonOperatingIncome": "41000000", "depreciation": "None", "depreciationAndAmortization": "187000000", "incomeBeforeTax": "1249000000", "incomeTaxExpense": "134000000", "interestAndDebtExpense": "None", "netIncomeFromContinuingOperations": "1115000000", "comprehensiveIncomeNetOfTax": "None", "ebit": "1220000000", "ebitda": "1407000000", "netIncome": "1115000000"}, {"fiscalDateEnding": "2019-08-31", "reportedCurrency": "USD", "grossProfit": "4871000000", "totalRevenue": "10660000000", "costOfRevenue": "5789000000", "costofGoodsAndServicesSold": "5789000000", "operatingIncome": "1561000000", "sellingGeneralAndAdministrative": "2310000000", "researchAndDevelopment": "None", "operatingExpenses": "3328000000", "investmentIncomeNet": "None", "netInterestIncome": "-15000000", "interestIncome": "16000000", "interestExpense": "15000000", "nonInterestIncome": "None", "otherNonOperatingIncome": "33000000", "depreciation": "None", "depreciationAndAmortization": "175000000", "incomeBeforeTax": "1561000000", "incomeTaxExpense": "194000000", "interestAndDebtExpense": "None", "netIncomeFromContinuingOperations": "1367000000", "comprehensiveIncomeNetOfTax": "None", "ebit": "1543000000", "ebitda": "1718000000", "netIncome": "1367000000"}, {"fiscalDateEnding": "2019-05-31", "reportedCurrency": "USD", "grossProfit": "4633000000", "totalRevenue": "10184000000", "costOfRevenue": "5551000000", "costofGoodsAndServicesSold": "5551000000", "operatingIncome": "1243000000", "sellingGeneralAndAdministrative": "2392000000", "researchAndDevelopment": "None", "operatingExpenses": "3406000000", "investmentIncomeNet": "None", "netInterestIncome": "-12000000", "interestIncome": "30000000", "interestExpense": "12000000", "nonInterestIncome": "None", "otherNonOperatingIncome": "28000000", "depreciation": "None", "depreciationAndAmortization": "184000000", "incomeBeforeTax": "1243000000", "incomeTaxExpense": "254000000", "interestAndDebtExpense": "None", "netIncomeFromContinuingOperations": "989000000", "comprehensiveIncomeNetOfTax": "None", "ebit": "1227000000", "ebitda": "1411000000", "netIncome": "989000000"}, {"fiscalDateEnding": "2019-02-28", "reportedCurrency": "USD", "grossProfit": "4339000000", "totalRevenue": "9611000000", "costOfRevenue": "5272000000", "costofGoodsAndServicesSold": "5272000000", "operatingIncome": "1291000000", "sellingGeneralAndAdministrative": "2226000000", "researchAndDevelopment": "0", "operatingExpenses": "3091000000", "investmentIncomeNet": "None", "netInterestIncome": "-12000000", "interestIncome": "None", "interestExpense": "12000000", "nonInterestIncome": "None", "otherNonOperatingIncome": "55000000", "depreciation": "None", "depreciationAndAmortization": "177000000", "incomeBeforeTax": "1291000000", "incomeTaxExpense": "190000000", "interestAndDebtExpense": "None", "netIncomeFromContinuingOperations": "1101000000", "comprehensiveIncomeNetOfTax": "None", "ebit": "1248000000", "ebitda": "1425000000", "netIncome": "1101000000"}, {"fiscalDateEnding": "2018-11-30", "reportedCurrency": "USD", "grossProfit": "4105000000", "totalRevenue": "9374000000", "costOfRevenue": "5269000000", "costofGoodsAndServicesSold": "5269000000", "operatingIncome": "997000000", "sellingGeneralAndAdministrative": "2232000000", "researchAndDevelopment": "0", "operatingExpenses": "3142000000", "investmentIncomeNet": "None", "netInterestIncome": "None", "interestIncome": "None", "interestExpense": "14000000", "nonInterestIncome": "None", "otherNonOperatingIncome": "48000000", "depreciation": "None", "depreciationAndAmortization": "178000000", "incomeBeforeTax": "997000000", "incomeTaxExpense": "150000000", "interestAndDebtExpense": "None", "netIncomeFromContinuingOperations": "847000000", "comprehensiveIncomeNetOfTax": "None", "ebit": "963000000", "ebitda": "1141000000", "netIncome": "847000000"}, {"fiscalDateEnding": "2018-08-31", "reportedCurrency": "USD", "grossProfit": "4397000000", "totalRevenue": "9948000000", "costOfRevenue": "5551000000", "costofGoodsAndServicesSold": "5551000000", "operatingIncome": "1270000000", "sellingGeneralAndAdministrative": "2099000000", "researchAndDevelopment": "0", "operatingExpenses": "3063000000", "investmentIncomeNet": "None", "netInterestIncome": "None", "interestIncome": "None", "interestExpense": "11000000", "nonInterestIncome": "None", "otherNonOperatingIncome": "-53000000", "depreciation": "None", "depreciationAndAmortization": "181000000", "incomeBeforeTax": "1270000000", "incomeTaxExpense": "178000000", "interestAndDebtExpense": "None", "netIncomeFromContinuingOperations": "1092000000", "comprehensiveIncomeNetOfTax": "None", "ebit": "1334000000", "ebitda": "1515000000", "netIncome": "1092000000"}, {"fiscalDateEnding": "2018-05-31", "reportedCurrency": "USD", "grossProfit": "4378000000", "totalRevenue": "9789000000", "costOfRevenue": "5411000000", "costofGoodsAndServicesSold": "5411000000", "operatingIncome": "1258000000", "sellingGeneralAndAdministrative": "2137000000", "researchAndDevelopment": "0", "operatingExpenses": "3120000000", "investmentIncomeNet": "None", "netInterestIncome": "None", "interestIncome": "None", "interestExpense": "12000000", "nonInterestIncome": "None", "otherNonOperatingIncome": "-31000000", "depreciation": "None", "depreciationAndAmortization": "200000000", "incomeBeforeTax": "1215000000", "incomeTaxExpense": "78000000", "interestAndDebtExpense": "None", "netIncomeFromContinuingOperations": "1137000000", "comprehensiveIncomeNetOfTax": "None", "ebit": "1258000000", "ebitda": "1458000000", "netIncome": "1137000000"}, {"fiscalDateEnding": "2018-02-28", "reportedCurrency": "USD", "grossProfit": "3938000000", "totalRevenue": "8984000000", "costOfRevenue": "5046000000", "costofGoodsAndServicesSold": "5046000000", "operatingIncome": "1159000000", "sellingGeneralAndAdministrative": "1905000000", "researchAndDevelopment": "0", "operatingExpenses": "2767000000", "investmentIncomeNet": "None", "netInterestIncome": "None", "interestIncome": "None", "interestExpense": "13000000", "nonInterestIncome": "None", "otherNonOperatingIncome": "1000000", "depreciation": "None", "depreciationAndAmortization": "198000000", "incomeBeforeTax": "1159000000", "incomeTaxExpense": "2080000000", "interestAndDebtExpense": "None", "netIncomeFromContinuingOperations": "-921000000", "comprehensiveIncomeNetOfTax": "None", "ebit": "1171000000", "ebitda": "1369000000", "netIncome": "-921000000"}, {"fiscalDateEnding": "2017-11-30", "reportedCurrency": "USD", "grossProfit": "3678000000", "totalRevenue": "8554000000", "costOfRevenue": "4876000000", "costofGoodsAndServicesSold": "4876000000", "operatingIncome": "879000000", "sellingGeneralAndAdministrative": "1891000000", "researchAndDevelopment": "0", "operatingExpenses": "2768000000", "investmentIncomeNet": "None", "netInterestIncome": "None", "interestIncome": "None", "interestExpense": "13000000", "nonInterestIncome": "None", "otherNonOperatingIncome": "-18000000", "depreciation": "None", "depreciationAndAmortization": "191000000", "incomeBeforeTax": "879000000", "incomeTaxExpense": "112000000", "interestAndDebtExpense": "None", "netIncomeFromContinuingOperations": "767000000", "comprehensiveIncomeNetOfTax": "None", "ebit": "910000000", "ebitda": "1101000000", "netIncome": "767000000"}, {"fiscalDateEnding": "2017-08-31", "reportedCurrency": "USD", "grossProfit": "3962000000", "totalRevenue": "9070000000", "costOfRevenue": "5108000000", "costofGoodsAndServicesSold": "5108000000", "operatingIncome": "1072000000", "sellingGeneralAndAdministrative": "2001000000", "researchAndDevelopment": "0", "operatingExpenses": "2856000000", "investmentIncomeNet": "None", "netInterestIncome": "None", "interestIncome": "None", "interestExpense": "16000000", "nonInterestIncome": "None", "otherNonOperatingIncome": "-18000000", "depreciation": "None", "depreciationAndAmortization": "185000000", "incomeBeforeTax": "1072000000", "incomeTaxExpense": "122000000", "interestAndDebtExpense": "None", "netIncomeFromContinuingOperations": "950000000", "comprehensiveIncomeNetOfTax": "None", "ebit": "1106000000", "ebitda": "1291000000", "netIncome": "950000000"}, {"fiscalDateEnding": "2017-05-31", "reportedCurrency": "USD", "grossProfit": "3823000000", "totalRevenue": "8677000000", "costOfRevenue": "4854000000", "costofGoodsAndServicesSold": "4854000000", "operatingIncome": "1158000000", "sellingGeneralAndAdministrative": "1876000000", "researchAndDevelopment": "0", "operatingExpenses": "2665000000", "investmentIncomeNet": "None", "netInterestIncome": "None", "interestIncome": "None", "interestExpense": "18000000", "nonInterestIncome": "None", "otherNonOperatingIncome": "28000000", "depreciation": "None", "depreciationAndAmortization": "188000000", "incomeBeforeTax": "1168000000", "incomeTaxExpense": "160000000", "interestAndDebtExpense": "None", "netIncomeFromContinuingOperations": "1008000000", "comprehensiveIncomeNetOfTax": "None", "ebit": "1158000000", "ebitda": "1346000000", "netIncome": "1008000000"}, {"fiscalDateEnding": "2017-02-28", "reportedCurrency": "USD", "grossProfit": "3750000000", "totalRevenue": "8432000000", "costOfRevenue": "4682000000", "costofGoodsAndServicesSold": "4682000000", "operatingIncome": "1323000000", "sellingGeneralAndAdministrative": "1747000000", "researchAndDevelopment": "0", "operatingExpenses": "2496000000", "investmentIncomeNet": "None", "netInterestIncome": "None", "interestIncome": "None", "interestExpense": "19000000", "nonInterestIncome": "None", "otherNonOperatingIncome": "88000000", "depreciation": "None", "depreciationAndAmortization": "170000000", "incomeBeforeTax": "1323000000", "incomeTaxExpense": "182000000", "interestAndDebtExpense": "None", "netIncomeFromContinuingOperations": "1141000000", "comprehensiveIncomeNetOfTax": "None", "ebit": "1254000000", "ebitda": "1424000000", "netIncome": "1141000000"}, {"fiscalDateEnding": "2016-11-30", "reportedCurrency": "USD", "grossProfit": "3616000000", "totalRevenue": "8180000000", "costOfRevenue": "4564000000", "costofGoodsAndServicesSold": "4564000000", "operatingIncome": "1114000000", "sellingGeneralAndAdministrative": "1743000000", "researchAndDevelopment": "0", "operatingExpenses": "2505000000", "investmentIncomeNet": "None", "netInterestIncome": "None", "interestIncome": "None", "interestExpense": "15000000", "nonInterestIncome": "None", "otherNonOperatingIncome": "18000000", "depreciation": "None", "depreciationAndAmortization": "178000000", "incomeBeforeTax": "1114000000", "incomeTaxExpense": "272000000", "interestAndDebtExpense": "None", "netIncomeFromContinuingOperations": "842000000", "comprehensiveIncomeNetOfTax": "None", "ebit": "1111000000", "ebitda": "1289000000", "netIncome": "842000000"}, {"fiscalDateEnding": "2016-08-31", "reportedCurrency": "USD", "grossProfit": "4123000000", "totalRevenue": "9061000000", "costOfRevenue": "4938000000", "costofGoodsAndServicesSold": "4938000000", "operatingIncome": "1226000000", "sellingGeneralAndAdministrative": "1856000000", "researchAndDevelopment": "0", "operatingExpenses": "2897000000", "investmentIncomeNet": "None", "netInterestIncome": "None", "interestIncome": "None", "interestExpense": "7000000", "nonInterestIncome": "None", "otherNonOperatingIncome": "62000000", "depreciation": "None", "depreciationAndAmortization": "180000000", "incomeBeforeTax": "1281000000", "incomeTaxExpense": "32000000", "interestAndDebtExpense": "None", "netIncomeFromContinuingOperations": "1249000000", "comprehensiveIncomeNetOfTax": "None", "ebit": "1226000000", "ebitda": "1406000000", "netIncome": "1249000000"}, {"fiscalDateEnding": "2016-05-31", "reportedCurrency": "USD", "grossProfit": "3786000000", "totalRevenue": "8244000000", "costOfRevenue": "4458000000", "costofGoodsAndServicesSold": "4458000000", "operatingIncome": "1073000000", "sellingGeneralAndAdministrative": "1893000000", "researchAndDevelopment": "0", "operatingExpenses": "2766000000", "investmentIncomeNet": "None", "netInterestIncome": "None", "interestIncome": "None", "interestExpense": "5000000", "nonInterestIncome": "None", "otherNonOperatingIncome": "58000000", "depreciation": "None", "depreciationAndAmortization": "163000000", "incomeBeforeTax": "1073000000", "incomeTaxExpense": "227000000", "interestAndDebtExpense": "None", "netIncomeFromContinuingOperations": "846000000", "comprehensiveIncomeNetOfTax": "None", "ebit": "1020000000", "ebitda": "1183000000", "netIncome": "846000000"}, {"fiscalDateEnding": "2016-02-29", "reportedCurrency": "USD", "grossProfit": "3689000000", "totalRevenue": "8032000000", "costOfRevenue": "4343000000", "costofGoodsAndServicesSold": "4343000000", "operatingIncome": "1135000000", "sellingGeneralAndAdministrative": "1762000000", "researchAndDevelopment": "0", "operatingExpenses": "2566000000", "investmentIncomeNet": "None", "netInterestIncome": "None", "interestIncome": "None", "interestExpense": "5000000", "nonInterestIncome": "None", "otherNonOperatingIncome": "17000000", "depreciation": "None", "depreciationAndAmortization": "177000000", "incomeBeforeTax": "1135000000", "incomeTaxExpense": "185000000", "interestAndDebtExpense": "None", "netIncomeFromContinuingOperations": "950000000", "comprehensiveIncomeNetOfTax": "None", "ebit": "1123000000", "ebitda": "1300000000", "netIncome": "950000000"}, {"fiscalDateEnding": "2015-11-30", "reportedCurrency": "USD", "grossProfit": "3501000000", "totalRevenue": "7686000000", "costOfRevenue": "4185000000", "costofGoodsAndServicesSold": "4185000000", "operatingIncome": "970000000", "sellingGeneralAndAdministrative": "1791000000", "researchAndDevelopment": "0", "operatingExpenses": "2560000000", "investmentIncomeNet": "None", "netInterestIncome": "None", "interestIncome": "None", "interestExpense": "5000000", "nonInterestIncome": "None", "otherNonOperatingIncome": "34000000", "depreciation": "None", "depreciationAndAmortization": "157000000", "incomeBeforeTax": "970000000", "incomeTaxExpense": "185000000", "interestAndDebtExpense": "None", "netIncomeFromContinuingOperations": "785000000", "comprehensiveIncomeNetOfTax": "None", "ebit": "941000000", "ebitda": "1098000000", "netIncome": "785000000"}, {"fiscalDateEnding": "2015-08-31", "reportedCurrency": "USD", "grossProfit": "3995000000", "totalRevenue": "8414000000", "costOfRevenue": "4419000000", "costofGoodsAndServicesSold": "4419000000", "operatingIncome": "1445000000", "sellingGeneralAndAdministrative": "1745000000", "researchAndDevelopment": "0", "operatingExpenses": "2577000000", "investmentIncomeNet": "None", "netInterestIncome": "None", "interestIncome": "None", "interestExpense": "4000000", "nonInterestIncome": "None", "otherNonOperatingIncome": "31000000", "depreciation": "None", "depreciationAndAmortization": "165000000", "incomeBeforeTax": "1445000000", "incomeTaxExpense": "266000000", "interestAndDebtExpense": "None", "netIncomeFromContinuingOperations": "1179000000", "comprehensiveIncomeNetOfTax": "None", "ebit": "1418000000", "ebitda": "1583000000", "netIncome": "1179000000"}, {"fiscalDateEnding": "2015-05-31", "reportedCurrency": "USD", "grossProfit": "3593000000", "totalRevenue": "7779000000", "costOfRevenue": "4186000000", "costofGoodsAndServicesSold": "4186000000", "operatingIncome": "1052000000", "sellingGeneralAndAdministrative": "1776000000", "researchAndDevelopment": "0", "operatingExpenses": "2595000000", "investmentIncomeNet": "None", "netInterestIncome": "None", "interestIncome": "None", "interestExpense": "4000000", "nonInterestIncome": "None", "otherNonOperatingIncome": "58000000", "depreciation": "None", "depreciationAndAmortization": "168000000", "incomeBeforeTax": "1052000000", "incomeTaxExpense": "187000000", "interestAndDebtExpense": "None", "netIncomeFromContinuingOperations": "865000000", "comprehensiveIncomeNetOfTax": "None", "ebit": "998000000", "ebitda": "1166000000", "netIncome": "865000000"}, {"fiscalDateEnding": "2015-02-28", "reportedCurrency": "USD", "grossProfit": "3426000000", "totalRevenue": "7460000000", "costOfRevenue": "4034000000", "costofGoodsAndServicesSold": "4034000000", "operatingIncome": "1046000000", "sellingGeneralAndAdministrative": "1648000000", "researchAndDevelopment": "0", "operatingExpenses": "2379000000", "investmentIncomeNet": "None", "netInterestIncome": "None", "interestIncome": "None", "interestExpense": "6000000", "nonInterestIncome": "None", "otherNonOperatingIncome": "5000000", "depreciation": "None", "depreciationAndAmortization": "165000000", "incomeBeforeTax": "1046000000", "incomeTaxExpense": "255000000", "interestAndDebtExpense": "None", "netIncomeFromContinuingOperations": "791000000", "comprehensiveIncomeNetOfTax": "None", "ebit": "1047000000", "ebitda": "1212000000", "netIncome": "791000000"}, {"fiscalDateEnding": "2014-11-30", "reportedCurrency": "USD", "grossProfit": "3327000000", "totalRevenue": "7380000000", "costOfRevenue": "4053000000", "costofGoodsAndServicesSold": "4053000000", "operatingIncome": "889000000", "sellingGeneralAndAdministrative": "1672000000", "researchAndDevelopment": "0", "operatingExpenses": "2438000000", "investmentIncomeNet": "None", "netInterestIncome": "None", "interestIncome": "None", "interestExpense": "9000000", "nonInterestIncome": "None", "otherNonOperatingIncome": "-2000000", "depreciation": "None", "depreciationAndAmortization": "161000000", "incomeBeforeTax": "878000000", "incomeTaxExpense": "223000000", "interestAndDebtExpense": "None", "netIncomeFromContinuingOperations": "655000000", "comprehensiveIncomeNetOfTax": "None", "ebit": "889000000", "ebitda": "1050000000", "netIncome": "655000000"}, {"fiscalDateEnding": "2014-08-31", "reportedCurrency": "USD", "grossProfit": "3721000000", "totalRevenue": "7982000000", "costOfRevenue": "4261000000", "costofGoodsAndServicesSold": "4261000000", "operatingIncome": "1229000000", "sellingGeneralAndAdministrative": "1583000000", "researchAndDevelopment": "0", "operatingExpenses": "2480000000", "investmentIncomeNet": "None", "netInterestIncome": "None", "interestIncome": "None", "interestExpense": "9000000", "nonInterestIncome": "None", "otherNonOperatingIncome": "-3000000", "depreciation": "None", "depreciationAndAmortization": "155000000", "incomeBeforeTax": "1229000000", "incomeTaxExpense": "267000000", "interestAndDebtExpense": "None", "netIncomeFromContinuingOperations": "962000000", "comprehensiveIncomeNetOfTax": "None", "ebit": "1241000000", "ebitda": "1396000000", "netIncome": "962000000"}, {"fiscalDateEnding": "2014-05-31", "reportedCurrency": "USD", "grossProfit": "3385000000", "totalRevenue": "7425000000", "costOfRevenue": "4040000000", "costofGoodsAndServicesSold": "4040000000", "operatingIncome": "904000000", "sellingGeneralAndAdministrative": "1572000000", "researchAndDevelopment": "0", "operatingExpenses": "2448000000", "investmentIncomeNet": "None", "netInterestIncome": "None", "interestIncome": "None", "interestExpense": "8000000", "nonInterestIncome": "None", "otherNonOperatingIncome": "-17000000", "depreciation": "None", "depreciationAndAmortization": "152000000", "incomeBeforeTax": "912000000", "incomeTaxExpense": "214000000", "interestAndDebtExpense": "None", "netIncomeFromContinuingOperations": "691000000", "comprehensiveIncomeNetOfTax": "None", "ebit": "929000000", "ebitda": "1081000000", "netIncome": "698000000"}, {"fiscalDateEnding": "2014-02-28", "reportedCurrency": "USD", "grossProfit": "3103000000", "totalRevenue": "6972000000", "costOfRevenue": "3869000000", "costofGoodsAndServicesSold": "3869000000", "operatingIncome": "883000000", "sellingGeneralAndAdministrative": "1433000000", "researchAndDevelopment": "0", "operatingExpenses": "2166000000", "investmentIncomeNet": "None", "netInterestIncome": "None", "interestIncome": "None", "interestExpense": "9000000", "nonInterestIncome": "None", "otherNonOperatingIncome": "-45000000", "depreciation": "None", "depreciationAndAmortization": "134000000", "incomeBeforeTax": "883000000", "incomeTaxExpense": "198000000", "interestAndDebtExpense": "None", "netIncomeFromContinuingOperations": "685000000", "comprehensiveIncomeNetOfTax": "None", "ebit": "934000000", "ebitda": "1068000000", "netIncome": "685000000"}, {"fiscalDateEnding": "2013-11-30", "reportedCurrency": "USD", "grossProfit": "2826000000", "totalRevenue": "6431000000", "costOfRevenue": "3605000000", "costofGoodsAndServicesSold": "3605000000", "operatingIncome": "717000000", "sellingGeneralAndAdministrative": "1397000000", "researchAndDevelopment": "0", "operatingExpenses": "2088000000", "investmentIncomeNet": "None", "netInterestIncome": "None", "interestIncome": "None", "interestExpense": "8000000", "nonInterestIncome": "None", "otherNonOperatingIncome": "-13000000", "depreciation": "None", "depreciationAndAmortization": "145000000", "incomeBeforeTax": "717000000", "incomeTaxExpense": "180000000", "interestAndDebtExpense": "None", "netIncomeFromContinuingOperations": "537000000", "comprehensiveIncomeNetOfTax": "None", "ebit": "735000000", "ebitda": "880000000", "netIncome": "537000000"}, {"fiscalDateEnding": "2013-08-31", "reportedCurrency": "USD", "grossProfit": "3132000000", "totalRevenue": "6971000000", "costOfRevenue": "3839000000", "costofGoodsAndServicesSold": "3839000000", "operatingIncome": "1040000000", "sellingGeneralAndAdministrative": "1325000000", "researchAndDevelopment": "0", "operatingExpenses": "2056000000", "investmentIncomeNet": "None", "netInterestIncome": "None", "interestIncome": "None", "interestExpense": "8000000", "nonInterestIncome": "None", "otherNonOperatingIncome": "-28000000", "depreciation": "None", "depreciationAndAmortization": "152000000", "incomeBeforeTax": "1040000000", "incomeTaxExpense": "260000000", "interestAndDebtExpense": "None", "netIncomeFromContinuingOperations": "780000000", "comprehensiveIncomeNetOfTax": "None", "ebit": "1074000000", "ebitda": "1226000000", "netIncome": "780000000"}, {"fiscalDateEnding": "2013-05-31", "reportedCurrency": "USD", "grossProfit": "2940000000", "totalRevenue": "6697000000", "costOfRevenue": "3757000000", "costofGoodsAndServicesSold": "3757000000", "operatingIncome": "874000000", "sellingGeneralAndAdministrative": "1380000000", "researchAndDevelopment": "0", "operatingExpenses": "2022000000", "investmentIncomeNet": "None", "netInterestIncome": "None", "interestIncome": "None", "interestExpense": "3000000", "nonInterestIncome": "None", "otherNonOperatingIncome": "-14000000", "depreciation": "None", "depreciationAndAmortization": "154000000", "incomeBeforeTax": "902000000", "incomeTaxExpense": "206000000", "interestAndDebtExpense": "None", "netIncomeFromContinuingOperations": "714000000", "comprehensiveIncomeNetOfTax": "None", "ebit": "918000000", "ebitda": "1072000000", "netIncome": "668000000"}, {"fiscalDateEnding": "2013-02-28", "reportedCurrency": "USD", "grossProfit": "2736000000", "totalRevenue": "6187000000", "costOfRevenue": "3451000000", "costofGoodsAndServicesSold": "3451000000", "operatingIncome": "1062000000", "sellingGeneralAndAdministrative": "1244000000", "researchAndDevelopment": "0", "operatingExpenses": "1863000000", "investmentIncomeNet": "None", "netInterestIncome": "None", "interestIncome": "None", "interestExpense": "2000000", "nonInterestIncome": "None", "otherNonOperatingIncome": "-17000000", "depreciation": "None", "depreciationAndAmortization": "93000000", "incomeBeforeTax": "858000000", "incomeTaxExpense": "196000000", "interestAndDebtExpense": "None", "netIncomeFromContinuingOperations": "662000000", "comprehensiveIncomeNetOfTax": "None", "ebit": "873000000", "ebitda": "966000000", "netIncome": "866000000"}, {"fiscalDateEnding": "2012-11-30", "reportedCurrency": "USD", "grossProfit": "2530000000", "totalRevenue": "5955000000", "costOfRevenue": "3425000000", "costofGoodsAndServicesSold": "3425000000", "operatingIncome": "694000000", "sellingGeneralAndAdministrative": "1836000000", "researchAndDevelopment": "0", "operatingExpenses": "1836000000", "investmentIncomeNet": "None", "netInterestIncome": "None", "interestIncome": "None", "interestExpense": "1000000", "nonInterestIncome": "None", "otherNonOperatingIncome": "17000000", "depreciation": "None", "depreciationAndAmortization": "129000000", "incomeBeforeTax": "712000000", "incomeTaxExpense": "191000000", "interestAndDebtExpense": "None", "netIncomeFromContinuingOperations": "521000000", "comprehensiveIncomeNetOfTax": "None", "ebit": "694000000", "ebitda": "823000000", "netIncome": "384000000"}, {"fiscalDateEnding": "2012-08-31", "reportedCurrency": "USD", "grossProfit": "2903000000", "totalRevenue": "6669000000", "costOfRevenue": "3766000000", "costofGoodsAndServicesSold": "3766000000", "operatingIncome": "782000000", "sellingGeneralAndAdministrative": "2153000000", "researchAndDevelopment": "0", "operatingExpenses": "2153000000", "investmentIncomeNet": "None", "netInterestIncome": "None", "interestIncome": "None", "interestExpense": "3000000", "nonInterestIncome": "None", "otherNonOperatingIncome": "29000000", "depreciation": "None", "depreciationAndAmortization": "137000000", "incomeBeforeTax": "782000000", "incomeTaxExpense": "215000000", "interestAndDebtExpense": "None", "netIncomeFromContinuingOperations": "567000000", "comprehensiveIncomeNetOfTax": "None", "ebit": "769000000", "ebitda": "906000000", "netIncome": "567000000"}, {"fiscalDateEnding": "2012-05-31", "reportedCurrency": "USD", "grossProfit": "2767000000", "totalRevenue": "6470000000", "costOfRevenue": "3703000000", "costofGoodsAndServicesSold": "3703000000", "operatingIncome": "743000000", "sellingGeneralAndAdministrative": "1986000000", "researchAndDevelopment": "0", "operatingExpenses": "1986000000", "investmentIncomeNet": "None", "netInterestIncome": "None", "interestIncome": "None", "interestExpense": "6000000", "nonInterestIncome": "None", "otherNonOperatingIncome": "-38000000", "depreciation": "None", "depreciationAndAmortization": "85000000", "incomeBeforeTax": "743000000", "incomeTaxExpense": "194000000", "interestAndDebtExpense": "None", "netIncomeFromContinuingOperations": "549000000", "comprehensiveIncomeNetOfTax": "None", "ebit": "797000000", "ebitda": "882000000", "netIncome": "549000000"}, {"fiscalDateEnding": "2012-02-29", "reportedCurrency": "USD", "grossProfit": "2561000000", "totalRevenue": "5846000000", "costOfRevenue": "3285000000", "costofGoodsAndServicesSold": "3285000000", "operatingIncome": "770000000", "sellingGeneralAndAdministrative": "1802000000", "researchAndDevelopment": "0", "operatingExpenses": "1802000000", "investmentIncomeNet": "None", "netInterestIncome": "None", "interestIncome": "None", "interestExpense": "7000000", "nonInterestIncome": "None", "otherNonOperatingIncome": "11000000", "depreciation": "None", "depreciationAndAmortization": "122000000", "incomeBeforeTax": "770000000", "incomeTaxExpense": "210000000", "interestAndDebtExpense": "None", "netIncomeFromContinuingOperations": "560000000", "comprehensiveIncomeNetOfTax": "None", "ebit": "777000000", "ebitda": "899000000", "netIncome": "560000000"}, {"fiscalDateEnding": "2011-11-30", "reportedCurrency": "USD", "grossProfit": "2450000000", "totalRevenue": "5731000000", "costOfRevenue": "3281000000", "costofGoodsAndServicesSold": "3281000000", "operatingIncome": "621000000", "sellingGeneralAndAdministrative": "1820000000", "researchAndDevelopment": "0", "operatingExpenses": "1820000000", "investmentIncomeNet": "None", "netInterestIncome": "None", "interestIncome": "None", "interestExpense": "3000000", "nonInterestIncome": "None", "otherNonOperatingIncome": "-9000000", "depreciation": "None", "depreciationAndAmortization": "87000000", "incomeBeforeTax": "618000000", "incomeTaxExpense": "149000000", "interestAndDebtExpense": "None", "netIncomeFromContinuingOperations": "469000000", "comprehensiveIncomeNetOfTax": "None", "ebit": "645000000", "ebitda": "732000000", "netIncome": "469000000"}, {"fiscalDateEnding": "2011-08-31", "reportedCurrency": "USD", "grossProfit": "2693000000", "totalRevenue": "6081000000", "costOfRevenue": "3388000000", "costofGoodsAndServicesSold": "3388000000", "operatingIncome": "852000000", "sellingGeneralAndAdministrative": "1823000000", "researchAndDevelopment": "0", "operatingExpenses": "1823000000", "investmentIncomeNet": "None", "netInterestIncome": "None", "interestIncome": "None", "interestExpense": "8000000", "nonInterestIncome": "None", "otherNonOperatingIncome": "-18000000", "depreciation": "None", "depreciationAndAmortization": "111000000", "incomeBeforeTax": "852000000", "incomeTaxExpense": "207000000", "interestAndDebtExpense": "None", "netIncomeFromContinuingOperations": "645000000", "comprehensiveIncomeNetOfTax": "None", "ebit": "870000000", "ebitda": "981000000", "netIncome": "645000000"}, {"fiscalDateEnding": "2011-05-31", "reportedCurrency": "USD", "grossProfit": "2554000000", "totalRevenue": "5766000000", "costOfRevenue": "3212000000", "costofGoodsAndServicesSold": "3212000000", "operatingIncome": "782000000", "sellingGeneralAndAdministrative": "1772000000", "researchAndDevelopment": "0", "operatingExpenses": "1772000000", "investmentIncomeNet": "None", "netInterestIncome": "None", "interestIncome": "None", "interestExpense": "4000000", "nonInterestIncome": "None", "otherNonOperatingIncome": "None", "depreciation": "None", "depreciationAndAmortization": "98000000", "incomeBeforeTax": "773000000", "incomeTaxExpense": "179000000", "interestAndDebtExpense": "None", "netIncomeFromContinuingOperations": "594000000", "comprehensiveIncomeNetOfTax": "None", "ebit": "815000000", "ebitda": "913000000", "netIncome": "594000000"}, {"fiscalDateEnding": "2011-02-28", "reportedCurrency": "USD", "grossProfit": "2327000000", "totalRevenue": "5079000000", "costOfRevenue": "2752000000", "costofGoodsAndServicesSold": "2752000000", "operatingIncome": "707000000", "sellingGeneralAndAdministrative": "1637000000", "researchAndDevelopment": "0", "operatingExpenses": "1637000000", "investmentIncomeNet": "None", "netInterestIncome": "None", "interestIncome": "None", "interestExpense": "7000000", "nonInterestIncome": "None", "otherNonOperatingIncome": "None", "depreciation": "None", "depreciationAndAmortization": "85000000", "incomeBeforeTax": "707000000", "incomeTaxExpense": "184000000", "interestAndDebtExpense": "None", "netIncomeFromContinuingOperations": "523000000", "comprehensiveIncomeNetOfTax": "None", "ebit": "707000000", "ebitda": "792000000", "netIncome": "523000000"}, {"fiscalDateEnding": "2010-11-30", "reportedCurrency": "USD", "grossProfit": "2193000000", "totalRevenue": "4842000000", "costOfRevenue": "2649000000", "costofGoodsAndServicesSold": "2649000000", "operatingIncome": "610000000", "sellingGeneralAndAdministrative": "1611000000", "researchAndDevelopment": "0", "operatingExpenses": "1611000000", "investmentIncomeNet": "None", "netInterestIncome": "None", "interestIncome": "None", "interestExpense": "1000000", "nonInterestIncome": "None", "otherNonOperatingIncome": "None", "depreciation": "None", "depreciationAndAmortization": "113000000", "incomeBeforeTax": "609000000", "incomeTaxExpense": "152000000", "interestAndDebtExpense": "None", "netIncomeFromContinuingOperations": "457000000", "comprehensiveIncomeNetOfTax": "None", "ebit": "610000000", "ebitda": "723000000", "netIncome": "457000000"}, {"fiscalDateEnding": "2010-08-31", "reportedCurrency": "USD", "grossProfit": "2434000000", "totalRevenue": "5175000000", "costOfRevenue": "2741000000", "costofGoodsAndServicesSold": "2741000000", "operatingIncome": "755000000", "sellingGeneralAndAdministrative": "1673000000", "researchAndDevelopment": "0", "operatingExpenses": "1673000000", "investmentIncomeNet": "None", "netInterestIncome": "None", "interestIncome": "None", "interestExpense": "1000000", "nonInterestIncome": "None", "otherNonOperatingIncome": "None", "depreciation": "None", "depreciationAndAmortization": "62000000", "incomeBeforeTax": "755000000", "incomeTaxExpense": "196000000", "interestAndDebtExpense": "None", "netIncomeFromContinuingOperations": "559000000", "comprehensiveIncomeNetOfTax": "None", "ebit": "761000000", "ebitda": "823000000", "netIncome": "559000000"}, {"fiscalDateEnding": "2010-05-31", "reportedCurrency": "USD", "grossProfit": "2406200000", "totalRevenue": "5076900000", "costOfRevenue": "2670700000", "costofGoodsAndServicesSold": "2670700000", "operatingIncome": "682800000", "sellingGeneralAndAdministrative": "1737900000", "researchAndDevelopment": "0", "operatingExpenses": "1737900000", "investmentIncomeNet": "None", "netInterestIncome": "None", "interestIncome": "None", "interestExpense": "8300000", "nonInterestIncome": "None", "otherNonOperatingIncome": "None", "depreciation": "None", "depreciationAndAmortization": "133200000", "incomeBeforeTax": "682800000", "incomeTaxExpense": "160900000", "interestAndDebtExpense": "None", "netIncomeFromContinuingOperations": "521900000", "comprehensiveIncomeNetOfTax": "None", "ebit": "668300000", "ebitda": "801500000", "netIncome": "521900000"}, {"fiscalDateEnding": "2010-02-28", "reportedCurrency": "USD", "grossProfit": "2218000000", "totalRevenue": "4733000000", "costOfRevenue": "2515000000", "costofGoodsAndServicesSold": "2515000000", "operatingIncome": "661900000", "sellingGeneralAndAdministrative": "1563800000", "researchAndDevelopment": "0", "operatingExpenses": "1563800000", "investmentIncomeNet": "None", "netInterestIncome": "None", "interestIncome": "None", "interestExpense": "900000", "nonInterestIncome": "None", "otherNonOperatingIncome": "None", "depreciation": "None", "depreciationAndAmortization": "87000000", "incomeBeforeTax": "661900000", "incomeTaxExpense": "165500000", "interestAndDebtExpense": "None", "netIncomeFromContinuingOperations": "496400000", "comprehensiveIncomeNetOfTax": "None", "ebit": "655000000", "ebitda": "742000000", "netIncome": "496400000"}, {"fiscalDateEnding": "2009-11-30", "reportedCurrency": "USD", "grossProfit": "1960700000", "totalRevenue": "4405600000", "costOfRevenue": "2444900000", "costofGoodsAndServicesSold": "2444900000", "operatingIncome": "491000000", "sellingGeneralAndAdministrative": "1478600000", "researchAndDevelopment": "0", "operatingExpenses": "1478600000", "investmentIncomeNet": "None", "netInterestIncome": "None", "interestIncome": "None", "interestExpense": "2000000", "nonInterestIncome": "None", "otherNonOperatingIncome": "None", "depreciation": "None", "depreciationAndAmortization": "94000000", "incomeBeforeTax": "491000000", "incomeTaxExpense": "115600000", "interestAndDebtExpense": "None", "netIncomeFromContinuingOperations": "375400000", "comprehensiveIncomeNetOfTax": "None", "ebit": "493000000", "ebitda": "587000000", "netIncome": "375400000"}, {"fiscalDateEnding": "2009-08-31", "reportedCurrency": "USD", "grossProfit": "2215500000", "totalRevenue": "4798500000", "costOfRevenue": "2583000000", "costofGoodsAndServicesSold": "2583000000", "operatingIncome": "681200000", "sellingGeneralAndAdministrative": "1546100000", "researchAndDevelopment": "0", "operatingExpenses": "1546100000", "investmentIncomeNet": "None", "netInterestIncome": "None", "interestIncome": "None", "interestExpense": "1300000", "nonInterestIncome": "None", "otherNonOperatingIncome": "None", "depreciation": "None", "depreciationAndAmortization": "81000000", "incomeBeforeTax": "681200000", "incomeTaxExpense": "168200000", "interestAndDebtExpense": "None", "netIncomeFromContinuingOperations": "513000000", "comprehensiveIncomeNetOfTax": "None", "ebit": "670000000", "ebitda": "751000000", "netIncome": "513000000"}, {"fiscalDateEnding": "2009-05-31", "reportedCurrency": "USD", "grossProfit": "2043800000", "totalRevenue": "4713000000", "costOfRevenue": "2669200000", "costofGoodsAndServicesSold": "2669200000", "operatingIncome": "649500000", "sellingGeneralAndAdministrative": "1394300000", "researchAndDevelopment": "0", "operatingExpenses": "1394300000", "investmentIncomeNet": "None", "netInterestIncome": "None", "interestIncome": "None", "interestExpense": "3000000", "nonInterestIncome": "None", "otherNonOperatingIncome": "None", "depreciation": "None", "depreciationAndAmortization": "128500000", "incomeBeforeTax": "486300000", "incomeTaxExpense": "144900000", "interestAndDebtExpense": "None", "netIncomeFromContinuingOperations": "0", "comprehensiveIncomeNetOfTax": "None", "ebit": "649500000", "ebitda": "778000000", "netIncome": "341400000"}, {"fiscalDateEnding": "2009-02-28", "reportedCurrency": "USD", "grossProfit": "1948500000", "totalRevenue": "4440800000", "costOfRevenue": "2492300000", "costofGoodsAndServicesSold": "2492300000", "operatingIncome": "235400000", "sellingGeneralAndAdministrative": "1352100000", "researchAndDevelopment": "0", "operatingExpenses": "1352100000", "investmentIncomeNet": "None", "netInterestIncome": "None", "interestIncome": "None", "interestExpense": "3000000", "nonInterestIncome": "None", "otherNonOperatingIncome": "None", "depreciation": "None", "depreciationAndAmortization": "79900000", "incomeBeforeTax": "235400000", "incomeTaxExpense": "-8400000", "interestAndDebtExpense": "None", "netIncomeFromContinuingOperations": "0", "comprehensiveIncomeNetOfTax": "None", "ebit": "596400000", "ebitda": "676300000", "netIncome": "243800000"}, {"fiscalDateEnding": "2008-11-30", "reportedCurrency": "USD", "grossProfit": "2050000000", "totalRevenue": "4590100000", "costOfRevenue": "2540100000", "costofGoodsAndServicesSold": "2540100000", "operatingIncome": "520600000", "sellingGeneralAndAdministrative": "1546800000", "researchAndDevelopment": "0", "operatingExpenses": "1546800000", "investmentIncomeNet": "None", "netInterestIncome": "None", "interestIncome": "None", "interestExpense": "0", "nonInterestIncome": "None", "otherNonOperatingIncome": "None", "depreciation": "None", "depreciationAndAmortization": "89600000", "incomeBeforeTax": "520600000", "incomeTaxExpense": "129600000", "interestAndDebtExpense": "None", "netIncomeFromContinuingOperations": "0", "comprehensiveIncomeNetOfTax": "None", "ebit": "503200000", "ebitda": "592800000", "netIncome": "391000000"}, {"fiscalDateEnding": "2008-08-31", "reportedCurrency": "USD", "grossProfit": "2562100000", "totalRevenue": "5432200000", "costOfRevenue": "2870100000", "costofGoodsAndServicesSold": "2870100000", "operatingIncome": "714200000", "sellingGeneralAndAdministrative": "1856400000", "researchAndDevelopment": "0", "operatingExpenses": "1856400000", "investmentIncomeNet": "None", "netInterestIncome": "None", "interestIncome": "None", "interestExpense": "0", "nonInterestIncome": "None", "otherNonOperatingIncome": "None", "depreciation": "None", "depreciationAndAmortization": "85300000", "incomeBeforeTax": "714200000", "incomeTaxExpense": "203700000", "interestAndDebtExpense": "None", "netIncomeFromContinuingOperations": "0", "comprehensiveIncomeNetOfTax": "None", "ebit": "705700000", "ebitda": "791000000", "netIncome": "510500000"}, {"fiscalDateEnding": "2008-05-31", "reportedCurrency": "USD", "grossProfit": "2331400000", "totalRevenue": "5088000000", "costOfRevenue": "2756600000", "costofGoodsAndServicesSold": "2756600000", "operatingIncome": "648300000", "sellingGeneralAndAdministrative": "1686300000", "researchAndDevelopment": "0", "operatingExpenses": "1686300000", "investmentIncomeNet": "None", "netInterestIncome": "None", "interestIncome": "None", "interestExpense": "38700000", "nonInterestIncome": "None", "otherNonOperatingIncome": "None", "depreciation": "None", "depreciationAndAmortization": "72600000", "incomeBeforeTax": "648300000", "incomeTaxExpense": "157800000", "interestAndDebtExpense": "None", "netIncomeFromContinuingOperations": "0", "comprehensiveIncomeNetOfTax": "None", "ebit": "645100000", "ebitda": "717700000", "netIncome": "490500000"}, {"fiscalDateEnding": "2008-02-29", "reportedCurrency": "USD", "grossProfit": "2047900000", "totalRevenue": "4544400000", "costOfRevenue": "2496500000", "costofGoodsAndServicesSold": "2496500000", "operatingIncome": "639400000", "sellingGeneralAndAdministrative": "1403200000", "researchAndDevelopment": "0", "operatingExpenses": "1403200000", "investmentIncomeNet": "None", "netInterestIncome": "None", "interestIncome": "None", "interestExpense": "0", "nonInterestIncome": "None", "otherNonOperatingIncome": "None", "depreciation": "None", "depreciationAndAmortization": "91500000", "incomeBeforeTax": "668700000", "incomeTaxExpense": "204900000", "interestAndDebtExpense": "None", "netIncomeFromContinuingOperations": "0", "comprehensiveIncomeNetOfTax": "None", "ebit": "644700000", "ebitda": "736200000", "netIncome": "463800000"}, {"fiscalDateEnding": "2007-11-30", "reportedCurrency": "USD", "grossProfit": "1921100000", "totalRevenue": "4339500000", "costOfRevenue": "2418400000", "costofGoodsAndServicesSold": "2418400000", "operatingIncome": "668700000", "sellingGeneralAndAdministrative": "1403200000", "researchAndDevelopment": "0", "operatingExpenses": "1429500000", "investmentIncomeNet": "None", "netInterestIncome": "None", "interestIncome": "None", "interestExpense": "0", "nonInterestIncome": "None", "otherNonOperatingIncome": "None", "depreciation": "None", "depreciationAndAmortization": "85800000", "incomeBeforeTax": "515600000", "incomeTaxExpense": "156200000", "interestAndDebtExpense": "None", "netIncomeFromContinuingOperations": "0", "comprehensiveIncomeNetOfTax": "None", "ebit": "491600000", "ebitda": "577400000", "netIncome": "359400000"}, {"fiscalDateEnding": "2007-08-31", "reportedCurrency": "USD", "grossProfit": "2087000000", "totalRevenue": "4655100000", "costOfRevenue": "2568100000", "costofGoodsAndServicesSold": "2568100000", "operatingIncome": "670300000", "sellingGeneralAndAdministrative": "1434700000", "researchAndDevelopment": "0", "operatingExpenses": "1434700000", "investmentIncomeNet": "None", "netInterestIncome": "None", "interestIncome": "None", "interestExpense": "0", "nonInterestIncome": "None", "otherNonOperatingIncome": "None", "depreciation": "None", "depreciationAndAmortization": "71600000", "incomeBeforeTax": "670300000", "incomeTaxExpense": "100600000", "interestAndDebtExpense": "None", "netIncomeFromContinuingOperations": "0", "comprehensiveIncomeNetOfTax": "None", "ebit": "652300000", "ebitda": "723900000", "netIncome": "569700000"}, {"fiscalDateEnding": "2007-05-31", "reportedCurrency": "USD", "grossProfit": "1919000000", "totalRevenue": "4383200000", "costOfRevenue": "2464200000", "costofGoodsAndServicesSold": "2464200000", "operatingIncome": "658800000", "sellingGeneralAndAdministrative": "1272000000", "researchAndDevelopment": "0", "operatingExpenses": "1272000000", "investmentIncomeNet": "None", "netInterestIncome": "None", "interestIncome": "None", "interestExpense": "5600000", "nonInterestIncome": "None", "otherNonOperatingIncome": "None", "depreciation": "None", "depreciationAndAmortization": "81000000", "incomeBeforeTax": "658800000", "incomeTaxExpense": "220900000", "interestAndDebtExpense": "None", "netIncomeFromContinuingOperations": "0", "comprehensiveIncomeNetOfTax": "None", "ebit": "647000000", "ebitda": "728000000", "netIncome": "437900000"}, {"fiscalDateEnding": "2007-02-28", "reportedCurrency": "USD", "grossProfit": "1735200000", "totalRevenue": "3926900000", "costOfRevenue": "2191700000", "costofGoodsAndServicesSold": "2191700000", "operatingIncome": "481600000", "sellingGeneralAndAdministrative": "1243300000", "researchAndDevelopment": "0", "operatingExpenses": "1243300000", "investmentIncomeNet": "None", "netInterestIncome": "None", "interestIncome": "None", "interestExpense": "15800000", "nonInterestIncome": "None", "otherNonOperatingIncome": "None", "depreciation": "None", "depreciationAndAmortization": "46900000", "incomeBeforeTax": "518000000", "incomeTaxExpense": "167200000", "interestAndDebtExpense": "None", "netIncomeFromContinuingOperations": "0", "comprehensiveIncomeNetOfTax": "None", "ebit": "491900000", "ebitda": "538800000", "netIncome": "350800000"}, {"fiscalDateEnding": "2006-11-30", "reportedCurrency": "USD", "grossProfit": "1657100000", "totalRevenue": "3821700000", "costOfRevenue": "2164600000", "costofGoodsAndServicesSold": "2164600000", "operatingIncome": "518000000", "sellingGeneralAndAdministrative": "1243300000", "researchAndDevelopment": "0", "operatingExpenses": "1223700000", "investmentIncomeNet": "None", "netInterestIncome": "None", "interestIncome": "None", "interestExpense": "13000000", "nonInterestIncome": "None", "otherNonOperatingIncome": "None", "depreciation": "None", "depreciationAndAmortization": "68300000", "incomeBeforeTax": "447300000", "incomeTaxExpense": "121700000", "interestAndDebtExpense": "None", "netIncomeFromContinuingOperations": "0", "comprehensiveIncomeNetOfTax": "None", "ebit": "433400000", "ebitda": "501700000", "netIncome": "325600000"}, {"fiscalDateEnding": "2006-08-31", "reportedCurrency": "USD", "grossProfit": "1849200000", "totalRevenue": "4194100000", "costOfRevenue": "2344900000", "costofGoodsAndServicesSold": "2344900000", "operatingIncome": "447300000", "sellingGeneralAndAdministrative": "1223700000", "researchAndDevelopment": "0", "operatingExpenses": "1289700000", "investmentIncomeNet": "None", "netInterestIncome": "None", "interestIncome": "None", "interestExpense": "15300000", "nonInterestIncome": "None", "otherNonOperatingIncome": "None", "depreciation": "None", "depreciationAndAmortization": "74000000", "incomeBeforeTax": "575800000", "incomeTaxExpense": "198600000", "interestAndDebtExpense": "None", "netIncomeFromContinuingOperations": "0", "comprehensiveIncomeNetOfTax": "None", "ebit": "559500000", "ebitda": "633500000", "netIncome": "377200000"}, {"fiscalDateEnding": "2006-05-31", "reportedCurrency": "USD", "grossProfit": "1753400000", "totalRevenue": "4005400000", "costOfRevenue": "2252000000", "costofGoodsAndServicesSold": "2252000000", "operatingIncome": "511200000", "sellingGeneralAndAdministrative": "1232100000", "researchAndDevelopment": "0", "operatingExpenses": "1232100000", "investmentIncomeNet": "None", "netInterestIncome": "None", "interestIncome": "None", "interestExpense": "36800000", "nonInterestIncome": "None", "otherNonOperatingIncome": "None", "depreciation": "None", "depreciationAndAmortization": "57200000", "incomeBeforeTax": "511200000", "incomeTaxExpense": "178400000", "interestAndDebtExpense": "None", "netIncomeFromContinuingOperations": "0", "comprehensiveIncomeNetOfTax": "None", "ebit": "521300000", "ebitda": "578500000", "netIncome": "332800000"}, {"fiscalDateEnding": "2006-02-28", "reportedCurrency": "USD", "grossProfit": "1574100000", "totalRevenue": "3612800000", "costOfRevenue": "2038700000", "costofGoodsAndServicesSold": "2038700000", "operatingIncome": "476800000", "sellingGeneralAndAdministrative": "1086600000", "researchAndDevelopment": "0", "operatingExpenses": "1086600000", "investmentIncomeNet": "None", "netInterestIncome": "None", "interestIncome": "None", "interestExpense": "12100000", "nonInterestIncome": "None", "otherNonOperatingIncome": "None", "depreciation": "None", "depreciationAndAmortization": "90600000", "incomeBeforeTax": "506600000", "incomeTaxExpense": "180800000", "interestAndDebtExpense": "None", "netIncomeFromContinuingOperations": "0", "comprehensiveIncomeNetOfTax": "None", "ebit": "487500000", "ebitda": "578100000", "netIncome": "325800000"}, {"fiscalDateEnding": "2005-11-30", "reportedCurrency": "USD", "grossProfit": "1511400000", "totalRevenue": "3474700000", "costOfRevenue": "1963300000", "costofGoodsAndServicesSold": "1963300000", "operatingIncome": "506600000", "sellingGeneralAndAdministrative": "1086600000", "researchAndDevelopment": "0", "operatingExpenses": "1054700000", "investmentIncomeNet": "None", "netInterestIncome": "None", "interestIncome": "None", "interestExpense": "12900000", "nonInterestIncome": "None", "otherNonOperatingIncome": "None", "depreciation": "None", "depreciationAndAmortization": "73500000", "incomeBeforeTax": "463800000", "incomeTaxExpense": "162700000", "interestAndDebtExpense": "None", "netIncomeFromContinuingOperations": "0", "comprehensiveIncomeNetOfTax": "None", "ebit": "456700000", "ebitda": "530200000", "netIncome": "301100000"}, {"fiscalDateEnding": "2005-08-31", "reportedCurrency": "USD", "grossProfit": "1748100000", "totalRevenue": "3862000000", "costOfRevenue": "2113900000", "costofGoodsAndServicesSold": "2113900000", "operatingIncome": "660000000", "sellingGeneralAndAdministrative": "1104400000", "researchAndDevelopment": "0", "operatingExpenses": "1104400000", "investmentIncomeNet": "None", "netInterestIncome": "None", "interestIncome": "None", "interestExpense": "11300000", "nonInterestIncome": "None", "otherNonOperatingIncome": "None", "depreciation": "None", "depreciationAndAmortization": "69600000", "incomeBeforeTax": "660000000", "incomeTaxExpense": "227700000", "interestAndDebtExpense": "None", "netIncomeFromContinuingOperations": "0", "comprehensiveIncomeNetOfTax": "None", "ebit": "643700000", "ebitda": "713300000", "netIncome": "432300000"}, {"fiscalDateEnding": "2005-05-31", "reportedCurrency": "USD", "grossProfit": "1682700000", "totalRevenue": "3721400000", "costOfRevenue": "2038700000", "costofGoodsAndServicesSold": "2038700000", "operatingIncome": "537900000", "sellingGeneralAndAdministrative": "1139200000", "researchAndDevelopment": "0", "operatingExpenses": "1139200000", "investmentIncomeNet": "None", "netInterestIncome": "None", "interestIncome": "None", "interestExpense": "10600000", "nonInterestIncome": "None", "otherNonOperatingIncome": "None", "depreciation": "None", "depreciationAndAmortization": "68300000", "incomeBeforeTax": "537900000", "incomeTaxExpense": "188400000", "interestAndDebtExpense": "None", "netIncomeFromContinuingOperations": "0", "comprehensiveIncomeNetOfTax": "None", "ebit": "543500000", "ebitda": "611800000", "netIncome": "349500000"}, {"fiscalDateEnding": "2005-02-28", "reportedCurrency": "USD", "grossProfit": "1458800000", "totalRevenue": "3308200000", "costOfRevenue": "1849400000", "costofGoodsAndServicesSold": "1849400000", "operatingIncome": "413400000", "sellingGeneralAndAdministrative": "1035700000", "researchAndDevelopment": "0", "operatingExpenses": "1035700000", "investmentIncomeNet": "None", "netInterestIncome": "None", "interestIncome": "None", "interestExpense": "9400000", "nonInterestIncome": "None", "otherNonOperatingIncome": "None", "depreciation": "None", "depreciationAndAmortization": "82000000", "incomeBeforeTax": "413400000", "incomeTaxExpense": "140000000", "interestAndDebtExpense": "None", "netIncomeFromContinuingOperations": "0", "comprehensiveIncomeNetOfTax": "None", "ebit": "423100000", "ebitda": "505100000", "netIncome": "273400000"}]}